3208 4972
789 383 860 454 230

239 575 282 643 rai
313 577 432 661 πότριιι
472 599 533 646 non
571 585 687 667 potest.
743 577 836 665 Apud
871 585 997 645 ueteres
1032 577 1198 660 πατρικός,
1234 577 1361 660 πότριος
1396 578 1431 646 et

238 685 377 765 πατρῷος
409 703 501 750 suain
533 685 682 772 quodque
714 684 860 750 stabilem
893 683 1001 750 sedem
1034 682 1153 750 babent
1185 685 1283 751 certis
1312 683 1431 750 linibus

237 789 538 877 circumscriptam,
576 812 657 878 quos
696 789 774 856 bene
807 789 952 856 indicant
989 790 1221 868 Grammatici,
1257 791 1432 857 Hiemem·

239 913 323 972 riou,
360 895 508 973 Pennus,
541 897 661 964 Sumus.
710 896 855 963 Scriores
887 897 966 962 baec
1002 891 1199 964 confundere
1233 906 1429 984 coeperunt,

236 1019 301 1087 quo
331 999 454 1068 lactum
479 1011 527 1070 est
561 1012 596 1069 ut
619 1003 743 1069 librarii
767 1012 913 1070 veterum
938 1021 1034 1068 usum
1055 1002 1286 1082 obscurarent,
1312 1001 1430 1085 πότρια

237 1106 270 1171 in
297 1109 427 1190 πατρῷα
460 1117 515 1175 aut
538 1120 651 1176 eontra
683 1118 865 1188 mutantes,
900 1119 936 1175 ut
968 1108 1052 1196 apud
1079 1108 1244 1176 lsocmrsn
1271 1109 1303 1174 in
1329 1108 1430 1175 Porre-

234 1213 344 1300 gyrt'co
369 1215 386 1299 §
412 1219 465 1282 25.
490 1213 635 1298 πατρςόων
660 1217 693 1281 in
723 1217 873 1282 omnibus
901 1224 950 1282 esi
975 1236 1032 1302 pto
1057 1217 1213 1297 πατρίων,
1239 1214 1323 1302 quud
1349 1215 1429 1281 Bru-

235 1339 330 1386 sanus
351 1321 510 1400 correxit,
535 1329 567 1388 et
591 1323 638 1388 sic
664 1323 783 1409 passim
806 1323 836 1387 in
859 1318 1050 1388 Oratoribus
1069 1329 1308 1408 peccatumest.
1334 1320 1427 1407 Apud

235 1427 413 1495 Druuacnuu
446 1428 528 1496 drale
561 1429 717 1496 scribitur
748 1429 771 1494 l.
804 1431 900 1514 §ou
932 1437 996 1502 τοῖς
1027 1426 1175 1511 πατρῴοις
1201 1426 1300 1506 νόμοις
1332 1428 1428 1512 599.

234 1535 301 1616 περὶ
325 1541 384 1600 τῶν
405 1537 488 1618 ίεριῖιν
518 1543 578 1603 τῶν
609 1533 755 1615 πατρῴων
787 1533 826 1600 ll.
852 1536 870 1619 §
898 1539 949 1601 17.
973 1537 1000 1601 εί
1032 1535 1100 1617 lapda
1130 1532 1261 1616 πατρῷοί
1285 1533 1347 1602 ism
1370 1552 1430 1620 pro

234 1643 392 1722 πατρίοις,
421 1643 573 1725 πατρίων,
607 1643 738 1725 ποίτρια.
788 1639 824 1706 ln
858 1641 990 1706 Lucumo
1023 1641 1141 1705 iterum
1177 1645 1219 1706 55
1253 1643 1328 1725 §4.
1355 1640 1429 1720 ὑπὲρ

236 1747 382 1829 πατρίδος
413 1747 466 1812 καί
498 1750 581 1829 ἱερῶν
611 1745 758 1830 πατρῴων
789 1747 841 1813 καί
873 1746 984 1830 τοίφων
1015 1752 1198 1828 προγονικῶν
1222 1745 1428 1827 οὶγωνίζεοίαι

236 1852 413 1936 genuinum
446 1859 496 1920 est
528 1855 609 1932 ίερῶν
634 1855 781 1937 πατρίων.
830 1853 865 1918 lu
893 1852 1022 1938 Dialogo
1047 1849 1131 1919 xit.
1159 1854 1176 1937 §
1203 1855 1235 1918 2.
1260 1851 1367 1934 rrplrii
1393 1853 1429 1917 ri

234 1955 374 2037 τόξευμα
406 1958 586 2036 ἐξικνεῖσθαι
626 1976 771 2045 expungo
804 1956 977 2024 articulum
1015 1967 1047 2024 et
1084 1961 1101 2043 §
1130 1964 1161 2026 t.
1198 1958 1429 2040 προσκυνεῖσθαι

237 2063 294 2128 ὑπό
318 2063 505 2131 Μακεδόνων
537 2067 587 2131 ὑπ’
613 2065 772 2147 ίλευόέρων
803 2065 914 2146 ἀνδρῶν
938 2063 1037 2143 ἠξίους
1069 2063 1152 2130 mule
1177 2067 1312 2151 repetita
1338 2083 1429 2151 prau-

236 2171 353 2255 positio
370 2175 440 2249 est,
466 2191 549 2259 quae
574 2173 606 2236 in
628 2173 842 2258 appositione,
863 2172 979 2237 siveea
1000 2170 1163 2257 praecedit
1183 2171 1430 2257 subsequitur,

234 2276 337 2362 repeti
372 2297 549 2365 numquam
584 2285 707 2366 potest;
742 2282 767 2344 si
801 2278 930 2365 quondo
961 2284 1125 2363 coruparet
1157 2277 1188 2342 in
1220 2276 1429 2364 paucissimis

236 2381 429 2467 quibusdam
456 2383 553 2464 locis,
579 2403 678 2471 quum
701 2386 816 2471 ingens
836 2385 879 2450 sit
897 2383 986 2470 copia
1013 2382 1153 2449 locorum
1178 2383 1210 2448 in
1233 2379 1427 2469 quibusnon

234 2496 283 2553 est
319 2497 508 2576 peccatum,
541 2500 688 2557 tenemus
721 2491 901 2558 scribarum
939 2488 1096 2555 fraudem.
1151 2487 1270 2554 Locum
1309 2488 1427 2553 Tauen-

236 2613 317 2660 ntnts
340 2595 393 2662 Vl.
426 2601 479 2663 82.
513 2594 600 2674 ἦλθον
631 2599 694 2680 peip
718 2598 767 2664 ε’πί
793 2597 848 2670 rim
870 2595 1057 2677 perplurium
1079 2595 1132 2678 ἐφ’
1155 2593 1240 2674 ἡμᾶς
1263 2595 1349 2674 μετὰ
1373 2598 1428 2660 τοῦ

235 2701 342 2776 Μείδου
372 2703 425 2768 καί
458 2705 510 2770 οόκ
546 2701 726 2782 ε’τόλμιρυιον
760 2699 935 2776 οὶποτοίντες
968 2701 1012 2768 τό
1043 2703 1140 2768 οίκεῖα
1173 2702 1296 2784 φόείραι
1326 2698 1428 2783 όνπερ

235 2809 324 2886 ἡμεῖς
355 2809 533 2883 ἐκλιπόντες
562 2813 616 2887 τίρν
648 2811 746 2877 πόλιν.
772 2808 909 2875 δουλείαν
940 2807 970 2872 δὲ
1003 2807 1092 2872 αὐτοί
1120 2830 1156 2872 τε
1186 2807 1349 2886 ἐβούλοντο
1373 2808 1427 2873 καί

235 2915 308 2992 ἡμῖν
331 2916 365 2981 τό
397 2917 473 2981 αὐτὸ
506 2920 701 2996 ἐπενεγκεῖν,
734 2913 849 3000 duplex
887 2911 1038 2979 mendum
1072 2911 1234 2999 deturpat.
1282 2911 1430 2998 Namque

234 3020 376 3106 primum
402 3022 452 3087 ε’πί
476 3023 530 3097 airu
558 3021 745 3104 μητρόπολιν
769 3024 853 3100 ἡμᾶς
884 3028 933 3086 est
967 3018 1226 3098 restituendum,
1253 3017 1336 3106 quod
1371 3039 1428 3084 ex-

232 3126 353 3211 quisite
377 3124 500 3192 dictum
526 3129 672 3194 Graeculi
697 3127 774 3192 dum
801 3128 1056 3212 interpretantur
1076 3134 1290 3213 corrumpunt
1311 3133 1344 3192 et
1363 3125 1430 3191 δου-

235 3231 335 3296 λεόειν
359 3251 417 3317 pro
439 3232 597 3310 δουλείαν,
631 3231 714 3321 quod
745 3231 946 3318 adscriptum
978 3231 1084 3298 uerbis
1114 3231 1149 3297 τό
1174 3231 1251 3298 αὐτό
1277 3233 1309 3298 in
1334 3232 1428 3299 verbi

238 3337 334 3403 ricini
368 3336 474 3404 sedem
502 3340 640 3426 irrepsit.
688 3338 807 3406 Eadem
840 3347 888 3405 est
918 3337 984 3405 lere
1008 3340 1091 3403 ratio
1116 3349 1319 3404 caeterorum
1342 3337 1430 3402 ioco-

236 3463 329 3524 rum,
354 3443 407 3509 ubi
432 3445 588 3532 oppositio
613 3447 780 3533 repetitam
806 3444 1073 3532 praepositionem
1099 3442 1227 3510 ridetur
1254 3442 1371 3509 babere
1395 3451 1430 3509 et

235 3534 367 3629 eorrrm',
393 3551 446 3617 ubi
475 3553 660 3639 epexegesis
687 3551 844 3639 quaedam
880 3550 962 3617 male
986 3551 1136 3616 iteratam
1162 3549 1295 3616 eandem
1319 3548 1429 3617 babet.

237 3657 337 3747 Saepe
370 3659 401 3725 in
436 3658 486 3725 bis
519 3676 575 3726 nos
607 3652 816 3724 ludificantur
846 3656 1056 3734 emblemata,
1093 3676 1174 3742 quae
1209 3655 1365 3743 quamdiu
1393 3656 1430 3722 in

236 3764 441 3850 marginibus
464 3765 611 3831 codicum
631 3776 687 3831 aut
713 3765 798 3831 inter
823 3783 936 3830 versus
958 3757 1167 3850 legebantur,
1191 3764 1310 3850 optime
1334 3781 1430 3828 suam

237 3870 298 3936 sibi
325 3872 591 3957 praepositionem
619 3869 798 3949 habebant,
824 3882 857 3936 at
882 3875 1051 3956 postquam
1079 3867 1273 3955 negligentia
1298 3869 1329 3933 in
1354 3888 1432 3934 con·

235 3984 359 4043 textum
387 3984 514 4062 recepta
537 3986 613 4043 sunt
637 3971 732 4043 simul
758 3981 884 4063 recepta
907 3973 1098 4062 praepositio
1123 3974 1280 4042 soluecam
1306 3975 1431 4040 oratio-

238 4101 310 4149 nem
343 4080 437 4160 laoit‚
470 4083 545 4169 qnia
577 4083 835 4150 additamentum
867 4083 1078 4169 appositionis
1110 4081 1249 4169 speciem
1274 4080 1432 4168 praebere

237 4188 326 4257 solet.
387 4188 577 4276 Suspicatus
620 4209 691 4256 sum
741 4189 815 4256 olim
861 4190 893 4254 itt
940 4187 1000 4254 boc
1048 4196 1156 4254 nostro
1202 4189 1324 4256 Lucrum
1360 4187 1430 4254 loco

238 4295 270 4363 id
306 4298 411 4384 ipsum
456 4314 516 4362 usu
562 4298 706 4363 venisse:
752 4296 878 4363 dedisse
921 4295 1074 4361 bucinum
1110 4293 1339 4378 προσκυνεῖοόιιι
1375 4295 1431 4359 ὑπ’

236 4403 393 4485 ἱλευόόρων
427 4403 538 4484 ἀνδρῶν
573 4401 690 4482 ἠξίους,
725 4401 840 4468 deinde
877 4399 1140 4487 ludimagistrum
1177 4400 1338 4467 addidisse
1370 4399 1429 4466 ὑπό

233 4507 438 4589 Μακεδόνων,
476 4528 539 4596 quo
574 4509 765 4576 emblemata
799 4516 928 4594 recepto
960 4505 1168 4574 soloecismus
1197 4516 1286 4574 esset
1320 4513 1425 4572 natus.
