3160 4972
812 339 883 410 880

254 536 335 603 tium
365 534 619 619 scripturarum,
648 533 720 601 vide
749 533 788 600 ad
819 532 974 600 Locrnoua
1000 537 1062 613 20,
1085 539 1116 602 9.
1173 534 1255 600 Ηίιιυ
1278 532 1449 600 unisono

253 639 509 709 subueniendum
534 639 618 727 apud
644 642 733 706 Pom.
759 641 797 708 de
819 644 960 727 fraterno
983 662 1089 706 amora
1114 661 1142 727 p.
1161 647 1225 709 179
1237 661 1268 707 o.

436 748 490 813 οὐκ
512 748 546 813 ἐκ
570 755 669 814 τιτῶν
693 745 824 822 καὶτῆς
848 749 917 814 καθ’
943 747 1058 829 ἡμέραν
1082 755 1201 832 τρυφῆς

436 851 604 934 ζητοῦμεν,
629 850 650 938 ᾧ
675 854 861 932 τιςεθσυμεν
885 853 929 920 τά
951 859 1005 920 τοῦ
1028 855 1117 934 βίου,

435 959 551 1042 τάτερ;
577 957 612 1027 εὖ
634 961 774 1042 τεριττδν
806 960 878 1026 οἴετ’
902 959 1090 1040 ἐξευρηκέναι

433 1066 554 1146 epatu
573 1063 685 1141 ἕνας-υς
711 1067 749 1134 ἀν
769 1065 829 1148 {xp
851 1066 946 1149 φθλσν
969 1066 1068 1132 σκιάν.

254 1172 333 1239 nihii
359 1175 481 1239 certius
505 1191 601 1259 qoam
627 1172 881 1240 emendandum:
906 1175 939 1238 οὐ
959 1171 1272 1256 raptorio—renim
1298 1171 1332 1238 ln
1357 1173 1446 1255 §.ln

254 1280 365 1346 ἐκείνου
398 1279 430 1345 δὲ
462 1279 495 1344 ri
523 1279 664 1360 Φῆσσμεν
696 1279 793 1346 αἴτιον
824 1273 901 1344 εἶναι
932 1283 986 1344 τσῦ
1018 1277 1177 1352 τάντας
1210 1277 1365 1345 εἰδέναι
1396 1271 1446 1340 ὅτι

253 1387 314 1466 ἐγὼ
345 1383 436 1462 ῆιιιςα
464 1383 569 1466 ἔχοιμι
594 1387 751 1469 χρῆματα
781 1385 982 1461 ἀντιδιδόναι,
1012 1381 1091 1464 ὅμως
1120 1385 1253 1458 πολλοὺς
1286 1383 1447 1461 ἐπιθυμεῖν

253 1494 322 1573 ἐμοί
344 1517 375 1559 τι
397 1492 568 1574 δωρεῖσθαι,
601 1491 765 1577 Nusquam
793 1499 823 1556 te
847 1511 885 1557 ex
915 1489 974 1556 hoc
1003 1489 1071 1558 loco
1093 1491 1242 1578 expedies
1266 1489 1366 1556 donec
1395 1508 1445 1554 re·

254 1601 424 1687 scripseris
454 1599 578 1665 raiardo
601 1595 720 1664 εἰδθτυν
752 1617 943 1684 quamquam
975 1597 1076 1662 ισιίινυ
1107 1619 1223 1664 omnes.
1286 1597 1320 1663 ln
1347 1599 1365 1682 §
1388 1599 1444 1666 20.

252 1711 371 1773 τοῦτο
402 1707 465 1787 νάρ
494 1704 596 1770 ι’σασιυ
627 1705 691 1782 ε’μά
727 1703 924 1782 μεμεληκός,
957 1705 1084 1788 corrige
1114 1703 1231 1771 τσθτσυ.
1285 1703 1320 1770 ln
1346 1709 1364 1790 §
1388 1707 1444 1768 22·

253 1813 335 1892 μήτε
367 1812 433 1892 περὶ
463 1811 544 1884 θεοὺς
569 1810 778 1888 ἀσεβῆσαι
807 1809 888 1890 μήτε
918 1809 983 1890 περ)
1017 1809 1186 1891 ἀνθρώπους
1212 1809 1315 1883 ἀδικσς
1339 1815 1443 1892 φανῆ-

188 1905 192 1914 ’
253 1942 323 1991 ναι,
355 1917 537 1982 rectissime
569 1915 714 1982 unisono
744 1917 875 1996 ἀσεβής.
920 1915 955 1980 in
981 1920 998 2002 §
1020 1921 1072 1982 ut.
1099 1917 1164 1995 ε’ριά
1190 1917 1220 1982 δὲ
1245 1917 1277 1982 τθ
1300 1916 1443 1997 τρσσῆιιει

253 2029 304 2091 νῦν
336 2031 421 2102 μεῒσν
450 2028 569 2104 Φρινεῖν
594 2021 611 2098 ῆ
643 2023 711 2104 τρὶν
734 2024 954 2104 κατακριθῆναι
977 2022 1071 2102 μηδὲν
1098 2021 1278 2104 ἐλεγχθέντι
1311 2023 1363 2111 [ἀς
1385 2047 1442 2088 τε·

254 2129 367 2204 τσθῆιιά
391 2127 436 2218 τι]
473 2123 698 2210 ὦνὲγράψατθ
720 2153 770 2208 με.
827 2128 945 2214 Ecquis
970 2135 1037 2207 est,
1066 2131 1121 2214 qui
1156 2132 1193 2204 ὥς
1222 2128 1378 2206 rapotone
1404 2151 1443 2193 τι

253 2238 375 2304 servari
409 2255 499 2323 posse
531 2243 623 2321 putat
654 2243 687 2300 et
718 2233 877 2316 ῆιέγχθην
899 2237 938 2309 ὠς
970 2235 1127 2310 recolorat
1149 2261 1180 2301 τι
1213 2235 1291 2302 bene
1322 2233 1442 2302 Graece

252 2341 375 2408 dicium
401 2340 491 2408 esse?
541 2340 576 2407 lu
611 2343 704 2425 §uu
735 2340 835 2422 ἕφάνν
867 2343 938 2419 ὑμῖν
971 2341 1052 2428 [τοῦ]
1079 2341 1210 2408 θανάτσυ
1242 2340 1327 2424 ἔργον
1357 2339 1442 2417 ἀξιον

251 2449 318 2527 ἐμοὶ
353 2446 562 2532 εἰργασμένον.
620 2446 740 2513 Graece
771 2444 893 2511 dicitur
928 2446 1089 2527 εἰρνάσθαι
1122 2455 1269 2528 πιννῶν,
1306 2447 1440 2526 δεσμῶν,

250 2561 378 2636 Φυγῆς,
409 2555 541 2620 θανάτσυ
564 2552 640 2632 ἀξια
663 2561 696 2618 ct
721 2557 867 2630 πληγῶν,
893 2553 1029 2634 δεσμῶν,
1054 2561 1176 2638 Φννῆς,
1201 2553 1333 2620 θανάτσυ
1356 2551 1441 2630 ἀξιυς

248 2669 280 2726 et
307 2660 436 2734 θάνατσς
468 2669 570 2727 κεῖται
599 2659 777 2749 (ἐπίκειται)
803 2663 820 2736 si
848 2659 965 2741 ζημία,
997 2669 1030 2726 ut
1061 2661 1190 2734 θάυατσς
1220 2663 1315 2726 αὐτοῦ
1346 2683 1442 2726 κατε-

248 2768 384 2847 portato:
408 2766 623 2832 nutritiorum
648 2765 822 2831 articulum
844 2765 989 2831 admittit
1010 2776 1041 2833 et
1063 2768 1093 2833 io
1117 2768 1254 2834 oraxima
1279 2766 1442 2853 exempto·

250 2893 321 2939 rum
348 2874 439 2960 copia
465 2891 624 2958 nusquam
650 2872 682 2938 in
709 2869 759 2936 his
782 2879 815 2936 ct
840 2870 1002 2937 simiiibus
1022 2873 1180 2939 articulus
1199 2883 1341 2960 apparet.
1380 2871 1452 2938 ita·-

249 3000 310 3065 que
330 2979 443 3047 eadem
470 3001 563 3067 opera
586 2981 712 3064 corrige
733 2979 765 3045 in
792 2983 878 3064 §tt
905 2979 938 3045 ri
952 2984 1060 3058 τσῦτσ;
1086 2979 1348 3055 cincinnorum?
1370 2975 1441 3059 ἀρτι

247 3086 414 3166 donpierra
445 3088 478 3151 od
510 3087 574 3168 μάρ
605 3085 708 3152 τάλαι
743 3084 790 3154 isa
821 3081 867 3150 ὅτι
902 3084 936 3162 ἕξ
964 3083 1090 3168 θτσυτερ
1122 3084 1270 3166 ἐγενθμῆν
1301 3093 1440 3166 κατεψῆ·

248 3192 397 3272 φισμθνσς
426 3185 461 3266 ἦν
482 3215 541 3270 μυυ
564 3193 621 3258 ὑπὸ
644 3200 701 3268 τῆς
734 3193 858 3274 Φύσεως
880 3190 920 3280 [θ]
945 3191 1092 3270 θάνατυς;
1120 3201 1284 3279 praeterea
1314 3191 1353 3258 in,
1381 3190 1441 3256 huc

249 3292 317 3361 ioco
347 3315 494 3384 expunge
526 3298 543 3374 ῆ
578 3297 608 3364 in
634 3299 651 3376 ῆ
676 3296 745 3378 ἀρτι
778 3299 943 3379 δακρύετε,
974 3320 1056 3366 otone
1085 3300 1225 3384 primum
1257 3296 1369 3382 lictis?
1404 3303 1443 3362 ut

249 3400 317 3483 ἀρτι
341 3403 484 3482 μανθάυυ
508 3411 539 3470 et
561 3405 633 3470 sim.
684 3403 802 3470 Deinde
832 3405 970 3490 requirit
992 3406 1151 3472 sententia
1175 3401 1236 3469 ioci
1260 3411 1293 3470 et
1316 3401 1438 3488 opposi-

248 3509 347 3576 tionis
374 3511 471 3578 ratio:
504 3531 605 3576 nonne
626 3509 747 3574 dudum
772 3510 931 3594 sciebatis,
962 3511 1170 3597 quamobrem
1201 3529 1258 3598 pro
1279 3509 1311 3576 εὖ
1336 3507 1441 3574 τάιιαι

247 3615 294 3685 ἴτε
319 3617 496 3684 revocanda
516 3626 565 3683 est
588 3625 680 3684 vetus
699 3616 805 3682 Attica
826 3614 929 3682 sonna
955 3613 1020 3700 ῆςε.
1070 3615 1281 3683 Athenienses
1301 3613 1377 3680 oiim
1403 3620 1440 3680 ut

246 3722 355 3802 ἴσμεν,
378 3724 426 3793 ita
450 3731 482 3790 et
505 3721 623 3801 inurar,
656 3723 700 3787 ita
724 3719 837 3805 ᾖσμεν,
866 3720 920 3806 pise
941 3730 974 3789 et
999 3719 1077 3806 ῆσαν
1110 3720 1252 3789 sotebant
1276 3719 1384 3786 dicere
1406 3728 1440 3786 et

246 3839 416 3912 συνῆσμευ,
441 3839 552 3913 συνῆτε
571 3839 602 3896 et
627 3839 770 3913 συνῆσαν.
819 3828 884 3894 Has
907 3826 1027 3895 formas
1055 3827 1181 3894 scribae
1212 3825 1368 3894 radicitus
1399 3845 1438 3892 ex

248 3933 401 4000 Veterum
427 3934 559 4022 scriptis
571 3937 796 4023 extirparunt,
817 3943 851 4000 ut
864 3935 973 4000 ιιυθθιιε
986 3938 1127 4022 supersit
1140 3935 1245 4011 iocus,
1260 3933 1314 4000 ubi
1337 3931 1439 3998 nostri

248 4039 382 4107 Codices
408 4039 464 4108 has
488 4042 631 4110 sinceras
654 4044 834 4128 scripturas
856 4042 995 4108 intactas
1015 4051 1156 4109 serrant.
1205 4042 1241 4109 in
1268 4041 1437 4106 Poetarum

245 4145 324 4212 locis
347 4145 436 4212 fraus
461 4146 658 4234 deprehensa
682 4155 786 4214 estet
811 4145 1104 4215 Grammaticorum
1135 4149 1320 4214 testimonia
1346 4163 1438 4212 veras

245 4254 399 4320 lectiones
412 4257 610 4322 servantium
628 4275 694 4320 rem
709 4253 896 4322 conticium.
931 4255 1109 4342 Proponam
1122 4253 1265 4340 exempta
1279 4251 1437 4339 quaedam

245 4379 262 4427 a
301 4360 449 4427 Prnosono
486 4361 526 4428 ad
561 4363 692 4428 dinemo.
726 4382 756 4448 p.
785 4365 845 4426 174
880 4360 1060 4429 emendata.
1109 4360 1144 4427 ln
1181 4361 1337 4427 Eunrrrms
1373 4357 1470 4426 He·-

246 4465 323 4532 cubo
347 4486 391 4532 rs.
415 4471 500 4533 1119
524 4483 611 4533 nunc
635 4477 723 4534 recte
751 4467 885 4551 iegitur:
1066 4475 1071 4482 '
