3208 4972
737 349 805 422 177

179 566 226 610 vs
256 551 288 612 6.
314 547 451 625 μέμνησο
475 546 524 623 δὲ,
548 543 569 612 ὦ
593 547 738 628 captivs,
762 545 807 615 ὅτι
831 569 865 611 σε
890 546 1025 622 ποίμνιον
1053 543 1176 626 ἔθρεψεν
1198 545 1291 613 danai.
1309 545 1362 610 κονί

178 647 209 718 εί
227 653 321 730 aaut.
347 653 392 717 sic
417 653 486 718 sine
510 671 606 718 sensu
631 653 733 718 Codex
759 661 791 718 et
811 651 979 720 editiones.
1014 650 1082 717 Duo
1105 651 1257 719 vocabuta
1282 652 1365 718 exci-

178 756 309 824 derunt:
346 757 414 842 iege
450 759 501 824 κοοί
533 760 567 825 σὲ
598 758 733 838 ποίμνιον
764 757 908 843 ἔθρεψεν,
941 757 1030 824 eane
1061 758 1113 823 κοί
1147 756 1185 832 ὣς
1216 755 1247 824 εί
1271 760 1364 834 acori.

179 863 253 948 Peg.
290 867 342 930 28.
379 865 544 946 ἕρνίιίμοιτι
575 866 792 945 ἐνεπίμπλατο
824 863 926 930 Codex
962 872 995 928 et
1029 863 1203 930 Editioncs
1253 864 1365 931 Scribe

177 983 378 1066 ε’ρνίιίμοιτος,
408 985 633 1070 compendium
658 969 793 1070 ίρνίιίμίο
818 983 945 1051 indocte
969 983 1130 1070 expletum
1155 1005 1225 1052 esse
1249 985 1365 1052 inteili-

176 1091 238 1176 gis.
273 1091 347 1176 Pag.
375 1094 417 1156 29
443 1091 524 1158 mate
550 1091 685 1160 Coumun
709 1112 746 1159 ex
776 1090 850 1158 Cod.
877 1088 969 1156 aiiert
993 1091 1174 1173 λενκοίτερον
1198 1099 1231 1158 et
1254 1098 1312 1158 τοῖν
1336 1093 1368 1159 δὲ

177 1195 317 1278 πρότερον
349 1196 473 1278 χρόνον.
509 1199 579 1264 sine
614 1218 725 1264 errore
757 1196 853 1263 babet
885 1195 965 1261 liber
997 1194 1172 1280 λευκότερον
1203 1205 1234 1264 et
1258 1201 1310 1264 riv
1333 1199 1364 1264 δὲ

177 1301 317 1384 πρότερον
343 1303 465 1383 χρόνον,
498 1301 552 1367 sed
585 1301 680 1370 habet
715 1305 829 1368 vitium
861 1302 892 1366 in
926 1300 1021 1385 μέχρι
1044 1308 1097 1368 τοῦ
1123 1301 1161 1368 ἂν
1185 1302 1365 1385 διονβρέξονι,

177 1406 293 1473 deinde
327 1427 390 1474 nott
427 1407 563 1486 ἠμέλητο
594 1413 646 1474 aui
681 1412 698 1486 ri
732 1409 834 1488 οὶχέλη
866 1406 920 1474 sed
953 1411 1090 1486 ἠμελεῖτο
1115 1412 1132 1486 ἡ
1156 1409 1276 1489 cipitia,
1302 1431 1365 1496 quc

176 1511 304 1578 facilius
335 1517 480 1593 ἠμελεῖτο
507 1515 700 1600 corrigitur,
726 1523 793 1580 tum
820 1513 949 1580 exbibet
970 1513 1075 1596 χλίος
1100 1523 1231 1597 κοιρινῖσ
1256 1535 1364 1602 super·

176 1619 306 1705 scriptis
330 1644 363 1694 ης
388 1627 420 1686 et
443 1622 498 1695 ίε,·
519 1629 555 1686 ut
580 1619 635 1688 dat
657 1620 756 1703 χλόης
781 1621 905 1703 θερινῆς.
953 1617 1111 1684 Continuo
1134 1621 1298 1707 sequitur:
1322 1624 1364 1696 είε

174 1725 270 1806 μίνην
300 1724 399 1800 Χλίην
429 1725 573 1804 ἐγίγνετο
598 1726 696 1801 λοίλος
722 1737 787 1793 tam
813 1744 961 1813 perverse
985 1722 1108 1790 dictum
1134 1733 1231 1811 atque
1254 1734 1365 1792 λοολεῖν

175 1833 219 1907 είς
249 1857 330 1899 τινοι.
361 1832 487 1918 corrige
515 1831 586 1913 πρὸς
619 1830 722 1912 μίνην.
772 1832 915 1918 benique
939 1830 971 1896 in
996 1829 1110 1898 Codice
1133 1851 1196 1898 non
1221 1829 1362 1899 estivi

175 1937 296 2021 Δίρκοιν
318 1937 508 2022 ε’χοιρίσοοτο,
533 1938 587 2004 sed
612 1938 792 2020 ἐδωρήσατο.

221 2045 411 2110 Percurram
450 2063 535 2110 nunc
564 2043 741 2110 Pastorolio
771 2051 802 2109 et
834 2041 982 2108 indicabo
1012 2041 1129 2128 quibus
1158 2041 1236 2110 locis
1267 2065 1361 2113 eco-

174 2151 246 2217 dice
280 2149 461 2216 Florentino
495 2148 661 2216 emendari
697 2149 840 2236 possint,
877 2146 1013 2215 subinde
1046 2147 1191 2214 nonnihit
1222 2148 1261 2217 de
1293 2172 1363 2219 meo

173 2255 363 2342 adiungens.
413 2256 487 2341 Pap.
518 2261 548 2322 6.
581 2255 722 2321 Counren.
753 2255 885 2334 νομίσειε
916 2257 949 2320 οὐ
972 2254 1063 2320 πόλιν
1085 2254 1174 2334 ίροῖν,
1200 2255 1289 2322 οὶλλοὶ
1312 2267 1363 2336 νῆ·

174 2388 235 2432 σον.
261 2364 410 2441 Νομίοεις
435 2361 607 2428 barbarum
632 2372 681 2428 est
701 2370 732 2427 et
752 2381 824 2427 sero
842 2359 1014 2428 admodum
1037 2359 1219 2428 istiusmodi
1240 2360 1362 2432 iormae

174 2490 235 2536 usu
255 2477 403 2556 receptae
423 2477 499 2534 sunt
519 2467 558 2533 ab
577 2467 745 2544 cornibus,
770 2465 885 2533 deinde
902 2467 1020 2554 passim
1036 2467 1067 2531 in
1083 2471 1360 2558 ueterumscriptn

172 2577 337 2654 invectae,
365 2573 448 2640 tunde
474 2573 646 2640 maximam
673 2579 796 2659 partem
820 2574 884 2638 iam
910 2571 1061 2658 expulsae
1081 2581 1177 2650 sunt,
1202 2573 1359 2662 quidquid

174 2691 274 2749 restat
305 2680 415 2748 eodem
442 2678 534 2746 modo
557 2678 803 2745 eliminandum.
852 2678 888 2744 tn
914 2676 1031 2744 Codice
1050 2689 1099 2744 est
1121 2677 1281 2756 νομίσειε,
1308 2684 1361 2748 oui

173 2790 201 2854 si
225 2787 262 2854 νίν
287 2786 449 2852 addideris
473 2785 592 2852 Graece
617 2783 740 2850 dictum
767 2783 840 2848 erit.
889 2779 1007 2848 Eodem
1038 2781 1131 2847 modo
1157 2784 1188 2849 iu
1214 2783 1362 2852 Pastoru-

174 2895 256 2961 iibus
286 2901 402 2979 qarater
432 2900 584 2979 peccatur
616 2893 650 2955 in
677 2889 792 2969 κομίσω
817 2908 874 2976 pro
898 2894 1001 2968 νομιεῖ.
1028 2909 1057 2975 p.
1083 2893 1136 2955 86.
1161 2889 1359 2968 κομίσονσσον.

174 3021 203 3088 p.
246 3004 316 3066 too.
347 2999 492 3079 κομίσειν.
519 3018 549 3085 p.
578 3000 650 3063 166.
677 2995 855 3074 κομίσονσσι.
881 3015 909 3082 p.
939 2987 1013 3060 167.
1038 2996 1235 3074 κομίσονσσον.
1261 2995 1358 3064 Recte

174 3105 249 3172 God.
286 3126 314 3191 p.
352 3109 427 3171 157.
462 3104 637 3187 χαριεῖσθον
669 3101 753 3168 dedit
785 3121 842 3189 pro
872 3099 1073 3183 χοιρίσιοσίιιι.
1121 3101 1189 3166 Non
1220 3110 1269 3168 est
1295 3102 1359 3170 buc

175 3211 365 3278 trahendum
399 3210 507 3291 πορίσω
538 3230 568 3296 p.
601 3213 655 3275 79.
680 3208 837 3289 ονρίσετε,
867 3226 940 3272 nam
966 3205 1085 3272 Leucus
1108 3208 1255 3289 σνρίττω,
1281 3210 1360 3292 σνρί·

172 3342 232 3394 σοι,
258 3317 380 3398 ἐσύρετο
405 3325 517 3381 contra
543 3334 635 3380 usum
663 3313 814 3380 Veterum
840 3311 982 3379 scribere
1006 3312 1096 3379 sotet.
1121 3312 1241 3380 ibidem
1264 3335 1295 3402 p.
1315 3320 1357 3382 79

172 3425 322 3490 vitiosum
347 3430 397 3488 est
420 3422 587 3500 νεμήσεσε,
612 3419 666 3486 sed
692 3419 794 3505 ipsius
820 3417 969 3484 Rhetoris
993 3418 1071 3484 uitio
1097 3429 1264 3504 peccatum
1289 3441 1359 3488 esse

172 3533 334 3618 suspicor,
368 3547 441 3592 narn
474 3535 506 3592 et
538 3525 616 3591 alios
641 3525 684 3590 ita
710 3522 774 3588 uidi
801 3539 1043 3610 nonnumquam
1069 3541 1197 3604 errare,
1225 3532 1261 3591 ut
1284 3527 1359 3593 Pou-

172 3655 308 3701 rnncuuu
351 3634 384 3698 in
429 3629 559 3697 Caesare
604 3635 656 3697 19.
693 3629 939 3708 ἐπινεμήσεσθαι.
987 3628 1123 3695 Formae
1157 3631 1291 3697 vitiosae
1326 3633 1358 3698 in

172 3742 237 3808 -ίσο
260 3749 293 3807 et
316 3740 436 3818 -ίσομοον
460 3757 518 3825 pro
541 3740 590 3804 ·ισῖι
616 3745 648 3802 et
671 3741 787 3815 -ιοῡμοιι
809 3737 927 3822 passim
951 3735 1152 3820 irrepserunt
1172 3736 1205 3800 in
1225 3737 1359 3824 scripto·

172 3865 223 3914 res
255 3847 397 3924 Atticm,
430 3863 567 3931 quorum
602 3841 735 3911 Codices
757 3862 815 3908 nec
841 3850 965 3907 veteres
991 3860 1048 3906 uec
1073 3839 1146 3906 boni
1172 3855 1357 3929 supersunt.

170 3950 282 4040 ltaque
307 3953 339 4018 in
366 3951 456 4018 Lrsrn
482 3969 631 4036 persaepe
656 3956 827 4036 apparent,
853 3955 890 4012 ut
915 3947 983 4012 Xll.
1011 3951 1062 4012 ii.
1088 3943 1168 4022 ὅπως
1187 3949 1359 4030 atrew-

171 4057 217 4122 tto
251 4055 345 4136 μηδὲν
376 4055 551 4140 ψηφίσεσίε
587 4061 709 4122 πολλῶν
742 4079 777 4120 τε
808 4054 917 4126 ἐνδεεῖς
949 4050 1072 4132 ἔσεσθε,
1105 4052 1160 4119 ubi
1192 4074 1358 4142 perperam

170 4163 363 4247 ψηφίσαισθε
396 4164 633 4249 rescripserunt
664 4181 721 4248 pro
750 4161 928 4244 ψηφιεῖσθε.
977 4157 1012 4223 ln
1038 4158 1249 4226 Xeuoruourrs
1272 4161 1359 4232 Ηοίί.

170 4267 223 4333 tv.
252 4291 318 4334 νιιι.
354 4278 383 4335 1.
419 4268 501 4334 noete
528 4267 720 4334 Scunrrenus
743 4267 937 4348 ἐντειχίσοιεν
960 4265 1101 4344 invexit,
1126 4265 1206 4333 bene
1232 4267 1361 4335 [trunon-

171 4396 235 4441 rrus
267 4361 454 4458 ίντειχιοῖεν.
501 4374 624 4454 Κομίσω
662 4381 695 4439 et
726 4371 843 4438 simitia
880 4371 987 4436 omnia
1029 4370 1114 4459 apud
1151 4370 1364 4443 Athenienses

171 4481 450 4550 coniunctivorum
475 4481 587 4546 aoristi
615 4487 709 4555 sunt,
733 4486 770 4545 ut
792 4479 825 4545 in
851 4477 945 4544 Pluto
970 4481 1044 4544 768.
1185 4572 1214 4616 m
