3136 4966
693 367 765 439 613

126 557 189 628 Seu
220 568 382 648 expuncto
413 558 653 643 additamenta,
685 562 768 649 quod
793 582 830 630 ex
858 566 876 647 §
904 565 946 628 to
969 561 1033 629 huc
1059 562 1222 629 invectum
1247 578 1317 626 esse

126 663 271 744 videbis,
295 665 382 733 salva
406 686 458 732 res
480 677 542 734 est.

170 773 207 838 ln
241 773 258 857 §
290 777 328 839 18
361 773 485 840 θτειδοὶν
514 775 542 840 δ’
574 777 724 860 epypam&
749 777 791 848 είς
814 776 849 842 τθ
874 773 1075 858 ληξιαρχικὸν
1099 781 1316 857 γρομμιιτεῑον

124 878 177 946 κοί
210 877 279 952 τοὺς
303 877 411 959 νόμους
439 879 514 968 [γνῷ
539 882 608 971 καὶ]
633 885 699 966 είδῇ
722 882 793 957 τοὺς
817 892 872 960 τῆς
897 881 1012 956 altene
1037 881 1090 946 κοιί
1114 881 1168 958 ίδη
1190 879 1315 954 δύνητωι

123 983 351 1067 διαλογίζεσθαι
382 985 425 1051 τοὶ
456 986 543 1052 sacia
567 986 619 1053 κοιί
643 988 687 1054 τοὶ
709 990 772 1068 μή,
797 987 896 1054 οὐκέτι
921 987 1009 1071 θτέρῳ
1033 985 1216 1066 διαλέγεται
1240 986 1315 1050 ἀλλ’
1438 1021 1444 1029 -

124 1091 178 1168 ἤδη
202 1093 298 1173 aurci.
338 1091 434 1158 liccle
456 1101 488 1157 et
513 1091 625 1160 ordine
649 1093 772 1161 dicitur
794 1093 904 1161 είδίνοιι
926 1096 994 1168 τοὺς
1015 1093 1144 1174 νόμους,
1169 1091 1225 1160 sed
1244 1091 1314 1164 τοὺς

124 1196 230 1277 νθμιιιο
263 1203 376 1278 γνῶναι
408 1217 470 1263 uon
495 1199 583 1265 item.
619 1206 732 1267 Γιῶνιιι
759 1202 891 1289 ponitur
915 1203 947 1266 in
975 1220 1008 1267 re
1032 1200 1180 1288 perplexa
1204 1207 1236 1264 et
1260 1196 1315 1262 ob·
1412 1259 1414 1262 ,

124 1323 238 1383 scura,
263 1321 359 1390 quam
380 1306 455 1390 quis
474 1304 644 1390 cogitando
665 1307 826 1395 perspexit
847 1315 879 1372 et
899 1305 1078 1394 expedivit,
1107 1305 1313 1390 utaenigma.

124 1409 216 1496 ttpud
252 1407 468 1496 Antiphonem
504 1409 657 1478 athenaei
690 1434 721 1500 p.
749 1418 823 1480 450.
850 1433 876 1478 r.
903 1411 1030 1500 Sappho
1053 1432 1126 1478 cum
1153 1419 1244 1498 patre
1269 1411 1312 1474 ita

123 1513 364 1582 confabulatur:

305 1621 388 1688 οὐδὲν
410 1621 536 1702 λέγεις·
558 1629 621 1698 τῶς
647 1625 712 1706 γὰρ
732 1623 845 1704 γίνοιτ’
867 1624 926 1703 alm·
949 1622 969 1690 ai
992 1627 1112 1710 τοίτερ,

304 1726 398 1810 ῥητωρ
420 1725 557 1813 ἄφωνος
579 1749 605 1794 u.
618 1729 653 1807 ilo
676 1730 743 1811 οὶιιῷ
767 1731 830 1812 τρὶς
853 1731 1047 1814 repentem.

259 1831 427 1915 Α.τσίζεις
449 1833 543 1919 ἔχων.
569 1835 661 1902 umal
686 1838 746 1915 μην
769 1837 904 1919 ἀκριβῶς
928 1840 961 1917 γ’
985 1836 1096 1922 ᾠθμην·
1199 1885 1204 1896 ·

305 1939 469 2020 ἐγνωκέναι
492 1941 527 2008 τὸ
551 1941 652 2024 ρἠίέν,
675 1942 752 2009 ἀλλ’
776 1941 830 2018 ἤδη
854 1941 943 2022 λέγε.

124 2053 161 2112 ut
199 2043 278 2114 haee
318 2045 561 2114 emendavimus
600 2054 633 2114 et
665 2047 950 2135 supplevimus'in
986 2046 1063 2114 Νοο.
1101 2045 1197 2114 Leett.
1226 2064 1258 2131 p.
1282 2045 1315 2110 6.

125 2152 362 2237 aegestatem
393 2151 551 2240 quidquid
583 2151 695 2220 iubent
723 2162 780 2221 aut
805 2162 914 2222 vetant
939 2155 1145 2242 perspicuum
1171 2159 1220 2218 est
1243 2148 1314 2216 uni·

124 2259 242 2344 cuique
274 2256 314 2323 ad
345 2257 613 2345 intelligendum:
645 2260 754 2346 itaque
785 2259 895 2327 είδίνωι
928 2260 960 2326 in
994 2260 1034 2326 tte
1063 2257 1155 2325 trahet
1185 2255 1311 2329 locum.

123 2367 238 2443 γυῶνιιι
261 2384 323 2430 ιιοιι
349 2365 440 2432 item.

138 2468 153 2487 '
170 2470 206 2537 ln
233 2473 251 2556 §
282 2475 333 2538 13.
361 2469 411 2560 [ἐκ
434 2471 498 2554 γὰρ
520 2475 575 2539 τοῦ
598 2471 792 2555 τροίττεσθοσί
813 2495 884 2540 τιυοι
907 2468 945 2537 ὧν
966 2473 998 2538 οὐ
1023 2477 1170 2553 προσῆκεν
1190 2468 1225 2532 ἐκ
1245 2466 1313 2534 τιθ-

124 2599 180 2644 του
200 2575 272 2651 τοὺς
296 2576 404 2656 νόμους
426 2575 537 2654 ἓθηκσιν
559 2579 586 2644 oi
607 2581 764 2665 τιιιιιιιοί].
801 2576 921 2666 Duplex
942 2576 1047 2644 fertur
1066 2577 1229 2662 scriptura
1249 2570 1312 2650 ltn-

126 2707 183 2750 κοιν
211 2691 244 2750 et
266 2681 375 2750 ἔθεντο.
412 2683 592 2750 Discrimeu
617 2695 666 2752 est
691 2695 755 2750 tam
782 2695 893 2751 notum
919 2687 1015 2770 quam
1038 2690 1165 2749 certum
1187 2681 1220 2745 in
1245 2678 1313 2746 toro

126 2791 233 2856 Attico
255 2787 402 2875 quidem:
432 2790 521 2870 νόμον
544 2791 558 2857 ί
582 2792 640 2872 μὲν
662 2789 820 2871 νομοθέτης
843 2793 883 2859 τί
890 2793 1021 2887 θησινξ
1045 2791 1059 2856 θ
1083 2790 1115 2856 δὲ
1139 2788 1232 2868 δῆμος
1256 2784 1313 2851 τί·

122 2897 255 2962 θετωι.
293 2895 478 2962 Sexcenties
507 2895 626 2983 tegitur
655 2899 670 2966 θ
693 2899 786 2973 τιθείς
796 2899 843 2976 ,·θ
867 2899 926 2974 θείς
950 2899 1002 2962 τὸν
1025 2896 1130 2975 νόμον,
1156 2891 1209 2958 ulti
1234 2889 1312 2957 τιθέ-

126 3025 215 3083 μενος
247 3009 303 3068 aut
329 3001 449 3083 θέμενος
481 3000 657 3070 absordum
687 3013 783 3072 esset.
820 3004 938 3072 Contra
960 3004 1000 3071 ad
1024 3003 1111 3070 cives
1133 3021 1209 3068 euos
1230 2998 1312 3064 dicit

127 3107 303 3176 Aeschines
334 3113 351 3196 §
380 3114 454 3177 trs.
485 3107 627 3188 ἐπιδέξιοι
658 3111 686 3176 δ’
710 3107 796 3190 οἷμοιι
819 3111 934 3196 ptem
958 3109 1208 3193 estpotestate
1232 3101 1312 3170 eici·

126 3241 184 3291 τως
210 3214 377 3292 exculenus
401 3215 508 3296 νόμους
531 3217 665 3296 τίθεσθε,
690 3217 851 3286 substitue
873 3219 994 3296 τίθετε,
1019 3216 1132 3282 vitiose
1153 3221 1186 3279 et
1204 3211 1312 3298 inepte

122 3321 251 3390 uictum
284 3321 359 3388 erit.
396 3321 503 3390 Lectio
533 3321 631 3391 ἔθεντο
662 3333 710 3390 est
742 3323 775 3389 in
801 3344 864 3391 uno
887 3323 1031 3390 omnium
1056 3321 1177 3409 optimo
1199 3315 1314 3382 Codice

126 3426 321 3498 Cois-liciano
353 3431 454 3494 ruinae
485 3429 656 3498 vetustatis
686 3437 719 3498 et
743 3428 836 3516 longe
858 3429 989 3498 meliore
1010 3436 1042 3493 et
1067 3425 1207 3493 fideliore
1231 3429 1312 3488 teste

126 3553 223 3620 quam
257 3542 333 3599 sunt
365 3532 481 3620 reliqui
511 3554 643 3614 omnes,
678 3542 713 3601 ut
743 3535 805 3602 alic
829 3533 1099 3620 toeocstendam.
1137 3528 1314 3598 Substituit

122 3640 245 3728 aliquis
269 3638 378 3716 ἔθηκαν
402 3640 457 3726 quai
481 3638 564 3708 haec·
583 3640 623 3708 de
646 3639 752 3728 legum
778 3640 935 3708 latoribus
953 3641 1018 3708 dici
1037 3647 1184 3728 oportere
1204 3636 1313 3723 opina·

127 3745 235 3814 batur.
269 3743 337 3812 Noli
363 3753 509 3832 tangere,
534 3745 588 3814 sed
613 3753 715 3814 totam
739 3746 825 3816 illam
850 3745 1150 3815 annotatiunculem
1175 3744 1311 3809 otiosam

128 3871 164 3919 ae
188 3849 314 3918 totitem
340 3852 372 3919 in
397 3851 576 3939 marginem
601 3853 740 3920 remitte.

173 3958 210 4024 lu
245 3960 263 4043 §
291 3961 330 4023 19
362 3959 542 4027 recitantur
575 3958 670 4027 verbu
701 3958 795 4046 legis:
825 3962 887 4026 ’Ἂν
915 3985 962 4035 τις
985 3959 1151 4036 Ἀθηναίων
1171 3959 1315 4043 ἑτοιιριὶση

127 4065 172 4146 μὴ
203 4061 297 4141 ἐξίτω
328 4065 413 4148 οιθτῷ
444 4071 503 4140 τῖον
531 4067 617 4134 ε’ννέοο
639 4067 797 4148 οθρχθντων
819 4065 961 4144 γενέσθωι
987 4062 1046 4152 [irc
1070 4062 1155 4145 οίμιιι
1179 4071 1312 4150 capann-

128 4173 220 4257 Φθροι
251 4175 269 4248 ιθ
301 4169 399 4259 οὶρχιί]
428 4172 503 4250 μηδ’
527 4171 685 4258 ἱερωσύνην
708 4170 888 4253 ιἐροίσωοθωι
913 4165 960 4258 [θη
982 4172 1048 4239 οὐδὲ
1072 4173 1190 4252 κιιθοιρῷ
1211 4171 1314 4238 διολέ-

127 4303 224 4360 parca
254 4279 296 4360 τῷ
327 4278 463 4367 σιίμωτι]
497 4279 588 4358 μηδὲ·
606 4276 814 4354 συνδικησσίτω
845 4279 887 4360 τῷ
919 4278 1051 4360 δημοσίῳ
1083 4277 1160 4366 μηδὲ
1189 4276 1312 4360 οὶρξιίτω

127 4387 229 4470 ἅρχθην
257 4384 415 4466 μηδομίων
441 4384 596 4465 μηδέποτε
619 4387 694 4466 μήτ’
719 4381 843 4464 ἔνδημον
866 4385 938 4463 μηθ’
966 4384 1115 4466 ὑιιερθριον
1137 4383 1218 4463 μήτε
1242 4397 1315 4458 κλη-

127 4494 226 4577 ρωτὴν
263 4493 344 4572 μίτε
378 4493 608 4577 χειροτονητήν·
641 4490 718 4570 μηδὲ
750 4488 965 4574 κηρυκευσάτω
995 4489 1073 4568 μηδὲ
1096 4487 1318 4573 πρεσβευσάτω
