3086 4974
726 330 796 403 567

168 545 229 592 uon
250 545 325 594 *esse
348 526 428 593 satis
452 525 580 612 putavit
603 526 720 613 atiquis
744 535 776 591 et
800 525 925 592 addidit
949 523 988 592 dc
1011 544 1089 592 suo:

350 633 381 720 [ή
405 631 543 716 κατίοίνρ
565 633 716 699 κτείνασα
740 632 811 706 τοὺς
834 635 866 697 οὐ
890 637 969 712 κίῆν
993 633 1146 717 arnosia]

166 741 241 825 quis
274 748 419 806 nostrum
453 759 515 804 non
550 739 651 804 mutto
683 737 849 806 meliorem
880 739 1043 805 senarium
1070 757 1210 825 pangere
1234 737 1355 825 possiti

168 845 288 912 Mirum
322 852 371 912 est
400 851 519 932 quanta
554 843 652 912 inerit
683 844 818 912 infantia
848 854 880 911 et
904 844 1114 930 incogitantia
1138 863 1270 922 eorum,
1300 844 1356 930 qui

167 951 245 1017 haec
269 951 344 1017 oiim
369 953 416 1017 sic
439 951 717 1018 contaminarunt.
764 951 800 1017 dn
826 950 952 1017 fabulae
977 950 1069 1016 initio
1094 971 1141 1018 vs.
1169 957 1201 1018 ὅ.

372 1056 504 1138 ζηλωτὸς
527 1056 558 1122 ἔν
582 1082 621 1136 γε
645 1059 687 1140 τῷ
712 1057 780 1138 πρὶν
801 1057 1001 1138 Ἀνδρομάχη
1024 1053 1132 1139 χρόνῳ,

370 1170 420 1231 νῦν
445 1167 470 1230 δ’
492 1165 521 1231 εί
543 1187 591 1238 τις
614 1164 698 1240 ἄλλοι
723 1163 923 1248 δυςυχετοίτνρ
945 1164 1033 1243 γυνή.

165 1268 243 1357 quid
270 1268 320 1335 iris
345 1270 452 1337 verbis
475 1279 577 1358 potest
601 1291 671 1336 esse
696 1270 878 1358 simplicius
901 1279 933 1355 ct
957 1270 1118 1357 apertius,
1144 1269 1199 1335 sed
1225 1269 1356 1334 histrio·

167 1396 224 1442 nes
259 1373 337 1462 quid
369 1377 607 1462 designaverint
641 1376 725 1445 vide.
775 1375 937 1462 degebant
964 1381 1015 1442 νῦν
1047 1385 1104 1441 ΔΗ
1133 1375 1181 1450 τίς
1211 1373 1295 1452 date
1324 1384 1356 1441 et

164 1485 340 1549 commenti
364 1493 441 1550 sunt
465 1482 504 1550 de
528 1503 602 1550 suo:

438 1591 513 1668 ἐμοῦ
536 1587 675 1672 πέφυκεν
698 1589 716 1668 ή
741 1588 910 1669 γενήσεταί
936 1611 1029 1664 ποτει

166 1693 220 1760 ubi
251 1693 450 1777 δυτυχεςοίτν
479 1717 538 1781 pro
569 1695 777 1780 comparativo
805 1717 871 1760 osne
895 1695 996 1780 inepti
1020 1695 1206 1780 opinentur.
1253 1692 1355 1759 Fraus

165 1809 216 1866 est
238 1820 256 1864 a
282 1801 444 1867 veteribus
476 1800 653 1888 deprensa:
687 1802 712 1867 oi
738 1801 899 1882 ὑποκριταί
909 1850 918 1879 ,
952 1801 1123 1887 inquiunt,
1154 1801 1206 1866 τον
1238 1801 1355 1880 tepea

166 1905 355 1988 προσέθηκαν
377 1907 597 1984 ὑπονοήσαντες
622 1903 700 1973 εἶναι
723 1908 778 1983 τήν
800 1909 929 1991 γραφήν
952 1917 1011 1972 ΔΗ
1031 1916 1124 1986 Tre,
1149 1905 1185 1973 ἵν’
1204 1905 1222 1990 ή
1241 1904 1353 1981 οὕτως·
1408 1971 1409 1974 ,

166 2017 233 2078 νῦν
262 2011 303 2090 δή
327 2013 389 2086 τίς
414 2010 539 2092 ἄλλοι,
563 2014 707 2080 cainiani
733 2018 787 2082 τοῦ
810 2019 1007 2097 συγκριτικοῦ
1030 2014 1065 2080 τί
1088 2013 1353 2096 δυςυχεςοίτιρ

163 2119 281 2202 φασίν,
307 2120 473 2206 imperite,
507 2128 542 2185 ut
566 2119 677 2200 vides,
702 2128 736 2186 ct
761 2121 888 2208 inepte,
920 2129 954 2187 ut
980 2119 1059 2186 nihii
1082 2139 1193 2208 supra.
1242 2120 1354 2206 ltaque

162 2224 320 2312 siquando
352 2225 385 2291 in
414 2225 531 2292 similia
565 2223 653 2293 hisce
686 2213 838 2293 incideris
869 2235 1030 2293 memento
1061 2224 1146 2292 unde
1177 2224 1251 2292 taiia
1276 2224 1351 2291 oiim

163 2339 385 2398 nascerentur.

208 2435 276 2503 Non
302 2435 465 2524 illepidum
491 2437 648 2525 estquod
673 2437 847 2505 histriones
873 2439 903 2504 in
933 2435 1039 2504 Oreste
1067 2441 1153 2503 1566
1177 2437 1352 2503 commenti

162 2552 250 2610 sunt.
298 2543 360 2626 Qui
383 2541 423 2609 de
447 2561 575 2612 summo
607 2553 691 2612 tecto
715 2545 823 2630 regiae
847 2541 1013 2630 trepidans
1037 2565 1071 2610 sc
1095 2541 1232 2610 deiicere
1257 2541 1353 2609 debc-

163 2647 217 2716 bat
240 2647 338 2737 idque
363 2669 396 2716 se
421 2647 534 2716 iecisse
557 2648 691 2719 clamat:

604 2755 639 2822 ἐκ
663 2753 795 2822 ίανοίτου
817 2755 1025 2840 πίφευγα-

445 2860 581 2946 κεδρατοὶ
604 2861 754 2933 nostiae
778 2863 852 2944 ὑπὲρ
873 2861 1025 2944 τέραμνα.

164 2966 192 3033 in
216 2986 280 3055 quo
303 2968 412 3034 minus
437 2967 468 3034 id
493 2967 614 3035 iaceret
639 2969 811 3054 minusque
835 2969 867 3033 in
892 2966 1035 3054 prericuio
1058 2965 1139 3034 foret
1164 2974 1230 3033 tres
1251 2965 1351 3032 rersi·

161 3073 253 3140 culos
276 3071 315 3140 de
339 3093 396 3140 suo
420 3082 622 3141 commentus
644 3082 694 3140 est
715 3073 824 3140 hosce:
1296 3089 1302 3098 ·

342 3180 431 3247 ιίλλοὶ
455 3188 571 3248 κτυπεῖ
589 3181 654 3262 γοὶρ
677 3180 794 3264 κλῇθρα
815 3179 984 3259 βασιλείαν
1007 3178 1125 3260 δήμιον,

343 3287 509 3366 σιγήσατ’·
535 3285 591 3366 ἔξω
616 3284 679 3368 yda
702 3310 749 3360 τις
773 3285 910 3364 ἐκβαίνει
934 3291 1079 3368 Φρυγῶν,

342 3388 377 3458 οὖ
399 3391 597 3472 πευσόμεσθα
619 3394 678 3459 τοίν
702 3391 803 3471 iduare
827 3387 907 3466 ὅπως
931 3389 1008 3474 ἔχει.

161 3494 277 3563 deiude
301 3498 384 3563 citra
415 3499 532 3585 eapitis
557 3498 735 3584 periculum
761 3497 985 3585 percommode
1009 3517 1047 3564 ex
1071 3497 1160 3582 regia
1184 3497 1352 3583 egreditur

162 3602 260 3670 iores.
310 3605 443 3691 Aperuit
476 3603 621 3671 fraudem
647 3614 792 3671 veterum
819 3603 952 3690 aliquis,
979 3605 1076 3670 cuius
1099 3601 1182 3668 hanc
1206 3603 1350 3670 animad-

35 3735 42 3746 ’
162 3711 341 3776 versionem
366 3711 399 3777 in
424 3708 594 3777 (lodicibus
630 3709 790 3775 Marciano
823 3718 857 3776 et
876 3708 1031 3776 Vaticano
1052 3709 1174 3795 reperi:
1200 3707 1283 3787 ἐξιών
1301 3732 1349 3784 τις

162 3821 270 3900 ψοφεῖ.
302 3821 393 3884 τοῦτο
424 3816 488 3898 yae
519 3815 581 3890 ἔίος
605 3823 677 3890 ταῖς
705 3814 817 3898 θύραις.
840 3816 965 3890 τούτους
989 3816 1020 3882 δὲ
1043 3815 1113 3888 τοὺς
1136 3821 1216 3896 τρεῖς
1240 3815 1350 3897 ςίχους

162 3924 216 3989 οὐκ
236 3921 275 3990 ἴον
299 3947 347 3996 τις
370 3922 405 4002 ἐξ
428 3923 549 4003 ἑτοίμου
573 3924 801 4005 συγχωρήσειεν
821 3922 982 4004 Εὐριπίδου
1006 3918 1100 4000 είναι,
1123 3921 1234 3987 dead
1258 3924 1350 4000 μοῖο-

162 4044 231 4096 λον
252 4035 327 4096 τῶν
351 4029 595 4111 ὑποκριτῶν,
620 4025 725 4099 οἵτινες
749 4027 866 4107 ἵναμή
890 4030 1102 4096 κακοπαίῶσιν
1126 4028 1189 4094 τίτί
1212 4034 1270 4094 τῶν
1289 4029 1353 4108 βα-

161 4135 281 4202 σιλείαν
317 4135 414 4214 iduor
449 4134 676 4214 καίαλλίμενοι
709 4135 952 4217 ταρανοίξαντες
988 4134 1199 4216 ἐκπορεύονται
1232 4133 1267 4199 τί
1298 4139 1352 4200 τοῦ

163 4243 284 4324 Φρυγὸς
309 4240 436 4324 ἔχοντες
459 4249 574 4322 σχῆμα
597 4239 650 4306 καί
673 4249 875 4322 προσωπεῖον,
895 4240 976 4316 dnae
996 4240 1035 4308 ίίν
1051 4241 1353 4322 individuitatem

161 4345 292 4426 ἐξιόντες
317 4348 503 4432 φαίνονται.
528 4346 715 4414 acutissime
739 4345 820 4411 vidit
839 4347 988 4433 quisquis
1011 4357 1061 4414 est
1083 4355 1116 4414 et
1136 4365 1209 4413 rere
1233 4354 1351 4414 rnonet.

163 4453 380 4523 Verissimum
405 4456 504 4522 ctiam
527 4459 578 4519 est
601 4450 686 4538 qriod
710 4450 817 4518 addit:
848 4449 883 4530 tc
905 4449 943 4518 ὦν
966 4452 998 4518 tt
1022 4453 1110 4519 αὐτοὶ
1133 4453 1277 4532 λέγουσιν
1299 4453 1354 4518 ἄν·
