3178 4972
784 411 888 458 mm

234 599 315 667 quae
344 577 427 650 nulli
453 583 500 647 rei
530 587 606 648 sunt
636 581 749 660 utilia,
777 579 861 648 nihil
887 581 1063 668 quidquam
1093 581 1214 646 metunt
1241 579 1372 646 adtrem
1398 581 1432 643 et

232 701 450 788 nequidquam
471 701 621 770 omnibus
641 706 728 770 oneri
746 709 822 770 sunt
843 709 876 770 et
894 703 1070 770 molestiae.
1116 700 1255 768 Nullum
1275 718 1432 785 umquam

233 821 303 890 ridi
326 821 477 890 Oodioem
499 819 675 902 Graecum,
699 827 734 889 in
757 845 819 910 quo
841 845 905 890 non
929 829 1003 890 eet
1027 831 1088 902 Al,
1113 831 1127 887 1
1148 827 1180 890 st
1202 831 1256 900 ΕΙ,
1280 831 1307 888 'r
1331 823 1364 886 et
1386 827 1430 886 01

228 943 440 1010 stolidissime
469 946 553 1010 inter
581 963 648 1010 sese
677 947 937 1030 permisceantur.
984 943 1065 1010 Utro
1086 946 1129 1010 sit
1151 945 1308 1029 scriptura
1327 941 1432 1010 uerior

232 1065 323 1131 nulls
353 1071 401 1131 est
430 1065 515 1151 opud
544 1085 737 1152 quemquam
768 1066 936 1133 dubitatio.
990 1065 1049 1133 Est
1081 1064 1205 1151 aliquid
1237 1066 1321 1130 inter
1348 1058 1431 1128 ἔλεον

230 1193 266 1252 et
287 1185 423 1265 lassoss
437 1187 538 1253 πεδίον
560 1192 593 1253 et
615 1186 752 1266 παιδίον,
778 1187 866 1268 ἑτέρα
890 1193 923 1254 et
946 1186 1056 1269 ἑταίραν
1079 1185 1213 1273 aliisque
1233 1184 1377 1254 millenis
1392 1185 1431 1252 de

234 1329 348 1397 genere
370 1309 498 1387 eodem,
521 1329 601 1395 quae
624 1313 732 1376 tamem
754 1313 789 1375 in
811 1308 903 1376 libris
925 1309 1004 1376 Mes.
1028 1311 1096 1376 sine
1118 1309 1300 1395 exceptione
1330 1307 1432 1374 omni·

196 1421 199 1426 ’
226 1431 294 1495 bus
314 1434 468 1517 perpetuo
488 1433 573 1496 inter
594 1451 627 1496 se
649 1430 800 1496 confundi
821 1430 955 1497 videbis.
1002 1430 1115 1516 Itaque
1137 1450 1232 1496 nemo
1254 1449 1348 1494 sanus
1374 1427 1431 1496 du-

234 1551 317 1616 bitat
339 1553 416 1636 quin
438 1553 538 1616 nostri
560 1553 603 1616 sit
624 1551 743 1637 ubique
766 1551 891 1617 arbitrii
914 1557 1025 1618 utrum
1051 1561 1075 1615 e
1098 1572 1139 1618 au
1161 1559 1206 1617 Al
1229 1548 1432 1618 seribendum

233 1673 277 1738 sit
299 1669 428 1740 definire
457 1676 490 1736 et
512 1675 660 1737 statuere.
708 1670 793 1752 Quid
820 1673 937 1738 attinet
958 1673 1062 1761 igitur
1093 1673 1270 1738 scribarum
1292 1671 1432 1740 indocto

233 1814 308 1858 rum
336 1796 369 1860 et
398 1791 482 1857 nihil
511 1793 724 1881 cogitantium
753 1813 872 1858 errores
899 1795 997 1858 inea
1025 1815 1060 1858 re
1087 1791 1335 1862 innumerabiles
1364 1793 1432 1858 eine

234 1911 302 1979 ulls
325 1914 463 1992 ratione,
487 1916 556 1981 sine
578 1913 646 1981 ullo
668 1913 776 1979 fructu
799 1912 975 2002 colligere?
1021 1911 1059 1980 ln
1081 1915 1175 1982 unieo
1198 1911 1312 1980 Oodioe
1334 1914 1432 1982 Athe·

233 2036 306 2100 naei
334 2039 461 2100 tantum
491 2056 554 2103 non
583 2035 702 2121 ubique
732 2044 832 2100 Eloc
855 2038 889 2101 in
912 2045 984 2101 loc
1007 2036 1216 2122 depravatum
1239 2039 1288 2102 est
1309 2037 1344 2100 iu
1365 2033 1432 2116 sin·

234 2153 365 2238 sdpxeor
388 2161 421 2222 et
444 2153 610 2234 ἐπικούρων
633 2159 665 2222 st
687 2154 849 2222 similibus
871 2157 1030 2224 omnibus.
1076 2155 1188 2224 Nonne
1212 2159 1303 2228 satis,
1321 2161 1370 2222 est
1398 2155 1433 2222 ld

234 2276 333 2343 semel
354 2280 389 2342 in
409 2278 603 2362 praefatione
625 2275 750 2344 notari?
796 2274 986 2358 ’ΛσΦάλενος
1019 2276 1125 2344 solum
1147 2275 1307 2344 Graecum
1330 2281 1434 2346 estet

234 2397 407 2479 xoetdpssor,
442 2404 480 2465 ut
513 2405 695 2477 μεγαλεῖον.
764 2397 891 2485 Ubique
924 2399 1045 2466 ineidee
1079 2401 1113 2464 in
1150 2400 1282 2466 otiosas
1315 2399 1434 2468 formas

227 2519 409 2602 'deodatae
431 2524 464 2587 et
486 2519 639 2600 καθάριος.
688 2519 842 2593 Φιλόνικος
865 2541 980 2587 rerum
1002 2525 1050 2587 est
1079 2526 1112 2588 et
1141 2519 1300 2604 Φιλονικίνν
1322 2526 1355 2586 et
1375 2525 1433 2600 Φι-

233 2649 361 2708 tmeseia
373 2690 382 2721 ,
407 2641 472 2708 fere
495 2645 673 2710 oonstantor
695 2645 730 2708 in
756 2643 807 2711 his
829 2667 898 2708 -νεν-
921 2641 1060 2732 legitur,
1092 2642 1170 2729 quid
1193 2642 1234 2708 ad
1255 2638 1330 2708 noel
1375 2640 1434 2708 Est

232 2763 355 2851 aliquid
383 2766 468 2831 inter
499 2762 538 2829 σύ
557 2769 598 2830 et
627 2763 691 2838 ool,
723 2761 807 2844 μύρα
838 2770 871 2831 et
899 2772 1011 2847 μοῖρα,
1043 2763 1183 2832 librariis
1212 2761 1342 2849 perinde
1373 2766 1431 2828 eet.

228 2887 407 2966 Ἔρχομαι,
438 2890 477 2952 ut
501 2891 585 2952 nu'no
614 2891 738 2952 oonstnt
767 2888 851 2952 inter
872 2906 998 2963 omnes,
1026 2886 1123 2952 hsbot
1152 2884 1376 2970 imperseotum
1399 2884 1434 2948 in

232 3005 321 3072 Ionia
343 3007 414 3082 tta,
446 3007 513 3083 ἤϊε,
542 3007 650 3084 lipsa.
684 3007 752 3083 ἥϊτε
776 3011 808 3072 et
835 3006 945 3084 ἤϊσαν,
977 3008 1011 3072 'm
1033 3008 1142 3072 Assios
1159 3001 1221 3088 ba,
1248 3005 1310 3087 ὗεν,
1336 3000 1433 3086 ᾖμεν,

233 3123 286 3207 bre
318 3133 352 3192 et
382 3123 470 3206 ἦσαν.
517 3127 674 3212 Perpetuo
705 3127 739 3192 in
766 3127 818 3192 his
846 3127 967 3192 indooti
997 3128 1118 3194 scribae
1142 3127 1289 3205 turbant,
1320 3147 1378 3192 our
1398 3125 1434 3192 id

231 3246 415 3312 curabimus
444 3247 502 3310 ubi
531 3245 630 3311 semol
663 3245 701 3312 de
727 3267 803 3312 vers
832 3249 989 3333 seriptura
1020 3245 1161 3316 musnet
1213 3248 1304 3314 Libri
1324 3248 1434 3312 minus

231 3368 352 3435 vetusti
377 3387 502 3453 semper
531 3371 565 3433 et
590 3366 708 3452 ubique
741 3364 776 3432 τὸ
811 3367 1119 3448 παρνγεγρνμμὲνον
1152 3369 1229 3434 isira
1265 3369 1432 3433 omittunt.

231 3485 293 3554 Oui
316 3487 407 3554 ¹bono
436 3488 540 3574 igitur
571 3493 620 3554 set
648 3487 683 3553 id
713 3489 754 3555 ad
784 3509 942 3575 quemque
972 3487 1081 3556 looum
1110 3487 1220 3556 sedulo
1253 3487 1432 3554 admonere.
1556 3479 1559 3484 ’

230 3609 372 3674 Nomina
401 3611 436 3675 in
460 3607 526 3681 -sdc
552 3607 636 3695 apud
665 3607 868 3676 Herodotum
895 3617 974 3675 certo
996 3632 1058 3678 usu
1085 3611 1204 3676 hebent
1228 3608 1290 3684 -s'oc
1314 3613 1347 3675 et
1369 3606 1431 3687 -ἕί,

230 3730 346 3815 quibus
369 3729 489 3796 scribae
509 3729 578 3802 -ἑννς
598 3732 630 3795 et
654 3737 720 3804 ·ἥνς
745 3735 778 3796 et
795 3738 840 3796 -εῑ
858 3731 1078 3808 substituunt,
1103 3750 1199 3815 quem
1222 3729 1434 3796 habetdeum

229 3851 264 3916 id
285 3852 404 3936 ubique
426 3852 508 3918 serio
532 3849 802 3920 commemorare?
848 3849 1017 3918 Gertorum
1037 3850 1195 3918 librorum
1223 3850 1431 3936 desoriptores

229 3972 263 4036 in
287 3971 394 4057 alique
416 3973 533 4038 vitiosa
556 3972 783 4039 consuetudine
806 3975 869 4038 sibi
894 3977 1046 4058 perpetuo
1069 3974 1224 4038 constant.
1272 3969 1336 4052 Qui
1356 3969 1430 4036 Ple·

230 4095 314 4158 tonis
336 4091 521 4158 Parieinum
543 4095 573 4160 A
599 4099 631 4160 et
653 4095 710 4180 qui
732 4093 812 4160 duos
841 4095 1081 4179 antiquissimos
1103 4090 1260 4158 Herodoti
1284 4095 1380 4156 testffl
1402 4093 1433 4157 Α

230 4218 263 4280 et
284 4213 311 4278 B
331 4213 565 4299 descripserunt
582 4215 695 4301 quoties
716 4215 884 4302 legebatur
904 4214 1094 4280 adverbium
1113 4214 1147 4278 in
1167 4209 1257 4294 -τένω
1280 4216 1313 4278 et
1331 4211 1431 4278 eoru

229 4337 337 4421 inepte
360 4335 436 4400 ἷῶτνν
466 4335 684 4402 adscribebant
712 4333 890 4408 ἅνωτνὶτων,
919 4334 1142 4415 προσωτάτω,
1176 4329 1352 4408 tenestem,
1375 4357 1431 4400 κνι-

229 4456 358 4540 rurippi
381 4457 554 4524 scribentes
577 4461 610 4522 et
632 4456 754 4522 similia
775 4455 884 4522 omnia.
915 4455 1004 4522 Num
1028 4460 1065 4521 tu
1087 4459 1181 4541 putas
1204 4453 1286 4522 utile
1308 4473 1376 4521 esee
1397 4453 1434 4520 id
