3204 4978
757 349 828 420 324

197 556 304 616 etaras
327 543 383 612 sed
401 546 620 627 ἀναφανῆναι,
645 547 678 611 io
704 561 767 631 qno
791 539 888 606 verno
908 537 1059 629 patefacti
1082 545 1202 612 erroris
1223 543 1273 612 vei
1296 542 1386 613 irau-

196 653 246 721 dis
270 653 357 720 uotio
382 649 510 725 subest,
539 659 574 716 ut
600 652 631 716 io
658 653 805 718 Pannonis
834 647 978 736 ὅμοροι.
1008 671 1040 736 p.
1067 656 1128 718 186
1152 672 1183 718 ι.
1208 650 1386 735 ἀναφανέν-

196 785 247 834 τος
270 763 323 826 τοῦ
348 759 455 838 ἐρατοῦ
480 756 627 834 πένητος,
652 768 684 824 et
712 760 817 824 iocose
844 757 875 820 in
900 754 978 842 nep.
1002 756 1025 822 Ι.
1050 778 1081 844 p.
1103 763 1167 826 554
1192 779 1223 824 n.
1249 757 1386 834 κλέπτης

196 865 257 948 θύρα
281 865 366 938 τιςθ
396 863 511 936 δίκαιος
535 864 778 948 ἀναπέφανται,
804 871 836 931 et
860 881 955 949 saepe
977 861 1062 949 apud
1095 862 1256 932 Oratores,
1291 866 1386 950 859.

197 971 248 1038 ε’πὶ
273 972 378 1053 πολλῷ
403 969 574 1050 ἕπριύμην,
600 971 765 1058 sequiores
791 989 847 1058 pro
871 973 999 1035 πολλοῦ.
1036 969 1072 1034 ln
1092 975 1154 1046 nt,
1175 976 1209 1038 3.
1234 971 1304 1045 τοὺς
1322 969 1387 1036 έλέ·

197 1083 323 1161 φαντας
364 1075 572 1154 ἐπισάξαντες
607 1079 659 1143 καὶ
693 1077 763 1152 τοὺς
799 1076 934 1158 πύργους
964 1074 1143 1155 ῶναθέμενοι
1175 1078 1225 1142 ἐπ’
1260 1077 1387 1154 αὐτούς,

199 1182 282 1250 male
306 1202 363 1270 pro
386 1181 563 1258 ἀναθέντες.
611 1182 646 1248 ln
672 1181 840 1270 Εφιιίθίθυιο
864 1202 908 1246 vs,
939 1185 1035 1248 1056.

358 1289 413 1354 καέ
435 1313 469 1356 κε
493 1290 571 1368 γυνη
595 1289 680 1372 Φέροι
703 1287 801 1372 ἄχθος
826 1288 895 1354 ε’πεθ
918 1312 969 1352 κεν
993 1288 1066 1370 ύνηρ
1090 1290 1227 1365 enatato.

199 1413 317 1480 repone
347 1395 590 1462 ooniuuetivum
622 1394 757 1477 ἀναθείη.
804 1393 882 1478 ini
909 1397 970 1471 69,
988 1399 1020 1460 i.
1044 1393 1187 1478 ύπέφηνε
1210 1396 1266 1472 την
1289 1394 1387 1477 Τύρου

198 1499 353 1570 ῶπθτασιν
393 1502 427 1566 εἰς
463 1511 520 1577 πῶς
557 1504 715 1568 Ἀπελλοῦ
738 1500 936 1580 ’συμβουλῆς
969 1498 1150 1579 γεγονέναι,
1189 1500 1388 1587 negligenter

200 1626 257 1692 pro
279 1615 466 1686 γεγονυῖαν,
491 1609 539 1672 sie
570 1617 602 1672 et
633 1613 693 1686 60,
723 1611 773 1674 ii.
804 1609 913 1673 θᾶττον
936 1606 975 1673 θυν
998 1601 1050 1672 τὸν
1075 1606 1227 1688 Ἐρεχθέα
1254 1607 1307 1674 καὶ
1337 1605 1389 1672 τὸν

199 1711 342 1794 Κέκροπα
364 1710 466 1789 ξένους
490 1715 669 1795 ἀποφήναις
693 1710 770 1779 εἶναι
797 1732 854 1799 pro
875 1711 981 1788 θυπας,
1007 1721 1038 1778 et
1063 1711 1249 1780 allisionis.
1288 1717 1305 1798 §
1331 1718 1387 1780 21.

199 1816 258 1890 πῶς
281 1825 393 1900 χεῖρας
416 1817 575 1900 ὀρέγουσαι
599 1819 651 1886 καὶ
674 1818 735 1891 τὰς
759 1819 850 1901 θύρας
881 1819 1103 1897 υὶναπετῶσοιι,Ι
1135 1826 1229 1905 turpe
1259 1818 1389 1886 vitium.

203 1923 362 1990 Graecum
387 1933 438 1992 est
458 1923 693 2005 ῶναπενύννυμι
716 1927 772 2002 τὴν
795 1925 902 2008 θύραν,
927 1933 960 1990 et
985 1929 1130 1991 αναπετῶ
1154 1923 1239 2011 apud
1260 1924 1391 1993 Veteres

205 2027 353 2098 futurum
378 2038 437 2098 est.
487 2032 597 2098 Sumus
620 2033 815 2099 ῶναπετῶι
840 2028 1041 2097 ύναπετύσο.
1088 2030 1278 2115 Μένανδρος·

460 2141 466 2151 ’
791 2135 899 2210 ἄλλοις
922 2137 1068 2218 οὶναπετῶ
1174 2175 1178 2184 =

430 2242 515 2309 τουτὶ
539 2244 709 2325 προσελθὼν
733 2246 807 2311 κούιι
830 2241 955 2322 ύνέξορθ
979 2243 1090 2311 ούιιέτι.

204 2348 256 2414 καὶ
288 2349 319 2413 ἐν
352 2349 507 2431 Συνερῶση
538 2349 589 2414 καὶ
623 2349 751 2432 ἑτέραις.
799 2349 856 2416 lsti
890 2349 1068 2435 praesentis
1099 2368 1182 2436 quae
1212 2347 1315 2418 lerina
1350 2351 1394 2416 sn

204 2454 373 2544 nesciunt,
398 2453 546 2522 futurum
578 2474 634 2540 pro
665 2454 827 2541 praesenti
855 2454 1018 2521 scribunt:
1042 2454 1287 2522 cinamomum
1310 2455 1394 2522 dixit

204 2562 221 2643 §
247 2563 302 2625 50.
336 2559 431 2647 paulo
456 2568 526 2646 post
548 2559 684 2642 λαθρηδύ
708 2559 791 2626 (lixit
814 2567 931 2639 σεμνῶς
953 2559 1037 2628 πύνυ
1061 2581 1119 2648 pro
1149 2560 1260 2646 λῶύρρ.
1294 2565 1312 2648 §
1336 2565 1392 2631 λθ.

203 2663 398 2732 ὑπὸτούτου
428 2665 575 2733 ῶπύντωυ
599 2665 880 2748 συμμαχούμενοι,
914 2667 1022 2753 inepte
1056 2686 1112 2753 pro
1142 2667 1267 2740 τούτους
1291 2665 1394 2735 ύπαν·

203 2795 262 2846 τοις
286 2772 497 2856 συμμύχους,
529 2774 759 2852 συναμοννιςῶς,
789 2769 926 2853 ἔχοντες.
964 2777 981 2861 §
1010 2778 1063 2840 15.
1088 2773 1172 2848 εθθῶς
1200 2771 1272 2859 έση,
1307 2772 1392 2840 idem

203 2878 320 2960 vitium
345 2888 442 2966 atque
466 2881 566 2954 ἐοικὼς
591 2879 644 2962 aa
668 2899 724 2965 pro
755 2877 829 2945 eleae
860 2887 891 2944 et
925 2877 1025 2956 εἴξεις.
1059 2877 1159 2945 altera
1190 2879 1292 2948 iorrua
1322 2888 1394 2947 erat

204 2985 312 3063 εἰδήσειν
341 2985 491 3052 omuibus
523 2987 556 3051 io
590 3005 669 3064 usu,
699 3003 782 3069 quae
807 2983 896 3051 ioede
926 2993 1081 3072 corrupta
1105 2993 1154 3052 est
1179 2986 1212 3051 iu
1236 2986 1393 3052 iauaumai

207 3089 278 3156 Vita
302 3089 441 3178 Pyilap.
468 3094 486 3176 §
515 3095 568 3158 48.
592 3089 774 3172 σπουδύζειν
797 3090 827 3156 δέ
852 3092 904 3157 καὶ
928 3095 1018 3158 τοῦτο
1041 3086 1120 3165 ύπονς
1152 3092 1243 3159 αύτού
1271 3117 1306 3160 τε
1334 3117 1393 3173 μο·

204 3221 258 3270 νας
282 3197 399 3270 ἐκείνας
430 3196 586 3272 εύδύσιοσιν
610 3195 649 3264 αἵ
666 3222 702 3263 τε
723 3203 870 3276 γυναῖκες
892 3198 938 3276 μη
962 3199 1120 3264 νοθεύσυσι
1144 3198 1180 3263 τύ
1203 3197 1309 3279 γένος,
1337 3219 1393 3286 pro

205 3301 370 3376 εἷδύσουσιν
393 3311 427 3368 et
445 3301 622 3368 νοθεύσουσι.
664 3304 682 3387 S
708 3307 760 3369 19.
787 3304 840 3368 ούκ
859 3303 1032 3382 ἐπιβαίνεις
1057 3322 1225 3390 perperam
1249 3325 1306 3392 pro
1329 3307 1394 3372 έπι-

204 3407 323 3485 ὃημεῑς.
359 3408 417 3474 Est
437 3428 552 3495 operae
572 3407 711 3496 pretium
734 3407 842 3476 ridere
863 3411 895 3475 iu
920 3412 961 3495 §§
985 3414 1026 3476 24
1048 3417 1080 3477 et
1102 3414 1144 3477 69
1169 3431 1266 3497 quam
1281 3413 1395 3479 vitiose

206 3512 300 3580 multi
327 3524 395 3582 tum
427 3513 654 3600 loquerentur,
687 3513 784 3580 etiam
818 3515 840 3580 ii
871 3516 927 3602 qui
956 3515 1192 3595 πεπαιδευμένοι
1221 3525 1330 3584 esseut
1361 3525 1395 3584 et

207 3619 370 3708 eleganter
401 3620 530 3688 dioendi
561 3619 688 3687 laudem
721 3619 805 3706 apud
831 3619 945 3706 vulgus
966 3630 1144 3710 captarent.
1193 3621 1393 3710 Turpissima

206 3737 283 3795 sunt
314 3729 586 3810 χειροβλημῶσθυι
616 3727 757 3813 (corrige
788 3735 894 3792 tamen
925 3728 1210 3810 χειροβλιμᾶσθαι,
1243 3749 1317 3796 uam
1355 3749 1394 3797 ex

208 3834 376 3918 βλιμύζειν
400 3844 439 3918 τῇ
462 3835 543 3917 χειρὶ
569 3832 599 3898 id
624 3842 803 3898 monstrum
829 3841 940 3900 natum
966 3836 1047 3920 est),
1080 3833 1244 3901 ύπέιιτεινε
1273 3835 1394 3918 θύπερον

207 3941 257 4009 vel
281 3939 387 4022 ἅτερον
409 3943 468 4005 τῶν
491 3941 649 4017 πενήτων,
674 3946 760 4020 τριῶν
787 3947 911 4019 μηνοῖν,
942 3940 1100 4021 έιιχύνειν,
1134 3948 1167 4006 at
1198 3961 1260 4008 non
1292 3941 1396 4009 mulin

207 4047 341 4116 meliora
366 4048 430 4112 iam
454 4046 637 4112 notavimus
668 4045 751 4132 apud
786 4047 907 4132 ipsum,
932 4046 987 4132 qui
1012 4044 1090 4113 haee
1118 4045 1233 4114 acerbe
1263 4057 1296 4115 et
1326 4049 1397 4116 iure

209 4150 428 4241 reprehendit.
474 4150 657 4238 Lexiphaue
681 4150 814 4238 dignum
837 4161 886 4218 ost
914 4156 970 4232 16,
994 4160 1024 4220 t.
1049 4151 1192 4234 ύλογυν
1213 4156 1397 4222 καταλιπὼν

209 4262 262 4328 τὸν
284 4257 381 4337 οἷκον,
414 4257 453 4326 de
484 4278 521 4324 eo
554 4259 608 4344 qui
639 4260 669 4324 έν
700 4261 742 4341 τῷ
773 4257 841 4341 οἴκῳ
869 4257 982 4338 λύγους
1012 4262 1066 4326 υύιι
1090 4261 1274 4337 reversuros
1302 4259 1396 4348 paulo

209 4376 283 4434 ante
309 4385 366 4451 pro
389 4362 535 4441 νύξυσθαι
560 4364 631 4442 ἡδύν
655 4364 779 4431 dietum
804 4367 945 4451 oportuit
969 4363 1158 4442 ἐννύξαοθαι.
1206 4366 1241 4433 io
1274 4371 1335 4447 66,
1360 4374 1393 4437 9.

209 4473 282 4553 πρὸς
311 4470 431 4546 ύυτθονς
463 4471 533 4546 τοὺς
562 4470 709 4548 έτησθας,
742 4469 844 4544 ύνπθος
870 4471 983 4538 lunum
1020 4481 1069 4539 est
1085 4481 1129 4540 et
1163 4471 1392 4555 Xenornnnnm,
