3160 4972
692 362 762 434 379

139 561 198 622 τῶν
220 556 335 624 οίκείοον
358 565 391 624 et
415 575 471 643 pro
495 556 609 638 τιέτο,
633 557 718 646 quod
742 556 834 622 nihili
860 565 929 634 est,
954 557 1089 623 restituo
1109 557 1226 623 τίεται.
1251 557 1328 624 Con·

141 663 277 729 trarium
311 683 453 731 errorem
486 665 590 732 obiter
621 667 726 732 exime
757 683 795 730 ex
825 662 1034 751 lepidissimis
1058 663 1226 729 versiculis
1249 664 1330 730 lours

139 768 224 857 apud
248 771 363 837 Arnon.
390 771 428 838 X.
454 790 485 857 p.
512 777 586 838 tos.
611 793 641 838 c.

366 874 468 943 ὅντινα
489 876 515 942 δ’
538 879 654 953 εὐειδὴς
677 878 783 957 μίμνει
807 877 914 953 ίιίλεια
937 874 1083 957 πάρευνος

412 989 508 1058 κεῖνος
532 986 591 1050 τῶν
613 982 718 1050 ἄλλων
742 980 898 1065 cleptum
920 982 1038 1048 πίεται.

139 1084 193 1151 ubi
225 1094 257 1153 et
288 1090 450 1155 sementia
482 1098 515 1156 et
548 1098 689 1157 metrum
725 1090 812 1178 (nam
845 1088 957 1168 πίομαι
994 1090 1132 1176 primam
1166 1086 1326 1176 producit)

75 1179 78 1184 ’
137 1193 309 1261 emendare
333 1181 443 1261 iubent
468 1195 624 1279 οίδρίτερον
648 1196 754 1263 πιίτοι.

183 1298 302 1366 Eadem
329 1301 487 1367 medicina
508 1303 688 1370 adhibenda
709 1312 757 1370 est
782 1301 851 1366 loco
874 1300 1103 1380 llanornonrrs,
1131 1300 1214 1367 unde
1237 1320 1328 1387 egre-

136 1402 188 1486 gie
220 1405 466 1474 confirmabitur
498 1409 582 1496 quod
617 1409 657 1476 de
687 1428 747 1475 usu
780 1406 869 1472 verbi
901 1405 1065 1487 κερδαίνειν
1098 1404 1241 1472 diximus
1271 1427 1328 1492 pro

136 1511 413 1598 compendisocerc.
461 1514 594 1601 Legitur
626 1519 657 1582 in
690 1505 842 1603 Apolopic
874 1511 1010 1579 Socratis
1043 1517 1061 1596 §
1094 1515 1125 1577 9.
1163 1513 1328 1594 αίριίοορααι

136 1615 291 1683 τελευτῶν
318 1623 441 1698 μῶλλυν
473 1620 489 1698 ἢ
525 1623 722 1704 ἀνελευθέρως
753 1621 787 1686 τὸ
819 1619 873 1703 ζῶν
904 1609 949 1684 ἔτι
985 1624 1154 1699 προσαιτῶν
1184 1621 1326 1700 aspectum

136 1721 189 1788 τὸν
219 1723 299 1790 πολὺ
330 1727 424 1808 χείρω
455 1727 524 1807 βίον
554 1729 622 1794 dori
660 1727 804 1809 ίανοίτου.
853 1725 989 1791 Librarii
1021 1724 1138 1812 duplex
1173 1725 1325 1792 mendum

137 1829 341 1898 invexerunt.
390 1833 460 1899 Non
486 1836 548 1900 erit
573 1853 653 1920 opus
674 1832 786 1899 multis
807 1829 977 1898 ostendere
997 1840 1169 1918 corruptae
1189 1833 1328 1918 scriptu-

137 1955 192 2002 rae
222 1937 472 2014 absurditatem,
504 1939 531 2004 si
563 1959 671 2006 reram
706 1938 900 2005 indicavero.
955 1937 1140 2023 tegendum
1176 1946 1328 2006 τελευτῶν

137 2062 196 2129 pro
222 2049 398 2125 τελευταῖν,
433 2053 468 2110 ιιι
501 2046 587 2111 inter
618 2067 652 2112 se
682 2053 886 2133 opponantur
908 2049 1059 2111 τελευτῶν
1086 2051 1118 2110 et
1148 2045 1183 2110 nl
1207 2043 1260 2126 ζῆν
1284 2043 1329 2111 ἔτι

137 2157 309 2230 προσαιτῶν
333 2159 366 2218 et
398 2153 468 2218 ῶντί
492 2152 625 2219 ίανοίτοο
653 2151 924 2240 expungendum,
956 2171 1020 2236 quo
1048 2149 1133 2216 lactc
1164 2151 1327 2238 apparebit

138 2255 281 2336 κερδᾶναι
311 2257 363 2322 τὸν
390 2257 471 2325 πολὺ
494 2259 587 2341 χείρω
616 2258 684 2338 βίον
708 2278 777 2325 esse
801 2257 1067 2344 compendifacere
1096 2257 1212 2324 malam
1245 2266 1329 2324 aeta·
1375 2251 1377 2256 ¹

138 2367 218 2426 tem.
268 2361 350 2428 Sunt
381 2366 412 2430 in
446 2363 505 2430 boc
529 2365 721 2430 suavissimo
750 2366 962 2431 llxnoruonnrs
991 2364 1133 2449 scripto,
1163 2363 1247 2450 quod
1269 2373 1328 2430 're-

138 2465 284 2533 ctissime
314 2469 373 2534 riri
401 2469 486 2536 docti
517 2471 769 2538 Memorabilium
799 2469 949 2536 ultimum
983 2477 1080 2554 caput
1113 2467 1211 2535 inisse
1242 2469 1328 2536 arbi-

140 2579 289 2652 trantur‚
325 2583 357 2642 et
387 2575 450 2642 alia
475 2577 685 2655 emblemata,
719 2577 831 2641 insunt
860 2583 893 2641 et
923 2573 1023 2640 multo
1055 2572 1146 2660 plura
1176 2595 1273 2661 quam
1295 2577 1327 2642 in

137 2677 410 2761 ίίαιιιοναίιιίίίίυε,
431 2702 514 2769 quae
530 2681 793 2750 emendatissima
811 2689 906 2757 sunt,
930 2681 1207 2752 scribarnmvitia
1224 2691 1257 2747 et
1276 2701 1328 2748 er·

138 2805 238 2852 rores.
286 2787 368 2868 Quid
395 2796 480 2854 vetat
507 2809 563 2876 per
587 2789 669 2856 hanc
698 2788 898 2854 occasionem
929 2785 1099 2852 nonnullos
1129 2786 1327 2874 patefacere?

136 2891 170 2956 ltt
195 2895 246 2978 §5
272 2913 331 2980 pro
354 2895 406 2960 acl
432 2890 450 2960 δ’
469 2917 501 2960 τι
519 2896 720 2980 οὶπολογῆπρ,
741 2895 868 2979 corrige
891 2890 909 2958 d
922 2917 952 2958 τι
973 2892 1025 2959 καὶ
1049 2894 1252 2973 ῶπολνγιὶοει.
1290 2894 1325 2960 ltt

137 2999 211 3080 §7.
238 2994 314 3065 ὅταν
336 3037 382 3050 -
412 3001 495 3082 ὑγιὲς
528 3005 564 3070 τὸ
591 3008 682 3082 σῶμα
706 2999 786 3082 ἔχων
811 3037 852 3050 -
878 2999 1148 3080 ἀπομαραίνηται,
1180 3007 1243 3074 πῶς
1274 3001 1329 3066 οὐκ

137 3101 262 3184 ἀνάγκη
295 3111 401 3172 πρῶτον
432 3108 563 3174 ποίεινὸν
599 3106 695 3186 εἶναις
731 3105 843 3194 supple
877 3105 1134 3187 ἀποροαραίννταί
1166 3130 1232 3181 τις.
1293 3106 1327 3172 lu

137 3216 229 3298 §¹¹-
259 3211 407 3294 θαυμάζοι
438 3215 586 3291 Μελήτου
614 3211 672 3298 ὅτῳ
700 3215 775 3280 ποτὲ
806 3213 896 3292 γνοὺς
927 3211 1016 3291 λέγει
1047 3215 1085 3287 ῶς
1118 3214 1182 3282 aad.
1216 3213 1328 3301 supple

137 3303 299 3399 ὅτῳποτέ
331 3320 421 3399 γνοὺς
449 3321 602 3404 τεκμηρίῳ
633 3321 732 3399 λέγει.
770 3320 806 3386 ln
841 3322 935 3404 §lb
967 3319 1100 3400 βροντὰς
1127 3321 1159 3385 δὲ
1187 3321 1328 3404 οιμφιλὲ·

137 3423 182 3498 ξει
202 3447 250 3498 τις
277 3426 322 3505 μίν
350 3433 478 3510 φανεῖν,
511 3436 638 3493 mutato
666 3436 801 3493 accentu
826 3425 952 3510 corrige
974 3425 1034 3499 τίς.
1082 3424 1118 3491 ln
1145 3427 1233 3511 §tm
1256 3429 1328 3510 φία-

138 3535 255 3605 νοῶντες
286 3532 312 3596 εί
340 3532 392 3597 καὶ
423 3533 510 3614 παρὰ
534 3536 605 3599 θεῶν
631 3531 813 3615 μειζίνυνῆ
840 3533 928 3598 αὐτοὶ
953 3531 1108 3613 τυγχάνοι
1140 3552 1197 3619 pro
1225 3535 1250 3599 al
1274 3533 1330 3600 καί

139 3635 323 3703 emendari
346 3661 401 3712 τοι.
458 3638 625 3706 Emblema
651 3650 699 3706 est
726 3641 758 3704 in
784 3642 802 3724 §
826 3643 877 3705 15.
909 3641 1002 3704 ταῦτ’
1025 3638 1215 3714 οὶιιούοαντες
1238 3641 1264 3706 οί
1287 3639 1328 3707 δι·

139 3733 235 3811 κατα)
259 3739 303 3809 ἔτι
327 3747 451 3822 μᾶλλον
475 3745 633 3826 ἐθορύβουν
662 3743 825 3835 [είκίτειρ].
875 3745 1017 3811 lectoris
1049 3753 1098 3811 cst
1126 3745 1329 3814 additamen-

141 3857 209 3914 tum
243 3831 298 3916 που
332 3853 468 3932 mirum,
505 3851 590 3940 quod
627 3851 789 3917 llanornon
820 3852 888 3936 ipse
919 3870 981 3916 non
1009 3859 1076 3917 tam
1109 3848 1225 3937 frigide
1256 3853 1330 3920 istic

139 3953 326 4022 addidisset.
374 3958 410 4024 ln
446 3962 463 4043 §
490 3961 542 4024 16.
574 3956 757 4040 δικαιότερον
785 3957 817 4024 δὲ
846 3955 917 4022 τίνα
948 3955 986 4022 ἂν
1016 3943 1139 4032 eludam
1170 3961 1330 4039 νομίσαιτε

137 4067 191 4129 ταῶ
216 4063 289 4145 πρὸς
313 4065 355 4131 τοὶ
383 4063 524 4148 παρόντα
554 4063 818 4146 συνηρμοσμένου,
851 4065 890 4138 ὡς
920 4069 979 4129 τῶν
1009 4065 1175 4147 ἀλλοτρίων
1202 4067 1330 4146 μηδενὸς

137 4170 351 4252 προσδεῖσθαι,
384 4171 506 4238 excidit
539 4181 609 4257 post
638 4176 693 4238 τοῦ
726 4168 1027 4258 compendiatum,
1059 4172 1143 4258 quod
1168 4173 1332 4259 significat

138 4274 214 4343 οὔτοι
247 4286 281 4344 et
313 4275 527 4364 supplendum
555 4283 609 4344 τοῦ
645 4275 720 4344 οὕτω
753 4279 825 4361 πρὸς
850 4278 894 4344 τὰ
921 4276 1058 4361 παρόντα
1089 4279 1332 4362 συνηρμοσμένον

137 4385 187 4458 ῶς.
236 4383 397 4471 Perpetuo
421 4403 532 4450 errore
555 4383 801 4451 confunduntur
827 4385 912 4451 inter
935 4404 969 4450 se
992 4387 1043 4463 οὐ,
1071 4381 1157 4452 odet
1182 4385 1259 4454 οὕτω
1285 4386 1330 4475 (od

139 4490 171 4556 in
191 4489 318 4580 codd).
365 4489 520 4576 llxempla
542 4491 668 4557 suntin
690 4492 805 4577 utravis
825 4492 945 4558 iuniore
967 4488 1128 4577 farragine
1148 4491 1332 4580 discrepan-
