3150 4972
756 325 827 398 lut

200 523 334 589 tinorum
377 523 643 593 venustissimum
686 523 863 601 Ριιτοιιειι,
899 525 1036 610 qu'orum
1073 522 1215 591 locorum
1252 539 1316 611 qno
1348 525 1392 592 ait

201 629 380 696 evidentior
403 631 560 697 correptio
584 631 789 718 praemittam
811 650 828 696 e
851 630 988 696 Patrona
1008 628 1078 696 illus
1098 629 1201 708 locos,
1225 631 1281 718 qui
1310 630 1391 697 anti·

201 755 297 823 quam
321 735 588 802 eonsuetudiuem
614 745 744 801 servant
769 734 975 802 ineolumem.
1002 737 1137 823 Legitur
1159 737 1192 803 in
1217 736 1391 826 Ροιιίοροια

202 864 231 930 p.
257 849 333 909 357.
358 841 395 910 Ε.
421 841 520 926 ιθστερ
544 841 601 908 ύπθ
626 841 787 919 διαιτητῶν
813 845 916 922 ἡμῶν,
942 843 974 908 in
1008 843 1131 909 Τιίοιαοο
1155 863 1185 930 p.
1213 849 1266 910 27.
1293 845 1327 910 B.
1352 847 1391 919 ιθς

199 949 242 1024 είς
267 948 398 1022 taxarat
422 951 526 1028 ἡμᾶς,
550 968 582 1036 p.
608 953 661 1014 79.
688 949 725 1015 Α.
749 952 809 1030 ῥεῖν
832 946 931 1030 ιθοπερ
951 949 989 1015 δι’
1000 950 1134 1023 αύλῖινος
1153 954 1206 1015 τοῦ
1228 949 1391 1031 σώματος,

200 1077 230 1144 p.
255 1061 308 1122 91.
330 1055 364 1121 C.
387 1058 426 1129 ὡς
444 1057 488 1128 είς
509 1052 637 1137 θρουραν
656 1057 712 1133 τίρν
731 1057 853 1137 μήτραν
873 1055 1159 1136 νατασπείριιντες,
1183 1057 1215 1122 ln
1235 1055 1312 1142 Rap.
1333 1057 1390 1123 lll.

197 1165 228 1231 tl.
259 1167 334 1230 tlt.
365 1161 401 1228 E.
435 1163 482 1229 δεῖ
502 1163 540 1235 cla
573 1161 641 1242 τερ)
670 1162 783 1242 μντρθς
821 1161 873 1226 καί
896 1165 1010 1243 τροφοῦ
1034 1170 1090 1238 τῆς
1113 1160 1219 1246 χιθρας
1243 1162 1389 1241 ἀμύνειν,

201 1268 270 1337 Vll.
293 1289 324 1356 p.
345 1272 427 1343 520,
448 1268 488 1337 Ε.
511 1269 550 1341 aa
574 1268 625 1334 ἐπ’
645 1269 819 1347 αναγκαῖον
839 1263 897 1333 alre
917 1267 952 1332 πθ
969 1265 1096 1352 θρχειν,
1117 1269 1201 1336 Vlll.
1215 1291 1246 1356 p.
1261 1275 1337 1337 545.
1351 1271 1389 1336 Ε.

197 1378 236 1451 ιθς
261 1377 332 1457 πρὸς
357 1375 473 1446 παῖδας
498 1376 603 1454 ἡμᾶς,
634 1373 757 1440 Thauri.
784 1393 814 1460 p.
847 1376 917 1440 170.
940 1375 975 1439 A.
997 1373 1097 1458 ιθσπερ
1117 1379 1188 1458 πρὸς
1209 1377 1390 1461 θεούςὲχειν

195 1485 265 1556 σούς
290 1483 320 1548 ἔν
344 1479 464 1554 ἐκύσοιι
487 1481 656 1566 ύρχοντοος.
705 1479 847 1546 Eandem
872 1478 1001 1546 dicendi
1023 1483 1180 1550 rationem
1202 1483 1316 1550 erebra
1340 1503 1390 1551 se·

196 1597 343 1678 quantur
365 1607 502 1678 ‘onlnem
533 1587 589 1674 qui
622 1595 747 1653 veteres
778 1587 810 1651 in
841 1584 1012 1653 scribendo
1036 1588 1267 1669 imitabantur,
1289 1592 1386 1658 etiam

194 1697 250 1784 qui
283 1714 344 1762 non
377 1713 570 1780 magnopere
600 1700 790 1759 ornamenta
824 1693 979 1758 orationis
1010 1701 1042 1760 et
1067 1691 1217 1761 flosculos
1243 1695 1387 1763 solebant

195 1803 316 1870 venari.
349 1801 544 1867 Puurrnenua
569 1800 601 1864 in
629 1799 774 1866 Cicerone
796 1818 866 1884 r-ap.
889 1803 909 1865 6
930 1796 1030 1882 ύοτερ
1049 1802 1092 1874 εῖς
1113 1805 1254 1881 πέλανος
1268 1803 1388 1883 ύχοινὲς

194 1912 250 1986 τὴν
273 1907 362 1976 πόλιν
385 1906 543 1985 ἐμπεσών,
572 1907 603 1970 lu
630 1904 725 1970 Arato
748 1923 818 1991 cap.
844 1909 897 1972 38.
923 1905 1063 1987 καθάπερ
1080 1907 1111 1971 la
1130 1908 1197 1989 δίοιρ
1215 1917 1255 1990 τῇ
1272 1910 1386 1993 ῖςορίιρ,

193 2021 225 2082 el
249 2033 319 2101 cap.
347 2019 385 2080 ll
413 2009 513 2094 ύσπερ
541 2010 592 2077 ἐπί
616 2011 767 2089 ναυαγίου
789 2019 845 2087 τῆς
868 2011 1023 2092 πατρίδος,
1048 2021 1080 2078 et
1104 2011 1180 2076 alibi
1196 2033 1302 2096 saepe.
1329 2013 1386 2080 Lu·

193 2119 359 2186 auleatum
384 2126 433 2185 est
458 2115 640 2203 exemplum
665 2116 750 2203 apud
775 2115 1084 2184 insumptum.
1110 2137 1139 2204 p.
1162 2119 1384 2187 liorlllxal

192 2225 304 2308 θμθσαι
336 2227 375 2299 aa
405 2223 494 2291 ιιατθι
526 2224 595 2289 θεῶν
626 2231 685 2288 τῶν
713 2224 878 2305 τρογθνιιν·
901 2225 935 2289 οὐ
958 2223 1006 2301 μοὶ
1029 2223 1100 2298 τοὺς
1124 2227 1289 2306 Μαραθῶνι
1313 2251 1385 2309 προ-

192 2332 445 2404 κινδυνεύσαντας
475 2337 534 2396 τῶν
565 2327 726 2411 πρινίνων.
752 2329 877 2396 Similia
903 2328 1002 2396 multa
1027 2349 1064 2396 ex
1090 2331 1293 2418 sequioribus
1320 2333 1387 2400 eol·

194 2441 272 2526 legit
297 2439 478 2505 [lormmnus
511 2434 549 2501 ad
577 2434 775 2502 Curmrauau
800 2457 828 2522 p.
859 2441 939 2512 138,
964 2439 1003 2508 ύς
1027 2436 1226 2515 laturarium
1250 2443 1303 2504 πού
1328 2437 1386 2504 τύ-

190 2553 271 2631 φον,
303 2544 427 2623 {natira
459 2539 558 2623 ὥσπερ
592 2541 650 2606 ὑπὸ
682 2540 791 2625 ξίφους
815 2547 869 2607 τοῖν
893 2541 1006 2621 λύγον,
1031 2541 1131 2625 ὥσπερ
1155 2545 1189 2610 ἐκ
1213 2547 1386 2622 συμποσίου

191 2657 245 2720 τοῦ
279 2651 350 2732 βίον
384 2649 550 2727 ύνοιοιύειν,
584 2646 665 2722 alia;
693 2656 726 2714 et
758 2646 889 2714 (iremus
921 2646 960 2712 ad
996 2649 1114 2716 llrurrrt
1146 2649 1387 2717 Cnnrsusrorrur

193 2782 225 2847 p.
253 2761 315 2837 70,
339 2754 438 2838 ὥσπερ
461 2757 524 2822 ἀπὸ
549 2755 662 2836 μντρθς
681 2762 738 2830 τοῖς
757 2761 835 2832 γῆς,
860 2755 899 2826 aa
916 2755 947 2819 lu
970 2754 1197 2839 ςρατοπὲδριπῡ
1213 2755 1322 2836 πθλει,
1346 2759 1385 2830 alr

191 2871 222 2933 ἐν
246 2865 340 2948 σούφρ
363 2865 405 2947 τῷ
430 2864 564 2943 ούμοισι.
614 2861 800 2945 Transpone
825 2858 903 2925 haee
923 2868 955 2926 et
975 2861 1096 2926 senties
1113 2863 1383 2948 praepositionem

190 2993 261 3040 esse
293 2970 492 3037 iterantium:
524 2967 672 3034 ύναιιύειν
706 2966 740 3030 ἐκ
763 2969 816 3031 τοῦ
838 2965 929 3044 βίον,
955 2962 1053 3047 θοπερ
1078 2967 1113 3031 ἐκ
1135 2966 1327 3045 συμποσίου,
1353 2969 1384 3034 ἕν

191 3081 234 3162 τῷ
257 3081 398 3156 ούματι,
423 3073 522 3156 ύσπερ
546 3075 578 3139 ἒν
601 3073 705 3155 τύφῳ.
753 3072 866 3157 ltaque
889 3071 1003 3136 vilium
1023 3073 1171 3160 concepit
1189 3071 1319 3158 elegans
1342 3073 1383 3140 lo·

193 3205 251 3252 eus
275 3185 458 3250 Λιιτινιιιιιιε
482 3181 515 3245 iu
541 3179 669 3245 Sramer
692 3177 807 3243 Floril.
833 3175 939 3243 CXVI.
969 3181 1020 3244 tt.

372 3290 444 3372 πρθς
468 3286 531 3368 γὰρ
555 3285 590 3350 nl
614 3295 712 3368 γῆρας
736 3281 837 3366 ιθοτερ
860 3284 1037 3365 ἐργαςιίριον

374 3393 505 3463 ἅπαντα
527 3392 719 3474 τθνθριθπεια
743 3395 918 3474 προσφοιτᾷ
942 3389 1038 3457 καινοί.

193 3511 286 3592 poeta
310 3502 441 3570 dederat
465 3503 502 3576 ύς
527 3500 600 3582 πρὸς
624 3499 821 3581 ε’ρροιςύριον,
848 3505 883 3562 ut
902 3497 934 3561 in
952 3497 1183 3564 venustissimo
1202 3497 1383 3584 fragmento

194 3613 304 3680 arsur
336 3611 362 3677 l.
393 3612 460 3691 περί
489 3611 594 3675 τοῦτον
625 3606 677 3672 τὸν
701 3602 842 3680 κθπιιλον
865 3605 904 3676 ιθς
928 3604 995 3685 περὶ
1019 3603 1117 3680 τύλην
1141 3603 1383 3689 διαφθείρονται,

192 3727 225 3786 et
248 3719 322 3806 quis
346 3735 408 3783 non
432 3725 481 3781 est
509 3733 602 3800 saepe
628 3711 670 3777 ita
696 3709 845 3776 loeutnel
872 3709 1122 3797 Transposueris
1147 3710 1226 3788 ista,
1251 3729 1384 3798 praepu-

193 3825 268 3891 eitin
300 3823 425 3889 inutilis
456 3820 571 3887 abibit:
602 3821 642 3893 ύς
673 3818 745 3898 πρὸς
771 3816 947 3898 ίρναςύρισν
970 3817 1006 3882 τύ
1029 3823 1147 3898 ρίῐρας,
1172 3816 1270 3883 simul
1294 3836 1383 3883 eam·

194 3929 372 4019 parationis
396 3928 478 3995 ratio
503 3926 694 3992 mutabitur.
743 3922 777 3988 Si
806 3921 894 3988 dices
916 3920 1179 3989 ύποιοιοιοίστεσθιιι
1204 3923 1252 3990 δεῖ
1272 3925 1308 3989 ἐκ
1329 3929 1384 3990 τού

193 4038 264 4118 βίου
305 4035 403 4116 ὥσπερ
439 4035 474 4099 ἐν
517 4033 704 4113 συμποσίου,
741 4028 773 4094 in
811 4028 907 4095 verbu
942 4029 1010 4115 ipso
1046 4033 1129 4094 inest
1165 4030 1383 4117 comparatio,

192 4141 292 4223 θοπερ
324 4144 357 4208 ἒιι
389 4140 559 4219 συμποσίου
589 4138 638 4204 δεῖ
665 4136 831 4211 ιὀπιλθεῖν,
867 4135 898 4201 itl
923 4144 972 4201 esl
996 4134 1128 4212 κοσμίως
1153 4136 1205 4202 καί
1229 4137 1384 4215 εύίύμυς,

160 4245 268 4317 ,vilra
300 4247 353 4314 καί
383 4247 417 4311 ἐκ
447 4250 501 4311 τοῦ
529 4243 616 4323 iiior:
650 4251 761 4309 cnrrtra
793 4238 892 4323 ὥσπερ
915 4239 949 4306 ἐν
973 4242 1144 4320 συμποσίου
1166 4247 1220 4309 τοῦ
1242 4241 1314 4322 βίον
1338 4243 1387 4310 δεῖ

191 4355 338 4421 ἀναλύειν
373 4352 400 4419 si
434 4350 574 4430 dixerit,
612 4349 671 4416 hor
703 4347 805 4414 dices:
834 4347 848 4411 θ
879 4346 948 4426 βίος
982 4347 1044 4418 lala
1068 4344 1124 4414 οἶον
1148 4347 1317 4429 σνμπθσιθν
1340 4369 1382 4413 τι.

192 4459 332 4550 καθύπερ
363 4453 412 4524 οὖν
442 4482 489 4534 τις
521 4458 556 4524 ἓν
586 4455 756 4542 συμποσίου
785 4451 979 4537 θ’τέρχεται,
1001 4449 1077 4521 οὕτω
1100 4456 1153 4522 καί
1177 4455 1212 4521 ἐκ
1235 4457 1288 4522 τοῦ
1311 4452 1383 4534 βίον
