3178 4972
816 357 866 430 44

249 551 471 635 ότοδείξατόαι
493 553 542 620 vel
562 554 794 638 όποφιίναείαι.
843 558 859 641 ς
886 559 917 620 5.
948 552 1085 635 καόαρόις
1104 550 1318 632 όδικνμιίτοινε
1331 550 1439 628 ἄδικα·

248 665 357 746 μόνον
382 661 497 730 melius
521 659 635 728 oberit.
683 663 753 746 §t.
785 655 858 725 όπου
879 660 942 741 γὰρ
966 657 1005 726 ἂν
1027 658 1136 743 lidus:
1162 660 1207 722 sie
1240 656 1442 744 negligenter

249 768 422 838 admodum
446 769 472 834 ιί
496 766 612 833 ἰδιῶται
640 764 853 852 loquebamur
875 785 933 853 pro
957 760 1044 844 ὅποι,
1074 785 1155 852 quos
1178 767 1314 852 uestigat
1340 764 1439 829 Pour-

249 895 355 942 ruorrue
375 895 405 960 p.
419 878 472 941 45.
494 893 557 959 quo
576 873 646 938 viro
666 875 724 938 ποῦ
737 869 810 938 ἄπει
821 872 927 938 securi
941 869 1107 948 dicebant,
1130 870 1214 938 unde
1228 891 1314 958 nune
1327 869 1438 936 huius-

250 981 335 1047 modi
348 981 425 1046 vitio
448 979 689 1056 Χειιουιιοιιτιιι,
710 978 887 1054 Ριιιουιειι,
908 977 1150 1056 Deuosrurruur,
1163 977 1242 1043 alios
1256 977 1438 1062 inquinant.

294 1087 396 1175 ttpist.
421 1089 454 1152 9.
491 1083 567 1171 quid
592 1084 636 1150 sit
655 1085 849 1152 όποδίδοπίαι
869 1084 921 1149 καί
943 1085 1081 1150 ὠνείπόαι
1102 1084 1166 1151 ε’πί
1186 1088 1308 1152 λεπτῶν
1321 1079 1438 1164 τερμό-

248 1218 306 1259 τιιν
329 1193 452 1268 neseio,
477 1189 536 1256 lroe
556 1191 622 1254 seio
643 1210 700 1276 pro
723 1191 901 1271 λυπνρόιν
923 1190 1009 1272 φόρει
1029 1192 1085 1266 τὴν
1105 1191 1304 1273 παραμυθίαν
1325 1207 1438 1254 rerunt

248 1320 318 1366 esse
337 1297 475 1379 λυπριίν,
496 1307 586 1361 tenue
604 1295 760 1362 solatium.
797 1299 814 1382 §
839 1303 869 1362 5.
894 1295 963 1364 ἔται
983 1297 1058 1376 παρ’
1080 1299 1223 1371 αὐτοῖς
1247 1319 1293 1368 τις
1313 1295 1363 1360 διὰ
1384 1297 1439 1359 τοῦ
1531 1371 1535 1378 .

248 1405 446 1486 παραμυόία;
473 1405 624 1468 imovero
640 1405 713 1482 παρ’
726 1404 837 1468 αὐτῶν.
863 1402 1025 1468 Διονυσίων
1036 1401 1053 1478 ἣ
1066 1401 1276 1482 Ἀπατουρίων
1298 1415 1438 1467 τελου-

247 1511 345 1593 μόνον
356 1535 389 1576 νε
418 1509 513 1575 Artior·
533 1508 702 1587 ιίγομόνυν.
715 1547 758 1558 -
772 1513 921 1575 πολλοῦ
942 1507 1104 1574 δόναοόαιε
1118 1509 1256 1594 pessime
1276 1527 1334 1594 pro
1346 1507 1437 1573 πολιί.

293 1616 396 1702 Epist.
423 1617 472 1680 10.
518 1613 625 1680 πιόντα
649 1612 847 1694 πανταχόθεν
868 1613 1121 1697 τυνυέφελαε
1147 1615 1226 1680 uitis
1247 1614 1370 1680 Atticus
1390 1611 1438 1678 di·

248 1723 347 1788 xisset
375 1720 570 1802 ενννέιοφεν,
602 1718 699 1805 idque
727 1721 833 1806 ipsum
870 1725 1083 1786 Διοινιιοοιιοιι
1113 1718 1239 1786 dedisse
1269 1719 1438 1807 suspicor,

248 1826 396 1893 librarios
420 1825 575 1902 iorrnom,
599 1843 695 1910 quum
722 1845 782 1891 non
807 1835 978 1912 cuperent,
1002 1824 1216 1892 oblitterasse.

293 1933 395 2020 Epist.
426 1939 474 1998 ll.
521 1930 655 1997 classem
681 1931 810 1998 mittere
840 1933 883 2005 είρ
905 1933 962 2008 τὴν
987 1931 1145 2016 ὑπερορίαν
1175 1932 1271 1996 nimis
1295 1929 1439 2017 lepidum

248 2048 309 2106 est.
335 2042 353 2123 §
378 2042 411 2105 2.
432 2038 594 2120 φεύγομεν
613 2037 631 2114 ἢ
650 2036 798 2117 μόνομενε
823 2036 892 2122 lege
911 2038 1082 2121 φεύγωμεν
1103 2038 1283 2117 ἣμένιιμεν.
1307 2036 1441 2104 lletuini

248 2165 300 2212 me
320 2143 405 2232 apud
426 2144 534 2209 neseio
553 2162 648 2228 quem
673 2141 779 2228 legere
798 2144 985 2222 senorium,
1007 2143 1090 2230 epod
1106 2143 1291 2219 Ειιιιινιοειι,
1306 2144 1439 2230 opinor:

473 2249 644 2332 φεύγωμεν
668 2249 685 2325 ἢ
709 2249 849 2329 μένωμεν
872 2250 889 2326 ἢ
914 2250 947 2315 τί
968 2249 1137 2331 δροίοομενε

292 2355 395 2441 Epist.
425 2360 475 2422 12.
513 2357 552 2428 όρ
582 2354 622 2421 δν
655 2351 1027 2436 ἔχοι-περιπλεῖνε
1067 2355 1177 2423 molles
1208 2363 1238 2422 et
1272 2353 1441 2422 delicatuli

247 2461 465 2529 adolescentes
487 2459 583 2528 Attici
606 2460 748 2528 solebant
773 2463 873 2528 animi
897 2481 994 2528 eausa
1015 2469 1203 2544 παραπλεῖν.
1240 2464 1311 2545 52.
1335 2485 1441 2527 κατα-

248 2569 379 2642 κλιόείςε
402 2586 515 2634 revoca
529 2568 736 2638 κατακλινείο.
763 2573 778 2653 §
801 2572 833 2634 6.
857 2567 935 2635 οὐδὲ
959 2568 1022 2648 γόιρ
1034 2569 1088 2633 οὐκ
1103 2567 1202 2646 όλίγοι
1214 2573 1273 2632 τῶν
1286 2567 1440 2646 iuretur:

246 2695 305 2762 pro
328 2673 395 2741 οὐδέ
409 2675 606 2760 reposuerim
619 2669 699 2740 είδον
712 2682 744 2740 et
765 2693 837 2740 mox
858 2675 889 2740 iu
903 2673 1064 2757 τόργιίριόν
1087 2699 1129 2754 με
1149 2673 1283 2754 διέχει
1308 2673 1441 2760 requiro

243 2781 400 2848 norisium
424 2779 536 2862 διέχεε.

292 2887 392 2974 Epist.
421 2891 473 2954 tt.
509 2887 566 2952 ὑπό
588 2885 699 2969 χρόνου
722 2885 978 2975 [reuertemur
1003 2905 1161 2972 expunge.

288 2991 392 3078 Epist.
422 2997 472 3056 15.
509 2995 556 3065 τίς
579 2990 655 3073 γόρ
679 3015 740 3058 ποι
773 2997 832 3058 τῶν
861 2993 940 3071 ἐμῶν
968 2994 1113 3075 φροντίς;
1137 2990 1220 3057 tnule
1243 2991 1352 3059 editur
1376 3011 1438 3078 pro

242 3096 306 3178 γδρ
328 3097 386 3163 ποί.
435 3095 651 3162 Bellissimum
676 3097 828 3183 estquod
854 3099 1002 3184 sequitur
1023 3100 1173 3184 ρ’ριίυμίαι
1198 3095 1434 3176 ἠξιωμένοις

243 3222 304 3269 non
329 3205 437 3280 enim,
459 3200 574 3280 eredo,
596 3203 670 3288 quia
692 3204 874 3282 ἐπιμελείας
894 3211 1015 3280 πολλοῖς
1035 3205 1196 3286 ἠξιωμένον
1218 3202 1436 3271 benedictum

240 3317 306 3384 est,
331 3306 404 3373 licet
432 3307 489 3373 hoe
517 3308 547 3372 in
574 3311 934 3392 eontrariumxvertere.

285 3413 391 3500 Epist.
417 3416 470 3479 17.
495 3415 666 3489 ἐλπίδες
690 3411 739 3481 οὖν
763 3415 815 3482 καί
836 3423 894 3483 τῶν
915 3416 1045 3492 πλιιοίου
1062 3415 1148 3490 τινας
1168 3417 1339 3495 ἐκαλοῦμεν
1351 3413 1439 3496 μερί-

240 3543 299 3593 τας
319 3521 571 3604 ἀποφαίνειν
590 3521 881 3601 ἀπαγγελλόμενον.
908 3521 1007 3589 Nihili
1027 3522 1214 3596 deterrere
1235 3519 1302 3598 οὗν,
1321 3540 1437 3588 reuoca

240 3625 321 3693 dues
345 3625 506 3694 litterulas
531 3627 683 3714 fugitivus
707 3636 739 3693 et
765 3627 896 3695 hebebis
926 3626 1076 3696 ilhetoris
1101 3647 1249 3694 manum:
1274 3627 1437 3700 εὐέλπιδες

240 3729 289 3798 οὖν
304 3733 368 3799 ατί.
405 3733 441 3799 ln
464 3734 650 3818 ἀποφαίνειν
675 3732 858 3800 truletieius
882 3754 972 3800 error
996 3743 1063 3815 est,
1089 3733 1224 3800 emenda
1248 3736 1436 3817 ἀποφανεῖν.

241 3837 426 3905 Sexcenties
449 3840 497 3905 sio
523 3849 694 3926 peccatur,
721 3839 909 3926 plerumque
934 3843 1076 3926 impune.
1101 3905 1104 3916 ,
1125 3842 1144 3926 §
1168 3845 1199 3906 3.
1234 3840 1323 3915 τέλος
1343 3839 1435 3920 μόγῳ

240 3946 360 4026 πολλῷε
388 3964 449 4010 non
483 3946 511 4011 is
534 3953 584 4012 est
617 3949 807 4024 Αιοιιιιιιοιι,
832 3947 887 4031 qui
920 3948 952 4011 io
985 3947 1129 4012 oratione
1151 3946 1287 4014 Atticum
1313 3945 1436 4013 relerre

240 4058 406 4135 satagente
438 4055 567 4117 nomine
603 4051 701 4129 μόγις
734 4059 855 4118 utetur.
906 4051 1154 4118 Restitueudum
1188 4072 1258 4120 esse
1291 4052 1436 4118 arbitror

240 4155 323 4241 quod
351 4157 383 4220 in
409 4155 467 4222 heo
494 4177 527 4222 re
549 4177 645 4244 ¹saepe
665 4154 784 4242 legitur
806 4165 839 4223 et
863 4157 946 4244 opud
971 4156 1049 4222 alios
1069 4165 1098 4222 et
1124 4159 1156 4223 in
1183 4161 1330 4224 descurur
1353 4155 1434 4222 Per·

240 4263 342 4327 rr'rrs.
356 4261 557 4342 ὅθθμόγις
574 4265 680 4345 πολλῷ
703 4263 915 4344 τίνα-οὐχ
936 4259 985 4328 ἵνα
1007 4263 1277 4347 ἐπιγελιόεγςι
1302 4260 1434 4350 pervul-

239 4375 334 4452 gatus
358 4367 505 4437 codicum
527 4389 636 4436 error:
663 4371 875 4450 ε’πιγελιῖιοει
897 4369 1056 4448 arridere,
1083 4370 1263 4456 requiritur
1282 4368 1435 4448 irridere,

238 4471 277 4538 ἵν’
301 4474 533 4561 ἕπεγγελιίορς.
1111 4493 1114 4500 “
