<?xml version="1.0" encoding="UTF-8"?>
<!DOCTYPE html PUBLIC "-//W3C//DTD XHTML 1.0 Transitional//EN"
    "http://www.w3.org/TR/xhtml1/DTD/xhtml1-transitional.dtd">
<html xmlns="http://www.w3.org/1999/xhtml" xml:lang="en" lang="en">
 <head>
  <title>
</title>
<meta http-equiv="Content-Type" content="text/html;charset=utf-8" />
  <meta name='ocr-system' content='tesseract 3.04.00' />
  <meta name='ocr-capabilities' content='ocr_page ocr_carea ocr_par ocr_line ocrx_word'/>
</head>
<body>
  <div class='ocr_page' id='page_1' title='image "./variaelectiones04cobegoog_0335.png"; bbox 0 0 3204 4978; ppageno 0'>
   <div class='ocr_carea' id='block_1_1' title="bbox 815 319 887 392">
    <p class='ocr_par' dir='ltr' id='par_1_1' title="bbox 815 319 887 392">
     <span class='ocr_line' id='line_1_1' title="bbox 815 319 887 392; baseline -0.028 0"><span class='ocrx_word' id='word_1_1' title='bbox 815 319 887 392; x_wconf 74' lang='lat'><strong>298</strong></span> 
     </span>
    </p>
   </div>
   <div class='ocr_carea' id='block_1_2' title="bbox 256 511 1488 4542">
    <p class='ocr_par' dir='ltr' id='par_1_2' title="bbox 256 511 1488 4542">
     <span class='ocr_line' id='line_1_2' title="bbox 256 511 1452 604; baseline -0.005 -20"><span class='ocrx_word' id='word_1_2' title='bbox 256 518 432 603; x_wconf 74' lang='grc' dir='ltr'><strong><em>ᾠδικώτερον</em></strong></span> <span class='ocrx_word' id='word_1_3' title='bbox 463 516 562 585; x_wconf 75' lang='grc' dir='ltr'><strong><em>ἄλλον</em></strong></span> <span class='ocrx_word' id='word_1_4' title='bbox 585 515 671 595; x_wconf 74' lang='grc' dir='ltr'><strong><em>δοἚοιι</em></strong></span> <span class='ocrx_word' id='word_1_5' title='bbox 695 513 802 604; x_wconf 76' lang='grc' dir='ltr'><strong>[ᾄττει]</strong></span> <span class='ocrx_word' id='word_1_6' title='bbox 827 517 858 582; x_wconf 76' lang='grc' dir='ltr'><strong>ἐν</strong></span> <span class='ocrx_word' id='word_1_7' title='bbox 883 516 926 598; x_wconf 73' lang='grc' dir='ltr'><strong>τῷ</strong></span> <span class='ocrx_word' id='word_1_8' title='bbox 952 515 1133 596; x_wconf 80' lang='grc' dir='ltr'><strong><em>τνμτοούῳ,</em></strong></span> <span class='ocrx_word' id='word_1_9' title='bbox 1158 531 1220 578; x_wconf 80' lang='lat' dir='ltr'><strong>raon</strong></span> <span class='ocrx_word' id='word_1_10' title='bbox 1243 511 1364 580; x_wconf 86' lang='lat' dir='ltr'><strong>dicitur</strong></span> <span class='ocrx_word' id='word_1_11' title='bbox 1386 511 1452 596; x_wconf 76' lang='grc' dir='ltr'><strong><em>ᾄδοι</em></strong></span> 
     </span>
     <span class='ocr_line' id='line_1_3' title="bbox 258 617 1453 710; baseline -0.005 -18"><span class='ocrx_word' id='word_1_12' title='bbox 258 627 386 710; x_wconf 69' lang='grc' dir='ltr'><strong><em>ᾠδικῶς,</em></strong></span> <span class='ocrx_word' id='word_1_13' title='bbox 411 623 465 690; x_wconf 86' lang='lat' dir='ltr'><strong>sed</strong></span> <span class='ocrx_word' id='word_1_14' title='bbox 490 623 594 706; x_wconf 77' lang='grc' dir='ltr'><strong><em>ᾧδικύς</em></strong></span> <span class='ocrx_word' id='word_1_15' title='bbox 613 625 686 702; x_wconf 76' lang='grc' dir='ltr'><strong><em>εἶμι.</em></strong></span> <span class='ocrx_word' id='word_1_16' title='bbox 735 623 769 690; x_wconf 85' lang='lat' dir='ltr'><strong>lu</strong></span> <span class='ocrx_word' id='word_1_17' title='bbox 794 627 859 700; x_wconf 88' lang='grc'><strong>72,</strong></span> <span class='ocrx_word' id='word_1_18' title='bbox 890 627 939 690; x_wconf 73' lang='lat' dir='ltr'><strong>li..</strong></span> <span class='ocrx_word' id='word_1_19' title='bbox 965 621 1016 698; x_wconf 70' lang='grc' dir='ltr'><strong><em>ἡύε</em></strong></span> <span class='ocrx_word' id='word_1_20' title='bbox 1040 621 1168 699; x_wconf 78' lang='grc' dir='ltr'><strong><em>ἡγενεὴ</em></strong></span> <span class='ocrx_word' id='word_1_21' title='bbox 1195 621 1236 705; x_wconf 87' lang='lat' dir='ltr'><strong>[oi</strong></span> <span class='ocrx_word' id='word_1_22' title='bbox 1266 624 1318 686; x_wconf 83' lang='grc' dir='ltr'><strong>νῦν</strong></span> <span class='ocrx_word' id='word_1_23' title='bbox 1343 617 1453 701; x_wconf 73' lang='lat' dir='ltr'><strong>rivipu-</strong></span> 
     </span>
     <span class='ocr_line' id='line_1_4' title="bbox 258 722 1452 822; baseline -0.008 -23"><span class='ocrx_word' id='word_1_24' title='bbox 258 731 322 822; x_wconf 84' lang='grc' dir='ltr'><strong>τοι]</strong></span> <span class='ocrx_word' id='word_1_25' title='bbox 360 731 433 818; x_wconf 92' lang='lat' dir='ltr'><strong>quis</strong></span> <span class='ocrx_word' id='word_1_26' title='bbox 466 729 547 796; x_wconf 83' lang='lat' dir='ltr'><strong>ierat</strong></span> <span class='ocrx_word' id='word_1_27' title='bbox 575 727 828 804; x_wconf 83' lang='lat' dir='ltr'><strong>itadiceatcmi</strong></span> <span class='ocrx_word' id='word_1_28' title='bbox 877 726 975 794; x_wconf 86' lang='lat' dir='ltr'><strong>biuito</strong></span> <span class='ocrx_word' id='word_1_29' title='bbox 998 728 1096 794; x_wconf 88' lang='lat' dir='ltr'><strong>etiam</strong></span> <span class='ocrx_word' id='word_1_30' title='bbox 1122 726 1250 811; x_wconf 81' lang='lat' dir='ltr'><strong>turpius</strong></span> <span class='ocrx_word' id='word_1_31' title='bbox 1273 733 1340 804; x_wconf 85' lang='lat' dir='ltr'><strong>est,</strong></span> <span class='ocrx_word' id='word_1_32' title='bbox 1366 722 1452 812; x_wconf 91' lang='lat' dir='ltr'><strong>quod</strong></span> 
     </span>
     <span class='ocr_line' id='line_1_5' title="bbox 258 833 1452 925; baseline -0.004 -20"><span class='ocrx_word' id='word_1_33' title='bbox 258 837 343 925; x_wconf 80' lang='lat' dir='ltr'><strong>apud</strong></span> <span class='ocrx_word' id='word_1_34' title='bbox 377 837 573 902; x_wconf 75' lang='lat' dir='ltr'><strong>Tuueturonu</strong></span> <span class='ocrx_word' id='word_1_35' title='bbox 607 835 726 922; x_wconf 79' lang='lat' dir='ltr'><strong>iegitur</strong></span> <span class='ocrx_word' id='word_1_36' title='bbox 762 834 799 901; x_wconf 85' lang='lat' dir='ltr'><strong>ll.</strong></span> <span class='ocrx_word' id='word_1_37' title='bbox 839 837 893 899; x_wconf 84' lang='lat'><strong>56.</strong></span> <span class='ocrx_word' id='word_1_38' title='bbox 929 835 954 900; x_wconf 85' lang='lat' dir='ltr'><strong>oi</strong></span> <span class='ocrx_word' id='word_1_39' title='bbox 983 833 1115 914; x_wconf 81' lang='grc' dir='ltr'><strong><em>τοιτέρες</em></strong></span> <span class='ocrx_word' id='word_1_40' title='bbox 1146 833 1229 913; x_wconf 79' lang='grc' dir='ltr'><strong><em>ἡμῶν</em></strong></span> <span class='ocrx_word' id='word_1_41' title='bbox 1263 835 1452 915; x_wconf 77' lang='grc' dir='ltr'><strong><em>κτκοοὶμενοι</em></strong></span> 
     </span>
     <span class='ocr_line' id='line_1_6' title="bbox 257 939 1451 1026; baseline -0.003 -16"><span class='ocrx_word' id='word_1_42' title='bbox 257 945 330 1026; x_wconf 76' lang='grc' dir='ltr'><strong><em>πρὸς</em></strong></span> <span class='ocrx_word' id='word_1_43' title='bbox 357 939 399 1018; x_wconf 76' lang='grc' dir='ltr'><strong><em>οἷς</em></strong></span> <span class='ocrx_word' id='word_1_44' title='bbox 430 943 570 1022; x_wconf 73' lang='grc' dir='ltr'><strong>ἐδέξαντο</strong></span> <span class='ocrx_word' id='word_1_45' title='bbox 599 939 671 1017; x_wconf 73' lang='lat' dir='ltr'><strong>dour</strong></span> <span class='ocrx_word' id='word_1_46' title='bbox 701 939 816 1021; x_wconf 75' lang='grc' dir='ltr'><strong><em>ἔχομεν</em></strong></span> <span class='ocrx_word' id='word_1_47' title='bbox 847 941 947 1022; x_wconf 79' lang='grc' dir='ltr'><strong><em>ούρχὴν</em></strong></span> <span class='ocrx_word' id='word_1_48' title='bbox 978 941 1031 1006; x_wconf 89' lang='grc' dir='ltr'><strong>ούκ</strong></span> <span class='ocrx_word' id='word_1_49' title='bbox 1062 940 1183 1014; x_wconf 79' lang='grc' dir='ltr'><strong><em>ούνιύνοις</em></strong></span> <span class='ocrx_word' id='word_1_50' title='bbox 1215 943 1288 1018; x_wconf 83' lang='grc' dir='ltr'><strong><em>ἡμῖν</em></strong></span> <span class='ocrx_word' id='word_1_51' title='bbox 1312 949 1375 1015; x_wconf 83' lang='grc' dir='ltr'><strong><em>τοῖς</em></strong></span> <span class='ocrx_word' id='word_1_52' title='bbox 1400 946 1451 1006; x_wconf 83' lang='grc' dir='ltr'><strong>νῦν</strong></span> 
     </span>
     <span class='ocr_line' id='line_1_7' title="bbox 257 1043 1451 1134; baseline -0.002 -18"><span class='ocrx_word' id='word_1_53' title='bbox 257 1050 513 1133; x_wconf 74' lang='grc' dir='ltr'><strong><em>προοκοιτύῖιινιον.</em></strong></span> <span class='ocrx_word' id='word_1_54' title='bbox 547 1049 591 1115; x_wconf 76' lang='grc' dir='ltr'><strong>τύ</strong></span> <span class='ocrx_word' id='word_1_55' title='bbox 621 1047 653 1114; x_wconf 75' lang='grc' dir='ltr'><strong>δὲ</strong></span> <span class='ocrx_word' id='word_1_56' title='bbox 684 1049 780 1114; x_wconf 77' lang='grc' dir='ltr'><strong><em>κλείω</em></strong></span> <span class='ocrx_word' id='word_1_57' title='bbox 812 1049 910 1122; x_wconf 88' lang='grc' dir='ltr'><strong><em>οούτὴς</em></strong></span> <span class='ocrx_word' id='word_1_58' title='bbox 941 1046 1028 1112; x_wconf 76' lang='lat' dir='ltr'><strong>ariani</strong></span> <span class='ocrx_word' id='word_1_59' title='bbox 1060 1049 1149 1124; x_wconf 83' lang='grc' dir='ltr'><strong><em>ἡμεῖς</em></strong></span> <span class='ocrx_word' id='word_1_60' title='bbox 1177 1043 1240 1112; x_wconf 73' lang='grc' dir='ltr'><strong><em>οἵδε</em></strong></span> <span class='ocrx_word' id='word_1_61' title='bbox 1268 1045 1308 1134; x_wconf 79' lang='grc' dir='ltr'><strong>[οἱ</strong></span> <span class='ocrx_word' id='word_1_62' title='bbox 1330 1051 1381 1114; x_wconf 78' lang='grc' dir='ltr'><strong>νύν</strong></span> <span class='ocrx_word' id='word_1_63' title='bbox 1403 1045 1451 1114; x_wconf 75' lang='grc' dir='ltr'><strong>ἔτι</strong></span> 
     </span>
     <span class='ocr_line' id='line_1_8' title="bbox 257 1151 1451 1243; baseline -0.003 -21"><span class='ocrx_word' id='word_1_64' title='bbox 257 1155 358 1243; x_wconf 73' lang='lat' dir='ltr'><strong>darer]</strong></span> <span class='ocrx_word' id='word_1_65' title='bbox 389 1155 515 1236; x_wconf 76' lang='grc' dir='ltr'><strong><em>μύλιτοι</em></strong></span> <span class='ocrx_word' id='word_1_66' title='bbox 547 1155 578 1220; x_wconf 72' lang='grc' dir='ltr'><strong>ἑν</strong></span> <span class='ocrx_word' id='word_1_67' title='bbox 604 1163 643 1238; x_wconf 81' lang='grc' dir='ltr'><strong><em>τὴ</em></strong></span> <span class='ocrx_word' id='word_1_68' title='bbox 668 1153 857 1236; x_wconf 62' lang='lat' dir='ltr'><strong>catarracte</strong></span> <span class='ocrx_word' id='word_1_69' title='bbox 883 1151 987 1238; x_wconf 72' lang='grc' dir='ltr'><strong><em>ἡλικίᾳ</em></strong></span> <span class='ocrx_word' id='word_1_70' title='bbox 1010 1152 1250 1232; x_wconf 78' lang='grc' dir='ltr'><strong><em>ἑτὴνξὴοοομεν,</em></strong></span> <span class='ocrx_word' id='word_1_71' title='bbox 1276 1151 1329 1218; x_wconf 88' lang='lat' dir='ltr'><strong>ubi</strong></span> <span class='ocrx_word' id='word_1_72' title='bbox 1355 1151 1451 1220; x_wconf 82' lang='lat' dir='ltr'><strong>rerba</strong></span> 
     </span>
     <span class='ocr_line' id='line_1_9' title="bbox 258 1257 1450 1345; baseline -0.002 -17"><span class='ocrx_word' id='word_1_73' title='bbox 258 1263 283 1330; x_wconf 86' lang='lat' dir='ltr'><strong>oi</strong></span> <span class='ocrx_word' id='word_1_74' title='bbox 316 1268 366 1329; x_wconf 82' lang='grc' dir='ltr'><strong>νῦν</strong></span> <span class='ocrx_word' id='word_1_75' title='bbox 399 1260 443 1328; x_wconf 80' lang='grc' dir='ltr'><strong>ἔτι</strong></span> <span class='ocrx_word' id='word_1_76' title='bbox 474 1261 557 1335; x_wconf 75' lang='lat' dir='ltr'><strong>dorse</strong></span> <span class='ocrx_word' id='word_1_77' title='bbox 578 1261 619 1326; x_wconf 90' lang='lat' dir='ltr'><strong>iis</strong></span> <span class='ocrx_word' id='word_1_78' title='bbox 644 1259 719 1325; x_wconf 86' lang='lat' dir='ltr'><strong>solis</strong></span> <span class='ocrx_word' id='word_1_79' title='bbox 743 1267 820 1324; x_wconf 90' lang='lat' dir='ltr'><strong>sunt</strong></span> <span class='ocrx_word' id='word_1_80' title='bbox 842 1257 953 1330; x_wconf 76' lang='lat' dir='ltr'><strong>neritia,</strong></span> <span class='ocrx_word' id='word_1_81' title='bbox 978 1258 1034 1345; x_wconf 93' lang='lat' dir='ltr'><strong>qui</strong></span> <span class='ocrx_word' id='word_1_82' title='bbox 1059 1279 1120 1324; x_wconf 90' lang='lat' dir='ltr'><strong>non</strong></span> <span class='ocrx_word' id='word_1_83' title='bbox 1145 1258 1332 1345; x_wconf 73' lang='lat' dir='ltr'><strong>intelligunt</strong></span> <span class='ocrx_word' id='word_1_84' title='bbox 1369 1258 1450 1326; x_wconf 87' lang='lat' dir='ltr'><strong>baec</strong></span> 
     </span>
     <span class='ocr_line' id='line_1_10' title="bbox 261 1363 1451 1450; baseline -0.004 -16"><span class='ocrx_word' id='word_1_85' title='bbox 261 1372 410 1435; x_wconf 82' lang='lat' dir='ltr'><strong>t’anreeru</strong></span> <span class='ocrx_word' id='word_1_86' title='bbox 435 1368 542 1432; x_wconf 84' lang='lat' dir='ltr'><strong>virum</strong></span> <span class='ocrx_word' id='word_1_87' title='bbox 568 1366 676 1434; x_wconf 81' lang='lat' dir='ltr'><strong>dicere</strong></span> <span class='ocrx_word' id='word_1_88' title='bbox 699 1363 739 1432; x_wconf 90' lang='lat' dir='ltr'><strong>ad</strong></span> <span class='ocrx_word' id='word_1_89' title='bbox 764 1366 966 1441; x_wconf 78' lang='lat' dir='ltr'><strong>nivescens,</strong></span> <span class='ocrx_word' id='word_1_90' title='bbox 992 1364 1046 1450; x_wconf 92' lang='lat' dir='ltr'><strong>qui</strong></span> <span class='ocrx_word' id='word_1_91' title='bbox 1074 1363 1214 1430; x_wconf 90' lang='lat' dir='ltr'><strong>nondum</strong></span> <span class='ocrx_word' id='word_1_92' title='bbox 1239 1373 1347 1432; x_wconf 86' lang='lat' dir='ltr'><strong>esseut</strong></span> <span class='ocrx_word' id='word_1_93' title='bbox 1365 1383 1451 1430; x_wconf 89' lang='lat' dir='ltr'><strong>mor·</strong></span> 
     </span>
     <span class='ocr_line' id='line_1_11' title="bbox 259 1466 1450 1560; baseline -0.004 -19"><span class='ocrx_word' id='word_1_94' title='bbox 259 1476 317 1542; x_wconf 91' lang='lat' dir='ltr'><strong>tui.</strong></span> <span class='ocrx_word' id='word_1_95' title='bbox 365 1474 563 1560; x_wconf 78' lang='lat' dir='ltr'><strong>Magistettus</strong></span> <span class='ocrx_word' id='word_1_96' title='bbox 601 1471 755 1558; x_wconf 78' lang='lat' dir='ltr'>explicuit</span> <span class='ocrx_word' id='word_1_97' title='bbox 780 1471 889 1556; x_wconf 86' lang='lat' dir='ltr'><strong>pueris</strong></span> <span class='ocrx_word' id='word_1_98' title='bbox 913 1471 1001 1548; x_wconf 86' lang='grc' dir='ltr'><strong><em>ἡμεῖς</em></strong></span> <span class='ocrx_word' id='word_1_99' title='bbox 1030 1466 1113 1548; x_wconf 74' lang='grc' dir='ltr'><strong><em>οἵδε,</em></strong></span> <span class='ocrx_word' id='word_1_100' title='bbox 1141 1479 1173 1538; x_wconf 89' lang='lat' dir='ltr'><strong>et</strong></span> <span class='ocrx_word' id='word_1_101' title='bbox 1199 1489 1238 1538; x_wconf 90' lang='lat' dir='ltr'><strong>ne</strong></span> <span class='ocrx_word' id='word_1_102' title='bbox 1262 1471 1292 1539; x_wconf 87' lang='lat' dir='ltr'><strong>id</strong></span> <span class='ocrx_word' id='word_1_103' title='bbox 1320 1469 1450 1558; x_wconf 90' lang='lat' dir='ltr'><strong>quidem</strong></span> 
     </span>
     <span class='ocr_line' id='line_1_12' title="bbox 258 1573 1451 1666; baseline -0.005 -19"><span class='ocrx_word' id='word_1_104' title='bbox 258 1581 339 1648; x_wconf 85' lang='lat' dir='ltr'><strong>satis</strong></span> <span class='ocrx_word' id='word_1_105' title='bbox 365 1589 471 1658; x_wconf 87' lang='lat' dir='ltr'><strong>recte,</strong></span> <span class='ocrx_word' id='word_1_106' title='bbox 496 1581 572 1666; x_wconf 91' lang='lat' dir='ltr'><strong>quia</strong></span> <span class='ocrx_word' id='word_1_107' title='bbox 597 1577 675 1644; x_wconf 88' lang='lat' dir='ltr'><strong>baec</strong></span> <span class='ocrx_word' id='word_1_108' title='bbox 700 1577 796 1642; x_wconf 78' lang='lat' dir='ltr'><strong>aerina</strong></span> <span class='ocrx_word' id='word_1_109' title='bbox 822 1595 882 1641; x_wconf 90' lang='lat' dir='ltr'><strong>uon</strong></span> <span class='ocrx_word' id='word_1_110' title='bbox 909 1573 1093 1660; x_wconf 75' lang='lat' dir='ltr'><strong>significant</strong></span> <span class='ocrx_word' id='word_1_111' title='bbox 1114 1579 1203 1656; x_wconf 85' lang='grc' dir='ltr'><strong><em>ἡμεῖς</em></strong></span> <span class='ocrx_word' id='word_1_112' title='bbox 1223 1579 1249 1644; x_wconf 85' lang='grc' dir='ltr'><strong>οῖ</strong></span> <span class='ocrx_word' id='word_1_113' title='bbox 1270 1581 1320 1644; x_wconf 81' lang='grc' dir='ltr'><strong>νῦν</strong></span> <span class='ocrx_word' id='word_1_114' title='bbox 1340 1575 1384 1646; x_wconf 76' lang='grc' dir='ltr'><strong>ἔτι</strong></span> <span class='ocrx_word' id='word_1_115' title='bbox 1402 1575 1451 1642; x_wconf 79' lang='lat' dir='ltr'><strong>dr·</strong></span> 
     </span>
     <span class='ocr_line' id='line_1_13' title="bbox 258 1681 1452 1770; baseline -0.005 -16"><span class='ocrx_word' id='word_1_116' title='bbox 258 1711 331 1767; x_wconf 86' lang='grc' dir='ltr'><strong><em>τες,</em></strong></span> <span class='ocrx_word' id='word_1_117' title='bbox 356 1685 410 1754; x_wconf 87' lang='lat' dir='ltr'><strong>sed</strong></span> <span class='ocrx_word' id='word_1_118' title='bbox 433 1688 521 1765; x_wconf 89' lang='grc' dir='ltr'><strong><em>ἡμεῖς</em></strong></span> <span class='ocrx_word' id='word_1_119' title='bbox 545 1686 570 1752; x_wconf 85' lang='lat' dir='ltr'><strong>oi</strong></span> <span class='ocrx_word' id='word_1_120' title='bbox 594 1683 698 1750; x_wconf 73' lang='lat' dir='ltr'><strong>iniciis</strong></span> <span class='ocrx_word' id='word_1_121' title='bbox 721 1681 881 1764; x_wconf 79' lang='grc' dir='ltr'><strong><em>τοιούντες.</em></strong></span> <span class='ocrx_word' id='word_1_122' title='bbox 908 1681 994 1747; x_wconf 81' lang='lat' dir='ltr'><strong>tuem</strong></span> <span class='ocrx_word' id='word_1_123' title='bbox 1017 1700 1151 1768; x_wconf 88' lang='lat' dir='ltr'><strong>prorsus</strong></span> <span class='ocrx_word' id='word_1_124' title='bbox 1178 1682 1293 1750; x_wconf 81' lang='lat' dir='ltr'><strong>vitium</strong></span> <span class='ocrx_word' id='word_1_125' title='bbox 1319 1685 1452 1770; x_wconf 79' lang='lat' dir='ltr'><strong>irrepsit</strong></span> 
     </span>
     <span class='ocr_line' id='line_1_14' title="bbox 261 1786 1452 1868; baseline -0.005 -8"><span class='ocrx_word' id='word_1_126' title='bbox 261 1797 294 1860; x_wconf 90' lang='lat' dir='ltr'><strong>in</strong></span> <span class='ocrx_word' id='word_1_127' title='bbox 331 1791 499 1858; x_wconf 84' lang='lat' dir='ltr'><strong>bronrsruar</strong></span> <span class='ocrx_word' id='word_1_128' title='bbox 527 1789 634 1856; x_wconf 81' lang='lat' dir='ltr'><strong>Haere.</strong></span> <span class='ocrx_word' id='word_1_129' title='bbox 670 1788 751 1854; x_wconf 87' lang='lat' dir='ltr'><strong>Viti.</strong></span> <span class='ocrx_word' id='word_1_130' title='bbox 777 1792 830 1854; x_wconf 83' lang='lat'><strong>26.</strong></span> <span class='ocrx_word' id='word_1_131' title='bbox 857 1786 1056 1854; x_wconf 73' lang='grc' dir='ltr'><strong><em>Οὐολούσκων</em></strong></span> <span class='ocrx_word' id='word_1_132' title='bbox 1077 1811 1113 1854; x_wconf 91' lang='grc' dir='ltr'><strong>τε</strong></span> <span class='ocrx_word' id='word_1_133' title='bbox 1137 1788 1190 1854; x_wconf 82' lang='grc' dir='ltr'><strong>κού</strong></span> <span class='ocrx_word' id='word_1_134' title='bbox 1214 1791 1353 1859; x_wconf 78' lang='grc' dir='ltr'><strong><em>Λύκονοῖν</em></strong></span> <span class='ocrx_word' id='word_1_135' title='bbox 1376 1811 1452 1868; x_wconf 74' lang='grc' dir='ltr'><strong>τοο·</strong></span> 
     </span>
     <span class='ocr_line' id='line_1_15' title="bbox 260 1891 1454 1982; baseline -0.005 -16"><span class='ocrx_word' id='word_1_136' title='bbox 260 1899 330 1966; x_wconf 78' lang='grc' dir='ltr'><strong><em>τιοὶν</em></strong></span> <span class='ocrx_word' id='word_1_137' title='bbox 361 1896 487 1981; x_wconf 65' lang='grc' dir='ltr'><strong>ἑτοίμη,</strong></span> <span class='ocrx_word' id='word_1_138' title='bbox 520 1892 567 1968; x_wconf 84' lang='grc' dir='ltr'><strong><em>οὓς</em></strong></span> <span class='ocrx_word' id='word_1_139' title='bbox 601 1896 689 1973; x_wconf 89' lang='grc' dir='ltr'><strong><em>ἡμεῖς</em></strong></span> <span class='ocrx_word' id='word_1_140' title='bbox 720 1891 784 1958; x_wconf 76' lang='grc' dir='ltr'><strong><em>οἵδε</em></strong></span> <span class='ocrx_word' id='word_1_141' title='bbox 816 1894 857 1980; x_wconf 85' lang='lat' dir='ltr'><strong>[oi</strong></span> <span class='ocrx_word' id='word_1_142' title='bbox 889 1897 939 1959; x_wconf 81' lang='grc' dir='ltr'><strong>νῦν</strong></span> <span class='ocrx_word' id='word_1_143' title='bbox 971 1892 1068 1982; x_wconf 77' lang='grc' dir='ltr'><strong><em>ὄντες]</em></strong></span> <span class='ocrx_word' id='word_1_144' title='bbox 1097 1895 1129 1960; x_wconf 75' lang='grc' dir='ltr'><strong>ἐν</strong></span> <span class='ocrx_word' id='word_1_145' title='bbox 1152 1904 1287 1970; x_wconf 79' lang='grc' dir='ltr'><strong><em>πολλοῖς</em></strong></span> <span class='ocrx_word' id='word_1_146' title='bbox 1310 1895 1454 1972; x_wconf 73' lang='grc' dir='ltr'><strong>ἐνικῶμεν</strong></span> 
     </span>
     <span class='ocr_line' id='line_1_16' title="bbox 262 1997 1453 2086; baseline -0.003 -17"><span class='ocrx_word' id='word_1_147' title='bbox 262 2003 400 2086; x_wconf 84' lang='grc' dir='ltr'><strong><em>μύχοιις.</em></strong></span> <span class='ocrx_word' id='word_1_148' title='bbox 450 2002 485 2068; x_wconf 88' lang='lat' dir='ltr'><strong>in</strong></span> <span class='ocrx_word' id='word_1_149' title='bbox 515 2000 647 2066; x_wconf 80' lang='lat' dir='ltr'><strong>Lucieno</strong></span> <span class='ocrx_word' id='word_1_150' title='bbox 680 2005 735 2076; x_wconf 88' lang='lat'><strong>10,</strong></span> <span class='ocrx_word' id='word_1_151' title='bbox 771 2005 830 2078; x_wconf 78' lang='lat'><strong>15,</strong></span> <span class='ocrx_word' id='word_1_152' title='bbox 863 2004 893 2065; x_wconf 82' lang='lat'><strong>5.</strong></span> <span class='ocrx_word' id='word_1_153' title='bbox 919 1999 990 2086; x_wconf 79' lang='grc' dir='ltr'><strong><em>ύρςῖς</em></strong></span> <span class='ocrx_word' id='word_1_154' title='bbox 1012 2006 1071 2066; x_wconf 80' lang='grc' dir='ltr'><strong>τῶν</strong></span> <span class='ocrx_word' id='word_1_155' title='bbox 1096 2000 1219 2083; x_wconf 80' lang='grc' dir='ltr'><strong><em>ἓτοιύρονν</em></strong></span> <span class='ocrx_word' id='word_1_156' title='bbox 1241 1997 1302 2068; x_wconf 78' lang='grc' dir='ltr'><strong><em>ὅσοι</em></strong></span> <span class='ocrx_word' id='word_1_157' title='bbox 1327 2001 1394 2082; x_wconf 73' lang='grc' dir='ltr'><strong><em>τεο)</em></strong></span> <span class='ocrx_word' id='word_1_158' title='bbox 1417 2001 1453 2066; x_wconf 83' lang='grc' dir='ltr'><strong>οὲ</strong></span> 
     </span>
     <span class='ocr_line' id='line_1_17' title="bbox 262 2102 1454 2192; baseline -0.005 -14"><span class='ocrx_word' id='word_1_159' title='bbox 262 2111 356 2190; x_wconf 81' lang='grc' dir='ltr'><strong><em>ἐσμὲν</em></strong></span> <span class='ocrx_word' id='word_1_160' title='bbox 385 2106 464 2184; x_wconf 63' lang='lat' dir='ltr'><strong>oiim</strong></span> <span class='ocrx_word' id='word_1_161' title='bbox 496 2105 578 2172; x_wconf 90' lang='lat' dir='ltr'><strong>maie</strong></span> <span class='ocrx_word' id='word_1_162' title='bbox 610 2104 710 2176; x_wconf 81' lang='lat' dir='ltr'><strong>code.</strong></span> <span class='ocrx_word' id='word_1_163' title='bbox 735 2104 866 2192; x_wconf 90' lang='lat' dir='ltr'><strong>quidam</strong></span> <span class='ocrx_word' id='word_1_164' title='bbox 892 2102 964 2182; x_wconf 77' lang='grc' dir='ltr'><strong><em>ύδε,</em></strong></span> <span class='ocrx_word' id='word_1_165' title='bbox 997 2106 1151 2192; x_wconf 73' lang='lat' dir='ltr'><strong>parobaute</strong></span> <span class='ocrx_word' id='word_1_166' title='bbox 1175 2105 1364 2185; x_wconf 75' lang='lat' dir='ltr'><strong>herennio,</strong></span> <span class='ocrx_word' id='word_1_167' title='bbox 1390 2107 1454 2173; x_wconf 89' lang='lat' dir='ltr'><strong>im-</strong></span> 
     </span>
     <span class='ocr_line' id='line_1_18' title="bbox 264 2207 1451 2308; baseline -0.004 -26"><span class='ocrx_word' id='word_1_168' title='bbox 264 2213 473 2308; x_wconf 67' lang='lat' dir='ltr'><strong>probantibus</strong></span> <span class='ocrx_word' id='word_1_169' title='bbox 503 2211 649 2300; x_wconf 77' lang='lat' dir='ltr'><strong>reliquis</strong></span> <span class='ocrx_word' id='word_1_170' title='bbox 696 2211 788 2298; x_wconf 80' lang='lat' dir='ltr'><strong>apuu</strong></span> <span class='ocrx_word' id='word_1_171' title='bbox 823 2209 977 2278; x_wconf 80' lang='lat' dir='ltr'><strong>bueranuu</strong></span> <span class='ocrx_word' id='word_1_172' title='bbox 1011 2217 1071 2290; x_wconf 82' lang='lat'><strong>78,</strong></span> <span class='ocrx_word' id='word_1_173' title='bbox 1107 2218 1157 2279; x_wconf 87' lang='lat' dir='ltr'><strong>ti.</strong></span> <span class='ocrx_word' id='word_1_174' title='bbox 1190 2214 1310 2280; x_wconf 81' lang='grc' dir='ltr'><strong><em>ούκούειν</em></strong></span> <span class='ocrx_word' id='word_1_175' title='bbox 1342 2207 1451 2302; x_wconf 72' lang='grc' dir='ltr'><strong><em>[εἶναι]</em></strong></span> 
     </span>
     <span class='ocr_line' id='line_1_19' title="bbox 263 2317 1454 2405; baseline -0.005 -15"><span class='ocrx_word' id='word_1_176' title='bbox 263 2323 362 2390; x_wconf 78' lang='lat' dir='ltr'><strong>annai</strong></span> <span class='ocrx_word' id='word_1_177' title='bbox 384 2332 494 2388; x_wconf 88' lang='lat' dir='ltr'><strong>certus</strong></span> <span class='ocrx_word' id='word_1_178' title='bbox 518 2318 644 2390; x_wconf 88' lang='lat' dir='ltr'><strong>dicendi</strong></span> <span class='ocrx_word' id='word_1_179' title='bbox 672 2337 751 2385; x_wconf 91' lang='lat' dir='ltr'><strong>usus</strong></span> <span class='ocrx_word' id='word_1_180' title='bbox 775 2317 972 2384; x_wconf 85' lang='lat' dir='ltr'><strong>infinitivum</strong></span> <span class='ocrx_word' id='word_1_181' title='bbox 995 2320 1130 2405; x_wconf 78' lang='lat' dir='ltr'><strong>respuit.</strong></span> <span class='ocrx_word' id='word_1_182' title='bbox 1155 2318 1196 2386; x_wconf 81' lang='lat' dir='ltr'><strong>Et</strong></span> <span class='ocrx_word' id='word_1_183' title='bbox 1221 2318 1299 2386; x_wconf 89' lang='lat' dir='ltr'><strong>baee</strong></span> <span class='ocrx_word' id='word_1_184' title='bbox 1323 2317 1454 2404; x_wconf 88' lang='lat' dir='ltr'><strong>quidem</strong></span> 
     </span>
     <span class='ocr_line' id='line_1_20' title="bbox 264 2421 1488 2514; baseline -0.005 -18"><span class='ocrx_word' id='word_1_185' title='bbox 264 2438 341 2496; x_wconf 88' lang='lat' dir='ltr'><strong>sunt</strong></span> <span class='ocrx_word' id='word_1_186' title='bbox 372 2427 549 2514; x_wconf 78' lang='lat' dir='ltr'><strong>insigniora</strong></span> <span class='ocrx_word' id='word_1_187' title='bbox 581 2423 793 2504; x_wconf 86' lang='lat' dir='ltr'><strong>emblemata,</strong></span> <span class='ocrx_word' id='word_1_188' title='bbox 831 2443 912 2510; x_wconf 89' lang='lat' dir='ltr'><strong>quae</strong></span> <span class='ocrx_word' id='word_1_189' title='bbox 949 2425 980 2491; x_wconf 91' lang='lat' dir='ltr'><strong>io</strong></span> <span class='ocrx_word' id='word_1_190' title='bbox 1018 2421 1151 2494; x_wconf 79' lang='lat' dir='ltr'><strong>buccano</strong></span> <span class='ocrx_word' id='word_1_191' title='bbox 1186 2423 1455 2512; x_wconf 88' lang='lat' dir='ltr'><strong>deprehenderim</strong></span> <span class='ocrx_word' id='word_1_192' title='bbox 1483 2431 1488 2437; x_wconf 83' lang='grc'><strong>’</strong></span> 
     </span>
     <span class='ocr_line' id='line_1_21' title="bbox 266 2529 1456 2622; baseline -0.006 -19"><span class='ocrx_word' id='word_1_193' title='bbox 266 2543 393 2622; x_wconf 88' lang='lat' dir='ltr'><strong>praeter</strong></span> <span class='ocrx_word' id='word_1_194' title='bbox 415 2554 467 2613; x_wconf 90' lang='lat' dir='ltr'><strong>ea,</strong></span> <span class='ocrx_word' id='word_1_195' title='bbox 492 2551 573 2620; x_wconf 89' lang='lat' dir='ltr'><strong>quae</strong></span> <span class='ocrx_word' id='word_1_196' title='bbox 599 2533 631 2597; x_wconf 88' lang='lat' dir='ltr'><strong>in</strong></span> <span class='ocrx_word' id='word_1_197' title='bbox 656 2529 877 2617; x_wconf 89' lang='lat' dir='ltr'><strong>superioribus</strong></span> <span class='ocrx_word' id='word_1_198' title='bbox 903 2531 1020 2617; x_wconf 86' lang='lat' dir='ltr'><strong>passim</strong></span> <span class='ocrx_word' id='word_1_199' title='bbox 1045 2531 1195 2600; x_wconf 83' lang='lat' dir='ltr'><strong>indicari.</strong></span> <span class='ocrx_word' id='word_1_200' title='bbox 1234 2530 1334 2618; x_wconf 83' lang='lat' dir='ltr'><strong>Saepe</strong></span> <span class='ocrx_word' id='word_1_201' title='bbox 1356 2529 1456 2596; x_wconf 90' lang='lat' dir='ltr'><strong>mira-</strong></span> 
     </span>
     <span class='ocr_line' id='line_1_22' title="bbox 264 2635 1455 2724; baseline -0.005 -16"><span class='ocrx_word' id='word_1_202' title='bbox 264 2650 318 2708; x_wconf 88' lang='lat' dir='ltr'><strong>tus</strong></span> <span class='ocrx_word' id='word_1_203' title='bbox 329 2660 400 2708; x_wconf 90' lang='lat' dir='ltr'><strong>sum</strong></span> <span class='ocrx_word' id='word_1_204' title='bbox 415 2639 558 2706; x_wconf 81' lang='lat' dir='ltr'><strong>uirorum</strong></span> <span class='ocrx_word' id='word_1_205' title='bbox 572 2637 738 2704; x_wconf 88' lang='lat' dir='ltr'><strong>doctorum</strong></span> <span class='ocrx_word' id='word_1_206' title='bbox 755 2638 785 2702; x_wconf 89' lang='lat' dir='ltr'><strong>iu</strong></span> <span class='ocrx_word' id='word_1_207' title='bbox 810 2637 882 2702; x_wconf 86' lang='lat' dir='ltr'><strong>istis</strong></span> <span class='ocrx_word' id='word_1_208' title='bbox 895 2637 1087 2704; x_wconf 82' lang='lat' dir='ltr'><strong>excusandis</strong></span> <span class='ocrx_word' id='word_1_209' title='bbox 1101 2638 1324 2724; x_wconf 88' lang='lat' dir='ltr'><strong>pertinaciam.</strong></span> <span class='ocrx_word' id='word_1_210' title='bbox 1355 2635 1455 2717; x_wconf 80' lang='lat' dir='ltr'><strong>Quasi</strong></span> 
     </span>
     <span class='ocr_line' id='line_1_23' title="bbox 265 2741 1457 2835; baseline -0.005 -21"><span class='ocrx_word' id='word_1_211' title='bbox 265 2747 377 2835; x_wconf 82' lang='lat' dir='ltr'><strong>religio</strong></span> <span class='ocrx_word' id='word_1_212' title='bbox 401 2755 486 2814; x_wconf 89' lang='lat' dir='ltr'><strong>essct</strong></span> <span class='ocrx_word' id='word_1_213' title='bbox 510 2765 549 2812; x_wconf 86' lang='lat' dir='ltr'><strong>ex</strong></span> <span class='ocrx_word' id='word_1_214' title='bbox 573 2742 670 2812; x_wconf 86' lang='lat' dir='ltr'><strong>Codd.</strong></span> <span class='ocrx_word' id='word_1_215' title='bbox 695 2741 847 2830; x_wconf 79' lang='lat' dir='ltr'><strong>qualibus</strong></span> <span class='ocrx_word' id='word_1_216' title='bbox 872 2744 998 2810; x_wconf 90' lang='lat' dir='ltr'><strong>utimur</strong></span> <span class='ocrx_word' id='word_1_217' title='bbox 1023 2742 1200 2830; x_wconf 80' lang='lat' dir='ltr'><strong>quidquam</strong></span> <span class='ocrx_word' id='word_1_218' title='bbox 1225 2741 1350 2820; x_wconf 85' lang='lat' dir='ltr'><strong>delere,</strong></span> <span class='ocrx_word' id='word_1_219' title='bbox 1373 2762 1457 2828; x_wconf 86' lang='lat' dir='ltr'><strong>quos</strong></span> 
     </span>
     <span class='ocr_line' id='line_1_24' title="bbox 263 2847 1457 2936; baseline -0.004 -15"><span class='ocrx_word' id='word_1_220' title='bbox 263 2861 389 2922; x_wconf 88' lang='lat' dir='ltr'><strong>constet</strong></span> <span class='ocrx_word' id='word_1_221' title='bbox 422 2855 508 2918; x_wconf 85' lang='lat' dir='ltr'><strong>inter</strong></span> <span class='ocrx_word' id='word_1_222' title='bbox 539 2869 649 2917; x_wconf 87' lang='lat' dir='ltr'><strong>omnes</strong></span> <span class='ocrx_word' id='word_1_223' title='bbox 682 2850 864 2936; x_wconf 89' lang='lat' dir='ltr'><strong>antiquitus</strong></span> <span class='ocrx_word' id='word_1_224' title='bbox 889 2849 951 2914; x_wconf 91' lang='lat' dir='ltr'><strong>iam</strong></span> <span class='ocrx_word' id='word_1_225' title='bbox 979 2849 1242 2916; x_wconf 81' lang='lat' dir='ltr'><strong>oreadosissiruos</strong></span> <span class='ocrx_word' id='word_1_226' title='bbox 1266 2847 1383 2927; x_wconf 86' lang='lat' dir='ltr'><strong>inisse,</strong></span> <span class='ocrx_word' id='word_1_227' title='bbox 1411 2849 1457 2916; x_wconf 85' lang='lat' dir='ltr'><strong>ita</strong></span> 
     </span>
     <span class='ocr_line' id='line_1_25' title="bbox 264 2955 1456 3048; baseline -0.006 -22"><span class='ocrx_word' id='word_1_228' title='bbox 264 2961 466 3048; x_wconf 87' lang='lat' dir='ltr'><strong>ineptissima</strong></span> <span class='ocrx_word' id='word_1_229' title='bbox 491 2975 637 3045; x_wconf 88' lang='lat' dir='ltr'><strong>quaeque</strong></span> <span class='ocrx_word' id='word_1_230' title='bbox 661 2955 805 3022; x_wconf 83' lang='lat' dir='ltr'><strong>vindices</strong></span> <span class='ocrx_word' id='word_1_231' title='bbox 829 2955 1007 3022; x_wconf 86' lang='lat' dir='ltr'><strong>acerrimos</strong></span> <span class='ocrx_word' id='word_1_232' title='bbox 1031 2955 1175 3022; x_wconf 87' lang='lat' dir='ltr'><strong>nancisei</strong></span> <span class='ocrx_word' id='word_1_233' title='bbox 1200 2955 1322 3036; x_wconf 90' lang='lat' dir='ltr'><strong>solent,</strong></span> <span class='ocrx_word' id='word_1_234' title='bbox 1355 2955 1456 3022; x_wconf 90' lang='lat' dir='ltr'><strong>etiam</strong></span> 
     </span>
     <span class='ocr_line' id='line_1_26' title="bbox 264 3060 1454 3150; baseline -0.004 -16"><span class='ocrx_word' id='word_1_235' title='bbox 264 3067 375 3134; x_wconf 90' lang='lat' dir='ltr'><strong>doctos</strong></span> <span class='ocrx_word' id='word_1_236' title='bbox 406 3083 649 3150; x_wconf 83' lang='lat' dir='ltr'><strong>nonnumquam</strong></span> <span class='ocrx_word' id='word_1_237' title='bbox 673 3069 705 3128; x_wconf 91' lang='lat' dir='ltr'><strong>et</strong></span> <span class='ocrx_word' id='word_1_238' title='bbox 727 3070 822 3128; x_wconf 83' lang='lat' dir='ltr'><strong>acute</strong></span> <span class='ocrx_word' id='word_1_239' title='bbox 846 3070 1027 3129; x_wconf 84' lang='lat' dir='ltr'><strong>cernentes.</strong></span> <span class='ocrx_word' id='word_1_240' title='bbox 1075 3061 1111 3128; x_wconf 88' lang='lat' dir='ltr'><strong>ia</strong></span> <span class='ocrx_word' id='word_1_241' title='bbox 1137 3063 1310 3128; x_wconf 78' lang='lat' dir='ltr'><strong>Tuberones</strong></span> <span class='ocrx_word' id='word_1_242' title='bbox 1335 3060 1372 3127; x_wconf 90' lang='lat' dir='ltr'><strong>V.</strong></span> <span class='ocrx_word' id='word_1_243' title='bbox 1396 3065 1454 3129; x_wconf 81' lang='lat'><strong>83.</strong></span> 
     </span>
     <span class='ocr_line' id='line_1_27' title="bbox 263 3166 1457 3254; baseline -0.006 -13"><span class='ocrx_word' id='word_1_244' title='bbox 263 3173 388 3241; x_wconf 84' lang='lat' dir='ltr'><strong>editur:</strong></span> <span class='ocrx_word' id='word_1_245' title='bbox 419 3171 608 3254; x_wconf 67' lang='lat' dir='ltr'><strong>reparavero</strong></span> <span class='ocrx_word' id='word_1_246' title='bbox 639 3171 670 3242; x_wconf 75' lang='grc' dir='ltr'><strong><em>ἐς</em></strong></span> <span class='ocrx_word' id='word_1_247' title='bbox 700 3169 737 3234; x_wconf 84' lang='grc' dir='ltr'><strong>τύ</strong></span> <span class='ocrx_word' id='word_1_248' title='bbox 759 3171 877 3251; x_wconf 67' lang='grc' dir='ltr'><strong><em>Ἀργος</em></strong></span> <span class='ocrx_word' id='word_1_249' title='bbox 900 3205 938 3218; x_wconf 83' lang='grc'><strong><em>-</em></strong></span> <span class='ocrx_word' id='word_1_250' title='bbox 954 3170 1074 3252; x_wconf 66' lang='lat' dir='ltr'><strong>barim</strong></span> <span class='ocrx_word' id='word_1_251' title='bbox 1097 3168 1182 3236; x_wconf 79' lang='grc' dir='ltr'><strong>δέτι</strong></span> <span class='ocrx_word' id='word_1_252' title='bbox 1204 3171 1309 3244; x_wconf 87' lang='grc' dir='ltr'><strong><em>οιύτοῖς</em></strong></span> <span class='ocrx_word' id='word_1_253' title='bbox 1332 3166 1385 3234; x_wconf 81' lang='grc' dir='ltr'><strong>κού</strong></span> <span class='ocrx_word' id='word_1_254' title='bbox 1407 3167 1457 3254; x_wconf 81' lang='grc' dir='ltr'><strong>[ἐκ</strong></span> 
     </span>
     <span class='ocr_line' id='line_1_28' title="bbox 263 3274 1456 3364; baseline -0.005 -18"><span class='ocrx_word' id='word_1_255' title='bbox 263 3283 316 3346; x_wconf 80' lang='grc' dir='ltr'><strong>τοῦ</strong></span> <span class='ocrx_word' id='word_1_256' title='bbox 345 3279 497 3364; x_wconf 71' lang='grc' dir='ltr'><strong><em>Ἄργους]</em></strong></span> <span class='ocrx_word' id='word_1_257' title='bbox 530 3275 656 3343; x_wconf 85' lang='grc' dir='ltr'><strong><em>οιύτύύεν</em></strong></span> <span class='ocrx_word' id='word_1_258' title='bbox 686 3274 915 3356; x_wconf 75' lang='grc' dir='ltr'><strong><em>κροτούμενον,</em></strong></span> <span class='ocrx_word' id='word_1_259' title='bbox 953 3275 1007 3342; x_wconf 88' lang='lat' dir='ltr'><strong>ubi</strong></span> <span class='ocrx_word' id='word_1_260' title='bbox 1042 3275 1163 3362; x_wconf 77' lang='lat' dir='ltr'><strong>puerile</strong></span> <span class='ocrx_word' id='word_1_261' title='bbox 1197 3274 1456 3342; x_wconf 83' lang='lat' dir='ltr'><strong>additamentum</strong></span> 
     </span>
     <span class='ocr_line' id='line_1_29' title="bbox 264 3380 1457 3470; baseline -0.005 -19"><span class='ocrx_word' id='word_1_262' title='bbox 264 3387 298 3453; x_wconf 79' lang='grc' dir='ltr'><strong>ἐκ</strong></span> <span class='ocrx_word' id='word_1_263' title='bbox 329 3391 382 3453; x_wconf 85' lang='grc' dir='ltr'><strong>τού</strong></span> <span class='ocrx_word' id='word_1_264' title='bbox 413 3385 549 3466; x_wconf 63' lang='lat' dir='ltr'><strong>&#39;Apenas</strong></span> <span class='ocrx_word' id='word_1_265' title='bbox 578 3401 777 3470; x_wconf 85' lang='lat' dir='ltr'><strong>quamquam</strong></span> <span class='ocrx_word' id='word_1_266' title='bbox 808 3390 841 3448; x_wconf 88' lang='lat' dir='ltr'><strong>et</strong></span> <span class='ocrx_word' id='word_1_267' title='bbox 872 3401 909 3448; x_wconf 89' lang='lat' dir='ltr'><strong>ex</strong></span> <span class='ocrx_word' id='word_1_268' title='bbox 941 3403 977 3450; x_wconf 89' lang='lat' dir='ltr'><strong>se</strong></span> <span class='ocrx_word' id='word_1_269' title='bbox 1001 3383 1106 3469; x_wconf 87' lang='lat' dir='ltr'><strong>ipsum</strong></span> <span class='ocrx_word' id='word_1_270' title='bbox 1132 3383 1283 3469; x_wconf 78' lang='lat' dir='ltr'><strong>arguitur</strong></span> <span class='ocrx_word' id='word_1_271' title='bbox 1306 3393 1338 3448; x_wconf 89' lang='lat' dir='ltr'><strong>et</strong></span> <span class='ocrx_word' id='word_1_272' title='bbox 1362 3380 1457 3468; x_wconf 87' lang='lat' dir='ltr'><strong>piane</strong></span> 
     </span>
     <span class='ocr_line' id='line_1_30' title="bbox 264 3485 1457 3572; baseline -0.006 -13"><span class='ocrx_word' id='word_1_273' title='bbox 264 3491 435 3560; x_wconf 83' lang='lat' dir='ltr'><strong>conficitur</strong></span> <span class='ocrx_word' id='word_1_274' title='bbox 466 3488 592 3560; x_wconf 87' lang='lat' dir='ltr'><strong>Scboiio</strong></span> <span class='ocrx_word' id='word_1_275' title='bbox 623 3487 812 3555; x_wconf 73' lang='grc' dir='ltr'><strong><em>οιύτύύενε</em></strong></span> <span class='ocrx_word' id='word_1_276' title='bbox 842 3489 876 3554; x_wconf 76' lang='grc' dir='ltr'><strong>ἐκ</strong></span> <span class='ocrx_word' id='word_1_277' title='bbox 906 3495 961 3556; x_wconf 82' lang='grc' dir='ltr'><strong>τοῦ</strong></span> <span class='ocrx_word' id='word_1_278' title='bbox 989 3493 1146 3572; x_wconf 71' lang='grc' dir='ltr'><strong><em>Ἄργιος,</em></strong></span> <span class='ocrx_word' id='word_1_279' title='bbox 1182 3501 1288 3556; x_wconf 86' lang='lat' dir='ltr'><strong>tamen</strong></span> <span class='ocrx_word' id='word_1_280' title='bbox 1314 3485 1457 3554; x_wconf 80' lang='lat' dir='ltr'><strong>fautores</strong></span> 
     </span>
     <span class='ocr_line' id='line_1_31' title="bbox 265 3593 1457 3682; baseline -0.008 -12"><span class='ocrx_word' id='word_1_281' title='bbox 265 3599 370 3670; x_wconf 88' lang='lat' dir='ltr'><strong>babet.</strong></span> <span class='ocrx_word' id='word_1_282' title='bbox 418 3599 454 3680; x_wconf 88' lang='lat' dir='ltr'><strong>ln</strong></span> <span class='ocrx_word' id='word_1_283' title='bbox 480 3599 682 3666; x_wconf 82' lang='lat' dir='ltr'><strong>beuosrnaue</strong></span> <span class='ocrx_word' id='word_1_284' title='bbox 708 3617 739 3682; x_wconf 94' lang='lat' dir='ltr'><strong>p.</strong></span> <span class='ocrx_word' id='word_1_285' title='bbox 770 3600 854 3675; x_wconf 81' lang='lat' dir='ltr'><strong>tta,</strong></span> <span class='ocrx_word' id='word_1_286' title='bbox 887 3603 910 3660; x_wconf 92' lang='lat' dir='ltr'><strong>t.</strong></span> <span class='ocrx_word' id='word_1_287' title='bbox 936 3595 975 3664; x_wconf 78' lang='grc' dir='ltr'><strong>ύν</strong></span> <span class='ocrx_word' id='word_1_288' title='bbox 999 3598 1056 3678; x_wconf 72' lang='grc' dir='ltr'><strong><em>μὶν</em></strong></span> <span class='ocrx_word' id='word_1_289' title='bbox 1080 3599 1167 3678; x_wconf 88' lang='grc' dir='ltr'><strong><em>ύμεῖς</em></strong></span> <span class='ocrx_word' id='word_1_290' title='bbox 1188 3594 1382 3676; x_wconf 75' lang='grc' dir='ltr'><strong><em>ύμούνμοδύν</em></strong></span> <span class='ocrx_word' id='word_1_291' title='bbox 1406 3593 1457 3680; x_wconf 80' lang='grc' dir='ltr'><strong>[ἐκ</strong></span> 
     </span>
     <span class='ocr_line' id='line_1_32' title="bbox 263 3701 1455 3794; baseline -0.01 -18"><span class='ocrx_word' id='word_1_292' title='bbox 263 3714 339 3791; x_wconf 84' lang='grc' dir='ltr'><strong><em>μινῖς</em></strong></span> <span class='ocrx_word' id='word_1_293' title='bbox 364 3705 683 3794; x_wconf 59' lang='lat' dir='ltr'><strong>paupertatemque</strong></span> <span class='ocrx_word' id='word_1_294' title='bbox 702 3701 879 3784; x_wconf 84' lang='grc' dir='ltr'><strong><em>ύμύνιμύε,</em></strong></span> <span class='ocrx_word' id='word_1_295' title='bbox 906 3703 1021 3770; x_wconf 81' lang='lat' dir='ltr'><strong>bornen</strong></span> <span class='ocrx_word' id='word_1_296' title='bbox 1042 3702 1081 3770; x_wconf 84' lang='lat' dir='ltr'><strong>ari</strong></span> <span class='ocrx_word' id='word_1_297' title='bbox 1104 3703 1305 3770; x_wconf 82' lang='lat' dir='ltr'><strong>Panrmeanu</strong></span> <span class='ocrx_word' id='word_1_298' title='bbox 1328 3721 1358 3789; x_wconf 92' lang='lat' dir='ltr'><strong>p.</strong></span> <span class='ocrx_word' id='word_1_299' title='bbox 1378 3702 1455 3766; x_wconf 77' lang='lat'><strong>754.</strong></span> 
     </span>
     <span class='ocr_line' id='line_1_33' title="bbox 265 3805 1457 3900; baseline -0.012 -16"><span class='ocrx_word' id='word_1_300' title='bbox 265 3809 710 3900; x_wconf 85' lang='lat' dir='ltr'><strong>emblematispatrocinium</strong></span> <span class='ocrx_word' id='word_1_301' title='bbox 736 3810 882 3896; x_wconf 87' lang='lat' dir='ltr'><strong>suscipit.</strong></span> <span class='ocrx_word' id='word_1_302' title='bbox 934 3809 1168 3878; x_wconf 83' lang='lat' dir='ltr'><strong>Vneenrrueruu</strong></span> <span class='ocrx_word' id='word_1_303' title='bbox 1195 3809 1295 3874; x_wconf 90' lang='lat' dir='ltr'><strong>miror</strong></span> <span class='ocrx_word' id='word_1_304' title='bbox 1326 3805 1367 3874; x_wconf 91' lang='lat' dir='ltr'><strong>ad</strong></span> <span class='ocrx_word' id='word_1_305' title='bbox 1396 3805 1457 3874; x_wconf 70' lang='lat' dir='ltr'><strong>ua-</strong></span> 
     </span>
     <span class='ocr_line' id='line_1_34' title="bbox 267 3912 1457 3990; baseline -0.008 -1"><span class='ocrx_word' id='word_1_306' title='bbox 267 3942 405 3990; x_wconf 86' lang='lat' dir='ltr'><strong>aoaorau</strong></span> <span class='ocrx_word' id='word_1_307' title='bbox 431 3919 485 3990; x_wconf 86' lang='lat' dir='ltr'><strong>lv.</strong></span> <span class='ocrx_word' id='word_1_308' title='bbox 514 3925 588 3987; x_wconf 80' lang='lat'><strong>135.</strong></span> <span class='ocrx_word' id='word_1_309' title='bbox 615 3913 838 3982; x_wconf 79' lang='lat' dir='ltr'><strong>defendentem</strong></span> <span class='ocrx_word' id='word_1_310' title='bbox 872 3924 904 3982; x_wconf 87' lang='lat' dir='ltr'><strong>et</strong></span> <span class='ocrx_word' id='word_1_311' title='bbox 934 3923 1078 3984; x_wconf 90' lang='lat' dir='ltr'><strong>tuentem</strong></span> <span class='ocrx_word' id='word_1_312' title='bbox 1109 3917 1141 3982; x_wconf 92' lang='lat' dir='ltr'><strong>in</strong></span> <span class='ocrx_word' id='word_1_313' title='bbox 1167 3913 1293 3982; x_wconf 79' lang='lat' dir='ltr'><strong>Helico.</strong></span> <span class='ocrx_word' id='word_1_314' title='bbox 1319 3912 1389 3979; x_wconf 88' lang='lat' dir='ltr'><strong>Vli.</strong></span> <span class='ocrx_word' id='word_1_315' title='bbox 1414 3933 1457 3980; x_wconf 85' lang='grc' dir='ltr'><strong>ιν.</strong></span> 
     </span>
     <span class='ocr_line' id='line_1_35' title="bbox 265 4019 1459 4112; baseline -0.011 -15"><span class='ocrx_word' id='word_1_316' title='bbox 265 4033 319 4098; x_wconf 79' lang='grc'><strong>36.</strong></span> <span class='ocrx_word' id='word_1_317' title='bbox 352 4029 381 4094; x_wconf 81' lang='grc' dir='ltr'><strong>ἐν</strong></span> <span class='ocrx_word' id='word_1_318' title='bbox 415 4037 454 4110; x_wconf 72' lang='grc' dir='ltr'><strong>τῇ</strong></span> <span class='ocrx_word' id='word_1_319' title='bbox 486 4025 595 4108; x_wconf 75' lang='grc' dir='ltr'><strong><em>Τεμέμ</em></strong></span> <span class='ocrx_word' id='word_1_320' title='bbox 628 4023 724 4089; x_wconf 68' lang='lat' dir='ltr'><strong>aaron</strong></span> <span class='ocrx_word' id='word_1_321' title='bbox 751 4030 782 4086; x_wconf 89' lang='lat' dir='ltr'><strong>et</strong></span> <span class='ocrx_word' id='word_1_322' title='bbox 808 4031 1049 4112; x_wconf 85' lang='lat' dir='ltr'><strong>comparantem</strong></span> <span class='ocrx_word' id='word_1_323' title='bbox 1075 4024 1169 4090; x_wconf 84' lang='grc' dir='ltr'><strong><em>ούτοῡ</em></strong></span> <span class='ocrx_word' id='word_1_324' title='bbox 1193 4022 1334 4098; x_wconf 82' lang='grc' dir='ltr'><strong><em>Ἀύὴννοι</em></strong></span> <span class='ocrx_word' id='word_1_325' title='bbox 1360 4019 1459 4086; x_wconf 81' lang='lat' dir='ltr'><strong>Taro-</strong></span> 
     </span>
     <span class='ocr_line' id='line_1_36' title="bbox 265 4125 1459 4218; baseline -0.011 -14"><span class='ocrx_word' id='word_1_326' title='bbox 265 4157 352 4204; x_wconf 84' lang='lat' dir='ltr'><strong>roauu</strong></span> <span class='ocrx_word' id='word_1_327' title='bbox 378 4137 493 4202; x_wconf 77' lang='lat' dir='ltr'><strong>drusa.</strong></span> <span class='ocrx_word' id='word_1_328' title='bbox 518 4131 587 4212; x_wconf 79' lang='lat' dir='ltr'><strong>xit.</strong></span> <span class='ocrx_word' id='word_1_329' title='bbox 613 4151 644 4218; x_wconf 93' lang='lat' dir='ltr'><strong>p.</strong></span> <span class='ocrx_word' id='word_1_330' title='bbox 669 4132 734 4196; x_wconf 74' lang='lat'><strong>632</strong></span> <span class='ocrx_word' id='word_1_331' title='bbox 757 4149 784 4196; x_wconf 86' lang='lat' dir='ltr'><strong>c.</strong></span> <span class='ocrx_word' id='word_1_332' title='bbox 810 4129 854 4196; x_wconf 78' lang='grc' dir='ltr'><strong>τύ</strong></span> <span class='ocrx_word' id='word_1_333' title='bbox 875 4130 901 4195; x_wconf 74' lang='grc' dir='ltr'><strong>δ’</strong></span> <span class='ocrx_word' id='word_1_334' title='bbox 920 4132 1016 4198; x_wconf 72' lang='lat' dir='ltr'><strong>abacia</strong></span> <span class='ocrx_word' id='word_1_335' title='bbox 1037 4129 1207 4198; x_wconf 75' lang='grc' dir='ltr'><strong>κοτύῖιιττν</strong></span> <span class='ocrx_word' id='word_1_336' title='bbox 1228 4126 1342 4215; x_wconf 72' lang='lat' dir='ltr'><strong>(scrib.</strong></span> <span class='ocrx_word' id='word_1_337' title='bbox 1365 4125 1459 4192; x_wconf 76' lang='grc' dir='ltr'><strong><em>κοτέ·</em></strong></span> 
     </span>
     <span class='ocr_line' id='line_1_37' title="bbox 265 4235 1458 4333; baseline -0.011 -23"><span class='ocrx_word' id='word_1_338' title='bbox 265 4241 382 4333; x_wconf 78' lang='grc' dir='ltr'><strong><em>λειτεν)</em></strong></span> <span class='ocrx_word' id='word_1_339' title='bbox 414 4242 574 4319; x_wconf 53' lang='lat' dir='ltr'><strong>‘didonem</strong></span> <span class='ocrx_word' id='word_1_340' title='bbox 610 4249 642 4313; x_wconf 92' lang='lat' dir='ltr'><strong>et</strong></span> <span class='ocrx_word' id='word_1_341' title='bbox 673 4240 796 4307; x_wconf 78' lang='lat' dir='ltr'><strong>bueraru</strong></span> <span class='ocrx_word' id='word_1_342' title='bbox 827 4240 923 4308; x_wconf 84' lang='lat' dir='ltr'><strong>rerba</strong></span> <span class='ocrx_word' id='word_1_343' title='bbox 946 4243 987 4317; x_wconf 82' lang='lat'><strong>7,</strong></span> <span class='ocrx_word' id='word_1_344' title='bbox 1014 4241 1045 4306; x_wconf 85' lang='lat'><strong>8.</strong></span> <span class='ocrx_word' id='word_1_345' title='bbox 1069 4236 1129 4312; x_wconf 75' lang='lat' dir='ltr'><strong>rebe</strong></span> <span class='ocrx_word' id='word_1_346' title='bbox 1155 4235 1286 4310; x_wconf 79' lang='grc' dir='ltr'><strong><em>ύτούτοις</em></strong></span> <span class='ocrx_word' id='word_1_347' title='bbox 1310 4235 1370 4309; x_wconf 75' lang='lat' dir='ltr'><strong>rire</strong></span> <span class='ocrx_word' id='word_1_348' title='bbox 1393 4256 1458 4300; x_wconf 84' lang='grc' dir='ltr'><strong>τοι·</strong></span> 
     </span>
     <span class='ocr_line' id='line_1_38' title="bbox 265 4339 1458 4434; baseline -0.009 -18"><span class='ocrx_word' id='word_1_349' title='bbox 265 4349 367 4423; x_wconf 79' lang='grc' dir='ltr'><strong><em>τούτοις</em></strong></span> <span class='ocrx_word' id='word_1_350' title='bbox 402 4347 597 4428; x_wconf 70' lang='grc' dir='ltr'><strong><em>συμποτικὰς</em></strong></span> <span class='ocrx_word' id='word_1_351' title='bbox 630 4346 724 4421; x_wconf 80' lang='lat' dir='ltr'><strong>ericae</strong></span> <span class='ocrx_word' id='word_1_352' title='bbox 757 4347 817 4429; x_wconf 69' lang='grc' dir='ltr'><strong>χρὴ</strong></span> <span class='ocrx_word' id='word_1_353' title='bbox 846 4349 942 4434; x_wconf 75' lang='grc' dir='ltr'><strong><em>οιύτοῦ</em></strong></span> <span class='ocrx_word' id='word_1_354' title='bbox 973 4345 1005 4412; x_wconf 79' lang='grc' dir='ltr'><strong>ἒν</strong></span> <span class='ocrx_word' id='word_1_355' title='bbox 1036 4344 1079 4425; x_wconf 72' lang='grc' dir='ltr'><strong>τῷ</strong></span> <span class='ocrx_word' id='word_1_356' title='bbox 1107 4341 1268 4426; x_wconf 67' lang='lat' dir='ltr'><strong>cauteria</strong></span> <span class='ocrx_word' id='word_1_357' title='bbox 1304 4339 1458 4408; x_wconf 80' lang='grc' dir='ltr'><strong><em>κοιτολεύ-</em></strong></span> 
     </span>
     <span class='ocr_line' id='line_1_39' title="bbox 266 4445 1458 4542; baseline -0.008 -20"><span class='ocrx_word' id='word_1_358' title='bbox 266 4479 353 4534; x_wconf 83' lang='grc' dir='ltr'><strong><em>τειν,</em></strong></span> <span class='ocrx_word' id='word_1_359' title='bbox 384 4453 504 4542; x_wconf 84' lang='lat' dir='ltr'><strong>quibus</strong></span> <span class='ocrx_word' id='word_1_360' title='bbox 528 4451 628 4524; x_wconf 89' lang='lat' dir='ltr'><strong>muita</strong></span> <span class='ocrx_word' id='word_1_361' title='bbox 651 4451 772 4523; x_wconf 80' lang='lat' dir='ltr'><strong>similia</strong></span> <span class='ocrx_word' id='word_1_362' title='bbox 795 4471 833 4519; x_wconf 83' lang='lat' dir='ltr'><strong>cx</strong></span> <span class='ocrx_word' id='word_1_363' title='bbox 855 4452 989 4524; x_wconf 85' lang='lat' dir='ltr'><strong>Graecis</strong></span> <span class='ocrx_word' id='word_1_364' title='bbox 1011 4459 1043 4519; x_wconf 88' lang='lat' dir='ltr'><strong>et</strong></span> <span class='ocrx_word' id='word_1_365' title='bbox 1068 4449 1222 4521; x_wconf 83' lang='lat' dir='ltr'><strong>Roaranis</strong></span> <span class='ocrx_word' id='word_1_366' title='bbox 1244 4445 1458 4535; x_wconf 86' lang='lat' dir='ltr'><strong>scriptoribus</strong></span> 
     </span>
    </p>
   </div>
   <div class='ocr_carea' id='block_1_3' title="bbox 0 0 1617 4978">
    <p class='ocr_par' dir='ltr' id='par_1_3' title="bbox 0 0 1617 4978">
     <span class='ocr_line' id='line_1_40' title="bbox 0 0 1617 4978; baseline 0 0"><span class='ocrx_word' id='word_1_367' title='bbox 0 0 1617 4978; x_wconf 95' lang='lat' dir='ltr'><strong> </strong></span> 
     </span>
    </p>
   </div>
  </div>
 </body>
</html>
