3208 4972
795 383 867 455 214

239 568 285 647 is,
310 573 366 660 qui
390 595 453 641 non
477 577 527 642 sui
553 578 635 644 iuris
663 586 731 656 est,
763 579 817 645 θτί
838 599 912 656 τινι,
936 577 992 665 qui
1017 577 1050 643 in
1075 575 1214 644 alicuius
1234 585 1425 664 potestatem

238 683 385 762 pervim
410 683 497 748 renit
522 703 676 770 passurus
709 682 795 772 qued
819 683 864 750 itti
889 682 1048 749 videatur.
1095 681 1149 749 Sic
1173 683 1278 770 Cyrus
1300 694 1425 771 purtem

237 782 331 850 Asiae
352 805 425 854 cum
452 789 587 876 imperio
610 789 759 858 obtinens
781 797 851 857 erat
876 789 933 856 tert
957 790 999 872 τῷ
1025 788 1174 873 ἀδελφῷ,
1207 791 1238 855 iu
1260 810 1423 858 carcerem

236 891 402 958 coniectus
424 902 456 960 et
485 915 619 982 poenum
650 905 841 984 exspectaus
871 895 920 960 tri
944 897 987 978 τῷ
1009 894 1148 978 direpti.
1197 893 1325 983 Captivi
1348 906 1425 964 sunt

236 995 286 1060 ίπί
310 1007 373 1071 τοῖς
404 1002 579 1082 πολεμίοις,
612 1003 688 1069 ιίοῑί
720 1000 931 1069 inditionem
956 1002 1077 1088 recepti
1110 1001 1168 1066 ὑπὸ
1190 1009 1254 1075 τοῖς
1278 1003 1424 1080 νενικκκθ·

234 1125 291 1168 οιν.
339 1105 458 1175 Certus
480 1116 513 1174 et
536 1117 687 1175 constans
712 1107 764 1174 hic
783 1127 862 1174 usus
882 1115 931 1173 est
954 1115 1211 1194 perpetuumque
1234 1105 1424 1186 discrimen.

234 1215 269 1274 ut
298 1210 356 1277 ὑπθ
378 1213 505 1301 imperii
537 1225 569 1282 et
600 1217 679 1282 iuris
703 1215 764 1292 sit,
782 1215 838 1282 ἐπί
859 1213 986 1280 arbitrii
1008 1221 1042 1279 et
1064 1212 1219 1290 libidinis,
1242 1225 1276 1279 et
1299 1213 1423 1282 librarii

235 1323 356 1384 temere
383 1322 519 1388 miscent
545 1330 582 1389 ut
605 1323 729 1398 emnia,
755 1339 894 1408 quorum
920 1339 1047 1386 errores
1066 1318 1107 1386 ud
1132 1317 1215 1386 hunc
1232 1319 1337 1387 iucem
1352 1322 1423 1410 qui·

232 1422 280 1487 vis
316 1423 404 1492 nuitc
440 1430 569 1514 negotio
608 1425 760 1515 corriget.
816 1427 852 1491 ln
889 1424 1043 1492 tscccrns
1080 1423 1274 1512 Ροοιρρνισο
1317 1429 1336 1512 ς
1372 1429 1423 1494 16.

231 1547 342 1596 omnes
373 1530 448 1598 iibri
481 1542 612 1600 servunt
644 1533 727 1599 hunc
753 1532 940 1598 tectionem:
964 1537 1023 1596 τῶν
1047 1531 1201 1607 Ἑλλήνων
1232 1533 1258 1597 οί
1289 1533 1347 1612 μὲν
1371 1534 1424 1616 ἐφ’

232 1635 324 1717 ἡμῖν,
350 1640 375 1704 οἱ
400 1638 426 1703 δ’
458 1640 515 1706 ὑπὸ
544 1650 608 1715 τοῖς
641 1639 896 1718 Λακεδαιμονίοις
927 1638 1021 1717 είσίν,
1054 1636 1174 1724 optime
1212 1635 1346 1704 Urbium
1370 1640 1424 1724 ὑφ’

232 1741 315 1817 ἡμῖν.
340 1741 417 1809 ibid.
451 1747 469 1831 §
497 1752 570 1814 rot.
602 1754 661 1814 τῶν
692 1746 810 1814 πθλειυν
832 1750 890 1810 τῶν
914 1745 966 1828 ἐφ’
991 1746 1065 1824 ἡμῖν
1087 1744 1200 1818 οὐσῶν,
1226 1742 1310 1810 idem
1343 1744 1425 1811 iiber

232 1847 287 1931 ὑφ’
310 1845 385 1927 init
406 1852 598 1919 rectissime.
646 1851 682 1917 in
707 1856 815 1940 5120.
841 1853 894 1933 ἐφ’
916 1851 988 1929 ἡμῖν
1005 1851 1039 1916 iu
1065 1849 1217 1915 omnibus
1240 1857 1311 1929 est,
1331 1861 1365 1918 ιιι
1385 1859 1422 1919 tu

229 1951 299 2039 iege
324 1955 378 2037 ὑφ’
402 1957 485 2035 ieie.
533 1958 567 2025 in
599 1957 744 2025 eiusdem
776 1957 966 2023 Archidamo
998 1959 1015 2041 i
1043 1961 1096 2023 47.
1122 1958 1174 2023 τθν
1197 1955 1296 2022 ἄλλον
1317 1957 1423 2040 χρόνον

231 2060 285 2143 ὑφ’
311 2063 385 2138 ἡμῖν
415 2061 498 2138 ίντες
529 2067 580 2130 νῦν
613 2066 686 2143 ἡμῖν
715 2061 898 2144 προςοίττειν
929 2061 1083 2140 αξιοῦσιν,
1117 2062 1150 2127 in
1177 2081 1241 2128 une
1263 2060 1344 2128 libro
1374 2071 1424 2131 est

230 2165 283 2249 ἐφ’
307 2168 381 2246 ἡμῖν
415 2169 564 2255 pessime.
613 2169 647 2235 in
682 2169 894 2236 Xrncrucnrrs
927 2168 1052 2236 Πυθίου.
1081 2168 1150 2235 vlt.
1182 2189 1205 2236 ι.
1237 2174 1269 2236 6.
1294 2179 1423 2236 centre-

232 2271 300 2337 riur
323 2293 414 2339 errur
446 2284 504 2341 est.
552 2275 810 2357 Λακεδαιμόνιοι,
842 2276 950 2363 inquit
982 2273 1108 2341 Procles
1140 2272 1180 2341 ed
1213 2273 1424 2344 Athenienses

228 2376 324 2443 verita
357 2376 495 2457 iaciens
529 2381 601 2461 ὑμῖν
631 2383 801 2461 ίπολίμουν
830 2384 904 2448 τοτὲ
938 2381 1045 2448 πολλοὶ
1075 2379 1128 2457 ire
1151 2381 1205 2448 καί
1236 2387 1420 2464 κρατοῦντες

227 2491 284 2560 τῆς
306 2487 412 2567 χώρας
436 2489 518 2554 οὐδὲν
541 2487 728 2570 προιίκοπτον
752 2491 795 2563 είς
815 2490 850 2555 τὸ
870 2487 1025 2554 ἀπολέσαι
1047 2488 1148 2566 ὑμεῖς,
1172 2486 1239 2554 ἐπεί
1264 2486 1292 2552 δ’
1315 2488 1330 2553 ὃ
1354 2486 1418 2562 θεὸς

228 2587 319 2657 ἔδωκέ
350 2615 427 2658 ποτε
456 2596 563 2668 αὐτοῖς
594 2595 680 2660 κατὰ
709 2593 872 2662 θοίλατταν
906 2595 1111 2675 ἐπικρατῆσαι
1142 2592 1228 2668 εὐθὺς
1261 2595 1313 2658 ὑπ’
1346 2593 1423 2660 ἐκεί·

230 2719 287 2770 νοις
311 2705 471 2772 παντελῶς
495 2699 645 2779 ἐγένεσθε.
669 2702 888 2767 necessarium
907 2708 956 2766 est
975 2701 1028 2764 ἐπ’
1047 2699 1186 2777 ἐκείνοις,
1211 2719 1284 2765 uum
1307 2719 1424 2766 senem

227 2811 277 2870 est
307 2805 348 2870 ίπ
388 2805 508 2879 ἐκείνοις
539 2806 662 2885 ἐγένετο
696 2808 829 2888 χρῆσθαι
862 2807 935 2886 ὑμῖν
967 2801 985 2871 i'
1012 2829 1042 2871 τι
1077 2804 1116 2872 im
1150 2805 1332 2885 βούλοιντο,
1368 2827 1422 2871 ces

227 2919 390 2997 uestraque
420 2912 524 2978 omniu
557 2912 686 2978 iliorum
721 2912 852 2978 arbitrio
881 2911 1036 2998 permissa
1066 2921 1156 2988 eunt,
1191 2931 1252 2978 nen
1285 2912 1317 2977 ιἰι
1348 2910 1422 2977 itto-

229 3035 300 3080 rum
332 3016 478 3082 ditionem
510 3019 625 3105 recepti
660 3019 754 3098 estis,
787 3017 871 3104 quud
904 3037 1081 3105 numquam
1118 3016 1239 3084 iactum
1273 3025 1334 3085 est.
1384 3017 1420 3083 Ιιι

229 3120 339 3188 eodem
363 3120 447 3186 libre
471 3122 509 3189 V.
535 3142 567 3191 ιι.
596 3128 646 3192 17.
670 3126 695 3190 οί
721 3131 840 3208 θρᾷκες
865 3125 890 3190 σί
914 3123 1120 3204 ἀβασίλευτοι
1143 3124 1343 3205 θεραπεύουσι
1367 3124 1421 3190 καί

228 3232 279 3294 νῦν
309 3228 380 3300 τοὺς
411 3229 596 3304 Ὀλυνθίους.
628 3231 654 3296 εί
686 3231 712 3296 δ’
745 3231 797 3296 ὑπ’
826 3231 956 3303 ἐκείνους
987 3227 1106 3295 ἔσονται
1137 3232 1237 3305 πολλὴ
1261 3229 1314 3295 καί
1339 3227 1421 3306 αὕτη

227 3333 356 3414 δύναμις
376 3332 563 3416 recepiret?
582 3334 620 3400 im
640 3337 765 3412 αὐτοῖς,
791 3355 866 3402 vera
892 3335 987 3402 lectio
1010 3344 1059 3402 est
1080 3337 1132 3402 ὑπ’
1152 3335 1291 3412 ἐκείνοις,
1319 3335 1349 3402 iti
1371 3343 1422 3402 est

228 3441 255 3506 ei
284 3441 318 3505 in
349 3439 478 3506 iliorum
509 3441 658 3508 ditionem
681 3441 800 3509 redemi
822 3451 922 3508 erunt.
972 3441 1125 3508 idoneum
1154 3441 1335 3529 exemptum
1363 3438 1423 3506 ud·

229 3545 360 3634 scripsit
385 3546 518 3613 Drununr
542 3547 594 3614 Vi.
620 3568 652 3614 ιι.
678 3551 709 3613 i.
733 3551 773 3621 ὥς
795 3549 948 3630 κρίσιμον
971 3547 1015 3623 ein
1039 3549 1095 3623 rim
1118 3546 1272 3630 Κέρκυραν
1295 3549 1340 3627 μίν
1365 3549 1419 3614 ὑπ’

228 3653 397 3730 ’λθκναίοις
429 3651 524 3733 είναι,
556 3653 595 3720 ud
629 3673 725 3740 quum
762 3673 907 3720 normam
949 3652 1069 3739 refinge
1101 3653 1207 3720 tecum
1239 3655 1424 3720 Tuucnmns

229 3759 281 3826 Vi,
307 3765 361 3826 86.
386 3762 441 3836 cte
464 3760 611 3828 Σικελίαν
635 3759 730 3844 μέχρι
754 3761 843 3826 τοῦδε
873 3761 918 3839 μὴ
952 3760 1006 3826 ὑπ’
1037 3761 1142 3834 αὐτοῖς
1167 3754 1245 3826 εἶναι
1270 3779 1328 3846 pru
1351 3759 1421 3826 vui-

227 3874 302 3953 gutc
326 3866 379 3931 ὑπ’
402 3867 534 3943 αὐτούς,
560 3887 597 3933 ec
622 3885 716 3954 saepe
742 3865 817 3932 talia
839 3873 1025 3934 recurrunt.
1074 3865 1220 3953 Denique
1240 3885 1278 3931 ex
1299 3865 1351 3932 his
1373 3885 1423 3932 re·

229 3972 321 4039 stitui
354 3979 458 4058 petest
487 3981 520 4039 et
552 3972 696 4060 expediri
727 3970 817 4038 iocus
847 3972 1032 4039 Tuncrmms
1065 3971 1281 4060 interpolatus
1313 3981 1345 4040 et
1368 3970 1420 4038 ob·

230 4095 347 4144 scmus
372 4076 425 4143 iii.
453 4083 505 4144 12.
530 4077 758 4167 iiytiieneuses
777 4075 932 4146 deiiciunt
952 4076 992 4146 uh
1013 4075 1275 4145 Atheniensibus.
1312 4077 1423 4165 Legati

230 4183 378 4270 Spartam
406 4183 494 4249 missi
519 4194 677 4251 excusent
697 4181 818 4250 iactum
839 4193 870 4251 et
892 4183 965 4250 uitis
985 4193 1016 4251 et
1036 4183 1143 4252 hisce:
1167 4185 1194 4251 εί
1214 4184 1277 4265 γὰρ
1300 4184 1422 4251 δυνατοί

230 4288 306 4369 ἦμεν
344 4289 377 4355 ἐκ
411 4295 465 4356 τοῦ
505 4291 570 4358 ίσου
612 4291 666 4357 καί
705 4291 985 4371 αντετιβουλεῦσαι
1021 4291 1073 4356 καί
1109 4292 1355 4369 οὶντιμελλιῑσαι,
1389 4290 1423 4357 τί

230 4393 288 4462 ἔδει
312 4397 396 4473 ἡμᾶς
428 4397 463 4463 ie
493 4403 546 4464 τοῦ
578 4397 680 4476 ίμοίου
712 4395 763 4462 ἐπ’
794 4393 1037 4476 instructivum
1064 4395 1116 4462 ἐπ’
1142 4395 1263 4470 ε’κείνοις
1287 4396 1316 4463 δ’
1338 4395 1422 4472 ίντος

227 4502 276 4568 oiri
300 4505 354 4567 τοῦ
385 4503 551 4585 ἐπιχειρεῖν
581 4501 634 4568 καί
666 4502 720 4586 ἐφ’
745 4503 818 4582 ἡμῖν
849 4500 926 4570 εἶναι
950 4503 1053 4570 δεῖτὸ
1077 4503 1323 4586 προαμιίνασθαι.
1370 4501 1421 4568 in·
