3086 4974
812 361 883 432 532

252 559 499 639 λΑΤΧούμενοι,
527 567 561 622 ut
586 576 615 643 p.
629 559 704 622 595.
718 577 746 620 o.
760 563 896 634 γυναῖκα
909 559 1071 636 μιμεῖσθαι
1083 593 1126 608 -
1140 557 1214 638 τρέε
1233 557 1312 628 isnin
1329 553 1415 636 ἐρίζοι·

252 663 311 728 σάν
334 685 369 730 τε
393 666 446 732 καὶ
471 662 794 745 μεγαλαυχουμένην,
828 671 857 728 et
884 664 1012 749 saepius
1036 661 1120 728 atini.
1158 660 1360 728 Athenienses
1379 657 1416 723 ti-

252 767 368 836 cebant
399 779 456 836 aut
479 770 569 849 μέγα
594 767 728 856 (μεῖζον,
757 768 898 857 μέγιτον)
924 774 1043 852 Φρονεῖν
1066 777 1123 833 aut
1145 769 1418 851 μεγαλαυχεῖσθαι,

253 873 483 942 Graeculorum
508 884 558 942 est
580 879 842 957 μεγαλοφρονεῖν,
873 873 957 961 quod
982 895 1075 961 saepe
1101 875 1233 961 impune
1254 873 1362 940 Atticis
1382 869 1419 936 ai·

254 979 446 1048 fricuerunt.

300 1085 429 1154 Variatn
454 1095 585 1174 repente
609 1085 779 1153 verborum
805 1085 995 1173 compositio
1015 1085 1158 1152 turbavit
1178 1085 1301 1152 scribas
1320 1106 1346 1171 p.
1360 1086 1422 1150 528.

253 1211 279 1255 e.
305 1192 336 1257 in
359 1191 465 1260 hisce:
491 1193 557 1258 torri
579 1191 631 1258 nni
655 1196 706 1257 νῶι
728 1191 784 1256 ὑπὸ
808 1197 867 1256 τῶν
888 1198 1009 1258 πολλῶν
1029 1191 1248 1274 άτιμαζέμενα
1268 1191 1320 1256 καὶ
1337 1203 1423 1256 κολου-
1449 1187 1452 1196 ’

255 1296 369 1376 ύμενα,
404 1299 460 1365 ὑπὸ
481 1299 525 1365 ’δέ
556 1304 614 1364 τῶν
642 1296 810 1380 ζητούντων
833 1297 926 1377 λόγον
949 1301 1002 1364 ούιι
1026 1297 1158 1380 ἐχόντων
1181 1299 1251 1364 καθ’
1274 1293 1294 1362 δ’
1313 1321 1341 1362 τι
1363 1295 1424 1377 χρῆ·

254 1424 334 1481 τιμα
355 1401 435 1482 ὅμως
459 1405 531 1486 τρέτ
556 1401 688 1470 άταντα
709 1409 814 1469 ταῦτα
837 1403 896 1488 βία
917 1405 975 1470 iuri
994 1404 1122 1486 χάριτος
1141 1403 1328 1481 αὐξάνεται,
1352 1421 1424 1466 nam·

253 1528 315 1594 que
347 1509 582 1576 emendandum
608 1547 650 1557 —
676 1506 882 1588 κολουόμενα,
915 1515 973 1574 τῶν
1005 1509 1036 1576 δέ
1068 1510 1235 1592 ζητούντων
1264 1507 1357 1588 λέγον
1383 1509 1427 1572 ούιι

252 1612 393 1694 ἔχονται.
430 1616 558 1682 Poterat
589 1613 697 1682 dicere
725 1621 784 1681 τῶν
806 1617 863 1692 μέν
887 1621 1009 1682 πολλῶν
1031 1615 1245 1698 άτιμαζύντων
1266 1617 1363 1690 αύτην
1384 1610 1426 1677 noi

252 1720 447 1798 κολουύντων,
471 1728 530 1786 τῶν
551 1721 582 1786 δέ
607 1717 773 1801 ζητούντων
795 1724 860 1790 κτέ.
885 1721 940 1787 sed
962 1720 1087 1787 variare
1110 1719 1236 1788 maluit.

297 1823 383 1890 Nihil
408 1825 569 1912 signifieat
593 1826 774 1907 ποιουμένων
797 1849 825 1915 p.
848 1832 926 1894 558.
952 1847 978 1892 e.
1004 1829 1036 1892 in
1057 1825 1163 1892 verbis
1183 1825 1299 1908 πατρὸς
1319 1826 1349 1892 δὲ
1365 1824 1428 1889 ixei·

251 1955 298 1996 νου
322 1932 374 1998 καὶ
397 1937 455 1996 τῶν
479 1931 585 1998 ἄλλων
608 1933 792 2012 ποιουμένων
813 1933 941 2011 οἰκείων,
977 1941 1010 1998 at
1038 1942 1073 1998 tu
1095 1951 1212 2019 repone
1232 1941 1429 1999 l'iPOCnoroo·

250 2035 347 2115 μένων
368 2037 492 2104 οἰκεῖοι.
528 2035 628 2125 Saepe
652 2037 692 2104 ob
717 2037 898 2124 neglectum
924 2036 1180 2126 compendiolum
1202 2045 1235 2103 ot
1254 2037 1342 2124 apud
1362 2035 1429 2103 aiios

249 2152 281 2208 et
305 2141 390 2229 apud
415 2141 577 2210 Platonem
604 2155 715 2211 111²0c
737 2154 769 2211 et
793 2147 892 2212 ’λΠο
920 2144 1165 2212 interciderunt.

295 2247 344 2315 Do
366 2247 440 2337 nep.
471 2269 501 2335 p.
530 2255 605 2316 atr.
630 2269 657 2315 o.
683 2252 787 2316 οὐκοῦν
810 2253 862 2317 καὶ
885 2251 958 2334 τερῖ
973 2249 1072 2316 άλλου
1092 2248 1185 2322 οὕτως
1208 2247 1330 2316 ύτουοῶν
1354 2249 1371 2325 ii
1391 2271 1430 2314 rr·

248 2378 294 2429 νος
317 2357 435 2438 nimrim
459 2373 535 2421 vera
559 2354 655 2422 ieotio
680 2365 729 2423 ost
752 2358 894 2439 καὶπερὶ
920 2355 1040 2423 άλλΗΟ
1064 2353 1155 2431 οὕτως
1177 2359 1300 2424 ὁτουοῦν
1327 2356 1428 2439 άρχης.

249 2461 410 2527 Mirantur
440 2459 672 2528 homunciones
702 2462 821 2529 ὁτουοῦν
842 2461 1009 2530 foeminini
1034 2465 1162 2548 generis
1185 2482 1254 2530 esse
1280 2461 1429 2530 formam:

250 2572 358 2653 itaque
386 2563 470 2634 atius
493 2568 615 2634 rinch
639 2568 671 2634 in
697 2567 971 2648 άλλοοίοίίιιιιὶῖ,
997 2567 1080 2635 aiios
1103 2567 1142 2635 ad
1166 2570 1288 2635 ὁτουοῦν
1306 2567 1430 2636 ‘Hert-

248 2683 338 2739 Noc
361 2672 550 2760 adscripsit:
577 2673 651 2740 irino
675 2674 777 2760 igitur
798 2673 925 2761 vulgata
946 2684 1021 2741 nata
1041 2683 1100 2742 est.
1119 2674 1238 2741 ⁸Aetius
1250 2675 1430 2764 Dionysius,

248 2779 458 2846 doctissimus
480 2781 656 2858 άττιαιςητ,
686 2800 800 2868 operae
825 2781 965 2868 pretium
989 2781 1188 2847 existimavit
1211 2801 1281 2847 esse
1306 2779 1431 2848 tieoroo·

249 2896 353 2952 strare
384 2887 528 2952 Atticum
561 2910 613 2952 τοο
642 2906 699 2973 pro
732 2885 812 2962 τινος
854 2883 1019 2952 foeminini
1059 2895 1092 2953 et
1128 2887 1276 2952 neutrius
1313 2885 1432 2973 generis

247 3011 334 3069 esse,
360 3011 421 3057 non
447 3001 573 3058 tantum
601 2991 791 3072 masculini,
817 3001 853 3058 ut
876 2992 972 3079 vuigo
995 2999 1066 3057 orat
1090 2993 1122 3058 in
1146 3011 1217 3059 usu.
1254 2990 1390 3060 Photius
1406 3011 1431 3054 ι.

247 3110 343 3166 Tro:
379 3099 431 3164 καὶ
457 3098 507 3163 nrt
536 3099 667 3174 ύηλυνοῶ
689 3098 860 3175 τάττεται,
889 3097 987 3181 ῶττερ
1011 3098 1046 3164 τὸ
1069 3098 1158 3164 τινύ
1168 3123 1193 3172 ς.
1229 3097 1430 3183 ’Λριτοφάνητ

247 3204 454 3289 Ἀμφιαράῳ·

405 3309 496 3377 ταυτὶ
520 3311 571 3376 τά·
587 3311 647 3392 κρέ’
671 3311 757 3393 αὐτῷ
783 3309 869 3392 παρά
893 3311 1039 3390 γυναικός
1062 3331 1116 3376 του
1138 3309 1231 3393 Φέρω.

247 3419 297 3484 έτὶ
323 3417 354 3483 δὲ
377 3416 529 3499 οὐδετέρου
555 3417 722 3483 Δαναΐσιν·
1122 3407 1125 3412 ’

429 3525 504 3590 αλλ’
529 3522 626 3603 εἴσιθ’,
652 3527 691 3597 ῶς
715 3523 749 3589 τὸ
774 3525 898 3604 τρῶμα
921 3521 1052 3602 ἐλέγξαι
1075 3521 1231 3603 βούλομαι

426 3631 529 3707 τουτί,
555 3630 708 3712 τρυούζειν
730 3631 795 3711 γάρ
819 3634 915 3695 κανοῦ
937 3621 990 3696 τού
1013 3653 1064 3707 μοι
1088 3630 1196 3695 δοκεῖτ’

245 3739 294 3805 nrt
323 3739 353 3804 δέ
377 3739 529 3820 άρρενικού
554 3735 743 3818 Φερεκράτης
767 3741 938 3817 Κοριαννοῖ·

472 3841 594 3918 πάντας
616 3841 680 3924 γάρ
704 3843 762 3908 rior
786 3847 844 3906 τῶν
869 3840 969 3924 φίλων
992 3839 1055 3915 ένύς
1078 3838 1118 3920 γέ
1141 3864 1206 3907 του.

290 3949 480 4016 Nesciebant
501 3949 560 4015 troo
584 3945 776 4034 magistrati,
801 3955 835 4014 ot
855 3946 929 4013 hino
948 3945 1068 4033 dupiioi
1091 3944 1183 4012 modo
1201 3956 1341 4013 veterem
1360 3947 1431 4014 sori·

244 4067 373 4147 pturam
399 4065 673 4124 oontomerarunt.
753 4045 763 4132 [

291 4163 336 4228 De
360 4161 434 4248 trop.
468 4181 500 4247 p.
525 4167 602 4228 555.
635 4181 661 4226 o.
693 4160 877 4226 τταέταντα
907 4155 1005 4239 ῶττερ
1036 4158 1108 4240 πρὸς
1132 4154 1242 4240 ἕρματι
1269 4159 1376 4246 [πρὸς]
1398 4164 1434 4236 τῇ

244 4268 351 4347 πόλει,
385 4266 497 4333 moitis
528 4265 652 4332 ostendi
684 4265 761 4332 aiibi
797 4282 857 4332 cnr
890 4264 991 4330 altera
1017 4263 1210 4350 praepositio
1232 4273 1317 4331 esset
1342 4263 1432 4329 iudu-

243 4373 354 4441 eenda.
387 4370 459 4438 vido
487 4391 584 4458 supra
610 4392 640 4458 p.
672 4377 742 4438 155.
769 4392 838 4459 sqq.
866 4371 920 4438 ubi
940 4369 1025 4457 quod
1049 4369 1081 4434 in
1108 4367 1434 4436 Ptatonio'Pioodono

243 4500 273 4565 p.
299 4484 354 4544 67.
386 4497 415 4542 o.
447 4476 546 4557 ῶττερ
577 4477 613 4540 έκ
641 4477 759 4554 δεσμῶν
783 4477 843 4566 [ἐκ]
866 4483 919 4543 τοῦ
942 4479 1087 4555 τῶματος
1109 4461 1248 4542 aiterum
1273 4476 1308 4542 έν
1330 4473 1431 4542 deteri
