3178 4972
782 365 828 410 XX

210 533 267 599 illo
291 537 403 600 aetatis
433 536 544 621 vigore
571 540 603 600 et
625 535 762 612 fervore,
795 539 851 598 aut
881 532 919 598 de
947 534 1042 599 rebus
1073 538 1128 598 aut
1156 533 1196 598 de
1219 533 1403 599 hominibus

210 655 402 739 quibusdam
423 652 555 720 tulerim
577 655 709 733 iudicia,
741 674 879 740 namque
901 660 934 719 et
963 675 1001 720 er
1032 657 1132 720 animi
1159 655 1225 719 mei
1247 657 1403 722 sententia

210 775 341 842 candide
364 780 396 840 et
419 778 538 842 sincere
560 777 605 852 sic
627 776 808 842 iudicabam
831 781 863 840 at
884 797 968 841 nunc
990 775 1073 840 mihi
1094 775 1204 840 eadem
1227 795 1318 841 mens
1337 781 1401 852 est,

211 897 266 962 sed
286 901 429 982 poteram
448 896 612 982 complura
633 897 737 963 lenius
755 895 918 982 aliquanto
940 901 972 962 et
995 896 1184 962 clementius
1200 898 1403 981 pronuntiare

212 1023 244 1082 et
266 1038 459 1104 quamquam
482 1025 536 1093 τῆς
561 1018 706 1094 ἀληθείαις
731 1015 827 1097 ἀπρὶξ
860 1015 1006 1097 ἐχόμενος
1030 1023 1137 1082 tamen
1163 1019 1210 1082 ita
1240 1016 1343 1083 dicere
1365 1023 1403 1083 ut

212 1139 239 1203 11
272 1159 350 1224 quos
377 1139 638 1224 reprehenderem
667 1140 775 1204 minus
810 1140 979 1204 irritarem.
1027 1137 1227 1224 Quicumque
1257 1141 1344 1204 enim
1368 1141 1403 1203 in

212 1261 272 1325 hae
293 1257 449 1345 palaestra
471 1261 662 1326 exercitatus
691 1265 739 1324 esi
769 1261 936 1325 verissima
959 1279 1025 1324 esse
1052 1264 1201 1347 agnoscet
1223 1280 1304 1344 qnae
1329 1261 1403 1325 aeri-

212 1383 278 1466 psit
309 1379 551 1466 Peerlkampiua
582 1382 615 1445 in
650 1380 786 1446 secunda
815 1379 945 1445 Horatii
975 1380 1113 1446 editione
1141 1402 1173 1467 p.
1199 1398 1310 1445 xnxu:
1342 1381 1404 1464 ipra

213 1509 348 1586 expertae
378 1503 497 1583 coenari
525 1525 611 1587 qaam
647 1501 770 1586 dffciie
799 1501 840 1566 eit
871 1500 904 1564 in
934 1502 1086 1566 enitendo
1115 1523 1226 1586 seraper
1255 1523 1315 1566 aare
1345 1508 1405 1566 tana

203 1624 353 1710 facilen,
374 1624 557 1690 rnoderatnnr
579 1629 607 1687 et
629 1622 771 1699 amicam,
803 1629 838 1686 at
860 1645 1017 1708 nunqnam
1039 1629 1145 1706 pastea
1171 1623 1291 1708 aliquid
1310 1629 1404 1686 mata-

213 1752 275 1809 tnrn
295 1745 394 1809 aeder.
431 1744 544 1808 Mitius
557 1743 696 1829 profecto
725 1764 822 1808 omnen
849 1743 991 1807 sentimur
1014 1766 1100 1829 qnam
1130 1743 1404 1808 1111111111ωὴὂὶ-

212 1889 290 1943 nrnr,
314 1866 489 1950 diaprrtandi
505 1867 603 1930 catara
625 1864 762 1930 inarari:
785 1887 873 1950 eoqne
894 1863 992 1928 rainae
1009 1865 1080 1928 naa
1102 1864 1197 1928 calori
1219 1864 1384 1929 reriatinrne
1395 1913 1404 1942 ‚

212 1987 284 2073 qnia
306 1987 392 2072 qnasi
413 1987 471 2051 coti
493 1985 657 2072 bqnimar,
681 2008 734 2050 nec
756 2007 851 2050 accen
874 1983 1043 2050 adversarii
1054 1991 1240 2069 praecauere
1261 2007 1402 2050 nnannr.

213 2107 305 2188 Quod
327 2111 355 2173 si
376 2107 619 2193 Peerlkampius
642 2106 813 2183 sentiebat,
846 2125 907 2191 quo
930 2125 1023 2170 nemo
1046 2103 1153 2190 plures
1175 2110 1208 2172 11
1229 2107 1405 2172 infestiores

213 2230 408 2295 adversarios
429 2232 541 2292 nactus
564 2232 628 2304 est,
658 2226 734 2312 quid
764 2245 821 2292 nos
843 2227 944 2292 fauere
966 2223 1117 2292 addecet?
1163 2225 1273 2312 Itaque
1293 2228 1404 2294 tenebo

212 2351 272 2416 hoc
301 2348 436 2415 firmiter
464 2352 586 2434 postea,
619 2347 703 2433 quod
732 2349 798 2413 iam
829 2346 952 2412 dudum
978 2346 1080 2412 facere
1103 2347 1231 2427 studeo,
1263 2353 1301 2413 11
1330 2369 1404 2414 cum

212 2470 408 2556 principibus
437 2471 516 2535 viris
544 2465 716 2534 Dindorfiis
747 2473 779 2535 et
811 2467 1006 2556 Madvigiis,
1038 2473 1070 2533 et
1099 2471 1127 2532 si
1159 2471 1215 2555 qui
1244 2469 1301 2536 alii
1331 2475 1405 2536 aunt

212 2591 280 2658 illia
313 2611 420 2677 pares,
455 2590 554 2656 libere
581 2595 612 2654 11
642 2589 727 2667 μετὰ
758 2586 861 2664 πάσης
885 2588 1054 2670 παρρησίας
1089 2590 1294 2668 contendam,
1330 2611 1404 2656 cum

213 2714 345 2778 caeteris
367 2714 412 2778 sia
431 2733 526 2800 agam
549 2715 587 2776 ut
605 2731 707 2796 neque
729 2711 797 2796 ipse
817 2709 913 2776 alicui
937 2713 1000 2775 sim
1023 2708 1177 2776 molestus
1198 2731 1300 2796 neque
1318 2685 1404 2777 ultro

212 2835 398 2902 lacessentes
427 2835 583 2920 iniquiore
616 2835 722 2898 animo
745 2833 854 2897 feram.
902 2828 1022 2898 Oritica
1053 2852 1103 2898 ars
1134 2835 1245 2918 suopte
1275 2833 1405 2920 ingenio

212 2961 260 3020 111
281 2939 411 3043 pugnax
441 2959 473 3020 ei
496 2953 662 3031 bellicosa,
692 2954 842 3037 quoniam
872 2973 946 3017 oum
978 2953 1127 3018 omnibus
1156 2954 1303 3018 omnium
1324 2973 1405 3018 erro

213 3076 301 3140 ribus
328 3077 480 3161 vitiisque
509 3073 631 3140 bellum
665 3071 812 3138 ἄσπονδον
845 3072 897 3136 nai
927 3073 1095 3153 ἀκήρυκτον
1130 3078 1281 3160 perpetuo
1311 3075 1405 3163 gerit.

214 3194 342 3281 Itaque,
367 3201 405 3262 ut
427 3195 484 3261 ille
507 3197 569 3273 ait,
594 3193 831 3258 disneraientinn
854 3195 933 3258 inter
950 3216 982 3259 re
1004 3195 1241 3280 reprehensiones
1256 3217 1315 3260 non
1336 3202 1408 3259 rant

214 3317 443 3401 vituperandae,
474 3317 528 3380 aed
548 3315 721 3392 madian,
746 3316 955 3393 contanaebiae,
985 3321 1047 3379 tarn
1074 3314 1266 3394 iracundiae,
1291 3322 1406 3382 111111-

214 3439 309 3503 tiones
337 3438 620 3524 conentatioaarqne
642 3437 675 3500 ia
708 3436 887 3520 danmando
910 3437 1081 3521 pertinaces
1110 3438 1252 3518 indipnaa
1273 3439 1406 3522 phiaro-

209 3560 286 3644 1111
307 3559 381 3623 miti
400 3565 450 3641 (ut
472 3559 554 3624 mihi
574 3556 764 3644 philologia)
783 3557 881 3621 vidui
902 3558 997 3622 rotent
1018 3555 1098 3640 (Cic.
1121 3559 1159 3622 de
1176 3559 1245 3622 ata.
1263 3557 1288 3622 Ι.
1308 3555 1405 3644 127).

215 3678 288 3746 11111
321 3701 387 3746 1111
421 3680 598 3766 complures
632 3684 665 3744 et
693 3681 778 3744 intra
811 3680 932 3763 patriae
963 3676 1039 3744 fines
1074 3684 1105 3744 et
1128 3683 1231 3758 11111,
1266 3681 1323 3765 qui
1353 3701 1407 3744 me

214 3801 322 3867 rodere
345 3808 377 3866 et
399 3800 545 3867 allatrare
567 3799 714 3866 lubenter
736 3798 873 3878 soleant,
898 3819 964 3864 esse
990 3801 1069 3865 item
1094 3799 1191 3877 alios,
1216 3801 1332 3886 quibus
1353 3821 1407 3866 ma

215 3922 357 3988 acerbius
380 3927 412 3987 et
434 3921 572 3988 odiosius
603 3942 728 4006 carpere
756 3922 798 3985 sit
825 3920 1013 3986 iucundum.
1059 3921 1173 3986 Fateor
1199 3943 1252 3987 me
1274 3923 1407 3989 antehac

214 4064 277 4109 non
305 4063 424 4130 magno
454 4063 546 4128 opere
575 4042 626 4108 his
657 4045 852 4109 commoveri
874 4041 1008 4108 solitum
1034 4062 1136 4128 neque
1165 4042 1243 4107 haec
1264 4043 1408 4108 multum

216 4184 333 4230 aurare.
380 4163 483 4229 Nemo
506 4167 592 4242 erat,
622 4166 674 4228 oui
695 4163 781 4228 male
806 4162 944 4240 vellem,
975 4183 1071 4248 quem
1101 4162 1256 4240 odissem,
1288 4163 1407 4246 nedum

215 4287 268 4351 cui
286 4284 463 4351 inviderem
481 4285 534 4351 vel
553 4285 778 4350 obtrectarem:
800 4289 990 4368 erani'quos
1013 4287 1264 4361 contemnerem,
1288 4285 1408 4351 iterum

215 4405 332 4483 fateor,
365 4406 419 4472 ssd
444 4407 566 4470 nemini
587 4425 742 4490 umquam
766 4425 875 4470 eorum
903 4404 962 4470 hau
984 4405 1053 4488 ipsa
1082 4403 1121 4469 de
1153 4424 1247 4470 causa
1276 4391 1408 4472 exhibui
