3204 4978
622 377 628 388 ·
709 331 778 404 cat

151 531 241 614 Φέναι
261 529 314 595 καὶ
334 527 493 596 δεδωκέναι
511 525 662 606 πληνοέο,
688 526 771 595 idem
798 533 989 596 Auerruncus
1011 528 1093 598 dixit
1110 531 1196 619 apud
1223 533 1337 603 bruun.

152 635 232 704 Xill.
259 657 289 722 p.
311 639 387 703 bbb.
412 635 506 701 cuius
530 632 635 701 lucum
662 653 722 700 nun
752 634 911 720 gravabor
935 635 1135 715 describere,
1160 644 1196 704 ut
1221 639 1336 706 vitium

151 743 300 808 eximatis.
347 739 537 824 Ἀντιφοένης
570 741 583 806 ὃ
620 741 838 823 κωμῳδιοποιὸς
875 743 913 816 ὥς
949 741 1160 822 οένεγέννοιοκέ
1197 767 1266 811 τινα
1296 747 1338 830 τῷ

149 851 282 929 βασιλεῖ
306 847 498 930 Ἀλεξάνδρῳ
529 853 588 914 τῶν
618 847 728 914 ἑαυτοῦ
752 848 911 930 κωμῳδιῶν
934 849 948 914 ὃ
972 848 1003 914 δέ
1027 849 1118 926 δῆλος
1143 843 1177 924 ήν
1200 851 1233 916 οὐ
1257 849 1339 918 πάνυ

149 979 179 1024 τι
202 953 452 1038 ἀποδεχόμενος,
482 955 530 1020 δεῖ
557 953 636 1036 γὰρ,
667 952 799 1037 έφήσεν,
833 950 854 1018 ὦ
886 955 1043 1034 βασιλεῦ,
1065 955 1117 1021 τδν
1140 954 1235 1022 ταῦτ’
1259 957 1339 1025 ebarc-

150 1060 314 1147 δεχέμενον
351 1060 416 1126 abab
458 1062 623 1140 συμβολῶν
654 1085 690 1126 τε
729 1058 882 1134 πολλάκις
922 1060 1146 1137 δεδειπνηκέναι
1182 1061 1235 1128 καὶ
1271 1063 1339 1146 περὶ

151 1168 275 1251 έταέρας
306 1165 470 1242 πλεονιέκις
502 1167 554 1232 καὶ
591 1165 753 1250 εέληφέναι
784 1165 837 1230 καὶ
869 1165 1030 1233 δεδωκέναι
1055 1166 1203 1248 πληνοές,
1237 1175 1270 1234 ai
1293 1168 1340 1234 dt·

150 1285 240 1344 xerat
264 1276 315 1341 τδν
339 1277 431 1340 ταῦτ’
454 1271 688 1352 ἀποδεξάμενον.
738 1273 772 1340 bt
802 1273 936 1359 passivis
961 1273 1121 1353 τύπτομαι
1146 1281 1177 1340 et
1205 1273 1341 1354 παίομαι

150 1381 263 1449 crebro
287 1388 484 1458 occurrunt«,
511 1388 546 1445 ut
569 1379 601 1444 in
626 1377 768 1444 Nubibus
796 1398 841 1444 rs.
865 1383 942 1446 494.

265 1487 333 1571 Φέρ’
358 1485 425 1563 tue,
449 1486 481 1552 τέ
504 1485 596 1570 δρᾷς,
621 1484 656 1561 ήν
678 1483 726 1557 τίς
750 1508 785 1550 σε
807 1485 930 1568 πέπτης
956 1524 999 1536 -
1023 1485 1193 1566 τύπτομαι.

148 1603 181 1662 ct
205 1593 326 1683 passim
351 1590 434 1678 apud
467 1611 588 1657 cmrtes.
637 1587 797 1656 Futurum
831 1600 879 1657 est
910 1593 1114 1672 πληρήσομαι
1139 1610 1195 1680 prc
1215 1595 1342 1674 πληγήν

149 1704 294 1786 λήψομαι
330 1697 651 1785 frequentissimum,
690 1704 725 1778 ut
761 1698 792 1763 in
830 1696 926 1763 nobiti
964 1697 1032 1765 tccc
1069 1699 1280 1766 brucsrucrus
1303 1701 1342 1767 dc

153 1809 271 1876 Carene
304 1826 333 1892 p.
352 1809 436 1880 stt,
470 1807 524 1871 24.
556 1805 647 1883 λανδ
679 1803 747 1884 βίον
775 1800 843 1886 ἔζης
876 1803 976 1879 δεδιὼς
1000 1805 1052 1872 καὶ
1076 1804 1268 1889 τρέμωνκαὶ
1292 1805 1341 1872 risi

151 1912 370 1996 πληγήσεσθαι
395 1908 576 1992 προσδοκῶν.
626 1910 685 1976 Pro
710 1912 841 1990 πληγὰς
863 1913 1006 1992 λήψομαι
1030 1910 1114 1998 apttd
1146 1912 1269 1979 Atticos
1292 1931 1343 1980 sc·

149 2022 213 2090 ruci
239 2017 384 2087 occurrit
406 2017 623 2096 τυπτήσομαι,
649 2018 680 2081 in
706 2014 849 2083 Nubibus
878 2020 972 2085 1379.

492 2125 567 2190 αλλ’
592 2117 676 2197 αὖθις
700 2120 741 2190 αὖ
764 2124 975 2202 τυπτήσομαι.

151 2233 206 2303 ubi
231 2231 309 2300 clim
333 2230 513 2308 τντήσομαι
540 2227 763 2308 scribebatur,
798 2227 838 2295 ab
869 2229 908 2294 iis
939 2226 1138 2316 proiectum,
1170 2227 1225 2316 qui
1251 2228 1343 2316 pueri

151 2340 196 2408 ita
221 2338 404 2406 didicerant
425 2334 481 2402 sed
505 2333 690 2400 nesciebant
710 2335 823 2412 έτύπην
848 2336 992 2403 ionicum
1017 2344 1048 2401 et
1072 2333 1233 2421 poeticum
1253 2355 1342 2416 esse,

149 2446 331 2524 τοτήεομαι
357 2461 516 2529 nusquam
542 2439 686 2508 iocorum
711 2459 750 2507 ue
778 2439 862 2528 apud
888 2441 958 2507 ittcs
986 2439 1114 2527 quidem
1141 2450 1285 2510 exstare:
1310 2448 1345 2509 at

150 2553 306 2640 frequens
329 2547 501 2616 admodum
535 2555 582 2614 est
611 2548 755 2628 λήψομαι
779 2545 920 2627 πληγάς.
970 2545 1151 2613 Perfectum
1177 2565 1234 2633 pru
1263 2563 1345 2625 τλη-

150 2663 210 2741 ρήν
235 2657 358 2739 εἴληφα
380 2663 430 2722 est
453 2653 665 2733 πέπληγμαι,
690 2651 839 2718 omnibns
864 2652 985 2739 pariter
1010 2653 1042 2717 in
1065 2671 1144 2732 usu,
1168 2652 1343 2732 veteribus,

150 2763 400 2834 recentioribus.
448 2759 600 2828 Occurrit
619 2759 715 2825 etiam
742 2759 867 2838 πληγήν
891 2757 973 2839 ixa,
998 2757 1082 2845 quud
1104 2776 1237 2845 prorsus
1258 2757 1343 2825 idem

150 2881 210 2940 est.
274 2868 494 2936 bntiatticista
530 2867 663 2932 Bursam
703 2865 817 2931 Anecd.
858 2865 882 2930 1.
917 2884 946 2953 p.
974 2870 1055 2940 111,
1091 2867 1146 2930 27.
1187 2865 1345 2943 πληγήν

151 2977 271 3062 ἔχωνς
296 2974 364 3043 αντὶ
389 2978 443 3040 τοῦ
462 2971 666 3056 τετρωμένος,
689 2969 941 3053 Ἀναξανδρίδης,
966 2970 1051 3057 quod
1073 2971 1193 3058 optimc
1218 2969 1344 3038 dictant

151 3094 219 3163 ast,
248 3091 286 3149 ui
316 3085 443 3164 τραῦμα
474 3078 573 3163 ἔχων,
599 3078 724 3144 ὑπώπια
747 3075 851 3160 έχειν,
876 3075 1007 3143 έλαπτον
1030 3075 1129 3158 ἔχειν,
1152 3075 1344 3163 qttae⁰idem

151 3189 341 3277 significant
364 3195 460 3275 atque
483 3185 686 3270 τετρωμένος,
708 3183 922 3262 ὑπιοπιοέσέαι,
948 3183 1179 3260 ήλλαττῶσέαι.
1228 3181 1346 3250 Forma

151 3295 357 3374 τετύπτημαι
381 3301 413 3360 et
445 3291 520 3359 binc
545 3300 657 3358 natum
687 3291 859 3368 traxeritne
883 3289 967 3378 apud
989 3291 1155 3377 sequiures
1178 3287 1258 3375 satis
1282 3287 1346 3357 ire·

153 3411 294 3491 quanter
314 3407 508 3481 occurrunt,
527 3396 611 3486 apud
634 3397 765 3464 Veteres
782 3403 814 3463 et
831 3395 979 3483 probatus
996 3395 1171 3481 scriptores
1185 3410 1344 3483 nusquam

154 3508 236 3576 tnibi
262 3506 344 3575 lecta
368 3515 457 3572 suut.
506 3503 607 3571 bbert
639 3503 825 3569 bituucrnuus
852 3500 993 3588 quidem
1027 3519 1056 3588 p.
1081 3504 1164 3576 105,
1191 3505 1221 3567 b.
1246 3519 1264 3566 e
1287 3500 1347 3566 Mi·

154 3615 250 3682 ιέίοπο
282 3613 494 3688 τετοπτήοέαι
524 3611 574 3677 ἐπὶ
602 3617 659 3684 τῆς
687 3609 840 3692 ὃρχήςρας
866 3606 983 3687 μέσης,
1014 3605 1156 3672 sednon
1182 3607 1286 3693 magis
1309 3627 1346 3674 ea

154 3721 252 3789 rerba
277 3717 362 3807 apud
389 3719 613 3785 brucsrucurn
636 3715 776 3802 reperies
798 3731 895 3800 quam
913 3709 996 3797 quud
1018 3730 1056 3777 ex
1078 3710 1188 3778 eadem
1203 3713 1347 3781 oratione

156 3827 288 3894 besenes
311 3825 405 3892 affert
426 3843 458 3912 p.
479 3829 520 3901 6,
546 3827 577 3890 8.
603 3823 706 3888 burn:
731 3823 745 3887 1
770 3821 833 3901 γὰρ
856 3818 1053 3901 Πολύζηλος,
1083 3817 1196 3900 Φηοδν,
1222 3819 1252 3885 ἐν
1275 3843 1346 3886 συν·

155 3933 288 4016 δεέπνῳ,
323 3933 383 4012 ἐγὼ
413 3932 441 3998 δ’
473 3931 503 3996 έν
533 3927 689 4012 ἱερομηνία
719 3929 736 4004 ή
772 3927 859 3993 κατα
890 3923 983 3990 πέπον
1014 3925 1053 3996 ὥς
1076 3924 1267 4016 ένταῦέαῇέ
1290 3925 1348 4004 μέν

154 4041 222 4121 γὰρ
242 4039 273 4104 έν
292 4039 387 4123 ciale,
408 4037 520 4120 φησὶν,
541 4035 665 4114 έπλήνη
690 4032 783 4120 (cod.
808 4034 833 4099 t
855 4031 1000 4098 omnium
1022 4030 1165 4117 optimus
1180 4031 1346 4119 έτνπτήέη)

155 4148 219 4229 ἐγὼ
244 4143 273 4210 δ’
297 4146 328 4211 έν
350 4145 427 4227 ἱερῷ.
474 4143 659 4210 biemcriter
682 4140 728 4206 itti
753 4138 925 4207 brutorum
950 4136 1036 4203 iocus
1060 4135 1175 4204 afferre
1193 4136 1295 4204 scient
1315 4144 1349 4204 et

156 4251 188 4318 in
216 4249 268 4316 bis
289 4271 350 4316 ncu
374 4248 544 4317 verborum
570 4246 624 4314 sed
649 4267 759 4313 rerum
785 4255 817 4313 et
841 4245 1075 4314 sententiarum
1103 4245 1260 4310 rationem
1290 4239 1349 4311 ba·

158 4357 248 4425 bere.
295 4353 502 4443 saepiuscule
523 4363 630 4420 autem
648 4353 848 4432 τετύπτημαι
873 4359 905 4418 et
927 4347 1098 4426 έτνπτήέην
1118 4348 1203 4437 apud
1224 4352 1350 4437 sequio-

158 4481 211 4531 res
236 4459 409 4548 leguntur,
435 4469 467 4529 et
490 4459 649 4548 defungar
661 4479 725 4527 ιιιιο
737 4457 902 4547 exemplu,
923 4458 999 4545 quia
1020 4455 1143 4523 Luctum
1160 4459 1278 4536 esici,
1297 4459 1348 4523 tc.

1177 4563 1212 4610 νο
