3178 4972
730 383 778 456 33

252 588 323 654 ταῖς
348 580 461 656 ὁπλαῖς
484 580 610 663 ὤρυττον
634 579 723 652 εὐνὰς
747 578 798 644 καὶ
822 587 1007 662 μετῇσαν
1029 579 1199 659 τρώματα,

159 684 255 753 aliter
289 686 407 752 dixisse
441 707 540 774 quam
577 686 715 753 solerent
748 683 917 772 populares
947 683 1079 750 ornnes?
1135 682 1350 750 Luculentum

158 799 210 858 est
233 790 374 858 scholion
399 793 433 856 iu
459 781 635 868 Punroneu‘,
660 790 745 877 qnod
767 793 897 857 Pnorrns
918 809 991 856 rum
1016 788 1128 855 multis
1149 789 1221 856 aliis
1241 791 1273 854 in
1292 789 1348 854 Le·

158 898 224 964 xici
247 897 298 962 sui
324 896 518 982 farraginem
545 899 680 984 recepit,
704 896 789 963 trude
807 896 946 981 sublegit
967 896 1092 962 Surum:
1118 893 1176 978 iu:
1201 893 1348 962 δισυλλά-

157 1005 244 1083 βυς,
279 1004 313 1068 τὸ
338 1002 539 1085 ἐπορευόμην,
565 1005 620 1070 σὺν
643 1004 720 1092 reita
744 1001 925 1084 γράφεται,
950 1004 1195 1081 atrociusve
1218 1001 1272 1076 iiia
1295 1000 1348 1067 λέ-

158 1133 249 1187 γονσι
278 1109 331 1174 καὶ
363 1110 456 1185 ἤϊσαν
486 1110 522 1177 τὸ
554 1107 631 1192 ἦσαν
655 1109 708 1175 καὶ
738 1108 826 1189 παρα
851 1109 1016 1190 Θουκυδὶδη
1040 1105 1132 1184 οὕτως
1157 1107 1351 1187 acarasseon

157 1212 221 1280 ὅτι
242 1213 506 1296 ακμαζοντές
530 1241 573 1282 πε
598 1213 698 1298 ἦσαν
722 1216 760 1288 ἐς
784 1215 925 1294 αὐτόν,
950 1215 975 1280 oi
999 1213 1151 1287 δὲ’Ίιονες
1171 1215 1276 1290 listron
1294 1212 1346 1280 uoti

159 1317 249 1396 droco
293 1323 433 1408 (vitiose.
490 1321 583 1388 lones
620 1329 746 1387 tautum
783 1321 871 1396 irruo
906 1318 1082 1408 dicebant).
1144 1319 1349 1404 ’Λριςοφοίνης

157 1425 331 1496 Ὁλκάσιν·

388 1533 478 1600 Ἐπεὶ
499 1534 526 1599 δ’
550 1534 699 1612 ἐγενόμην
723 1530 807 1614 οἷπερ
828 1532 858 1615 η’
882 1531 934 1599 ἐπὶ
957 1530 1051 1610 ξύλα.

205 1637 296 1719 Quod
325 1647 433 1704 utitem
460 1639 525 1704 diri
550 1640 696 1706 codicum
723 1640 903 1724 scripturas
924 1638 1005 1704 lianc
1029 1636 1207 1723 analogiam
1234 1637 1350 1704 confir-

161 1763 250 1810 mare
276 1744 320 1810 ita
349 1743 442 1810 dico:
479 1765 711 1832 saepenumero
735 1743 879 1824 librarii,
912 1744 969 1832 qni
994 1769 1003 1812 ι
1026 1743 1225 1831 adscriptum
1250 1743 1350 1827 negli-

158 1870 234 1937 gere
267 1849 428 1930 solebant,
459 1849 556 1932 loeo,
586 1861 747 1935 παρῆσαν,
771 1851 969 1933 παρεξῆσαν,
995 1849 1150 1929 ἕπεξῆσαν
1172 1857 1206 1916 et
1229 1850 1348 1917 similia

158 1957 382 2034 retinuerunt,
407 1959 483 2043 quia
502 1979 557 2026 eas
576 1959 697 2024 iormas
717 1957 755 2024 ad
777 1954 853 2024 εἶναι
876 1955 1072 2034 referebant,
1093 1975 1289 2044 quamquam
1309 1955 1349 2022 ad

157 2061 234 2128 liam
257 2082 328 2130 esse
351 2062 534 2131 referendas
556 2065 674 2152 passim
700 2063 871 2150 diligenter
894 2064 1080 2151 inspicienti
1103 2062 1275 2129 constabit.
1314 2061 1349 2128 Si

159 2166 209 2234 his
237 2167 318 2235 locis
350 2192 359 2233 ι
393 2168 556 2237 addideris
588 2169 720 2237 habebis
743 2170 916 2237 Atticorum
942 2189 1089 2244 manum:
1122 2169 1150 2235 si
1178 2169 1273 2252 decan
1296 2187 1348 2234 re·

160 2285 281 2360 pones,'
310 2274 393 2361 qnod
428 2277 596 2343 nonnullos
629 2276 734 2343 iacere
766 2276 874 2352 video,
905 2275 1040 2342 Atticam
1071 2274 1245 2341 dialectum
1276 2293 1347 2340 cor-

158 2400 308 2468 rumpes,
330 2379 361 2446 id
383 2381 467 2467 quod
488 2381 746 2450 scribaedudum
761 2381 927 2456 iecissent,
949 2378 1173 2448 nisieosalins
1186 2379 1345 2467 opinionis

157 2505 248 2552 error
280 2487 479 2554 retinuisset.
528 2488 620 2575 Apud
654 2488 877 2554 lirnosrarurrr
908 2486 1016 2553 editur
1046 2487 1080 2553 in
1111 2487 1212 2574 prirun
1246 2485 1345 2572 Olyn-

158 2591 262 2657 Μέσσα
294 2612 326 2680 ρ.
361 2597 421 2658 11:
456 2589 498 2659 δ’δ’
530 2595 640 2674 ηἰιομεν
671 2594 842 2673 Εὐβοεῦσιν
872 2592 1098 2674 βεβοηθηκότες
1125 2593 1178 2659 οιαὶ
1203 2600 1346 2674 παρῆσαν

156 2701 395 2782 Ἀμφιπολιτῶν
427 2699 526 2782 Ἱέραξ
558 2701 610 2766 καὶ
641 2709 840 2784 Στρατοκλῆς
869 2701 919 2766 ἐπ)
943 2701 1027 2766 τουτὶ
1047 2698 1083 2765 ri
1105 2698 1219 2778 βῆμα,
1245 2699 1346 2765 mani·

156 2801 237 2868 iesto
260 2823 382 2870 errore.
434 2804 585 2872 Graecum
610 2815 658 2872 est
678 2807 878 2886 diocliciano,
902 2806 1059 2888 βαδίζειν,
1080 2804 1346 2886 repercuteret

155 2908 249 2987 βῆμα
271 2917 302 2975 el
322 2910 471 2984 καθῆσθαι
485 2912 535 2978 ἐπὶ
547 2916 602 2980 τοῦ
614 2913 771 2992 βήματος,
786 2911 940 2979 Donosrn.
952 2913 986 2978 in
1003 2911 1178 2999 Olympiaci.
1190 2930 1221 2997 p.
1240 2913 1343 2976 1176:

156 3015 263 3082 detur.
298 3015 332 3081 iu
366 3015 458 3081 Pluto
490 3021 568 3083 382:
600 3019 626 3084 ci
653 3018 708 3084 ε’πὶ
742 3021 796 3085 τοῦ
828 3019 973 3098 βήματος
996 3015 1101 3097 λόγον,
1131 3017 1285 3084 llrtrosru.
1309 3018 1347 3082 dc

154 3114 323 3208 Symmor.
358 3141 390 3208 p,
418 3126 501 3188 189:
536 3142 597 3188 nou
622 3133 756 3211 possunt
779 3123 858 3191 haec
881 3125 1083 3211 permutari:
1118 3121 1196 3210 quid
1220 3122 1345 3190 multal

155 3237 300 3311 παρῇσαν
329 3237 378 3294 est
405 3228 636 3315 reponendum.
685 3228 806 3296 Eadem
832 3230 992 3296 medicina
1015 3228 1094 3296 locis
1117 3227 1346 3317 complusculis

155 3333 362 3409 Taocromrs,
391 3333 601 3400 Xenorrrourrs
634 3345 666 3401 et
698 3335 834 3402 aliorum
867 3334 1043 3403 [actitanda
1074 3344 1133 3403 est.
1180 3335 1253 3401 Vidi
1285 3353 1345 3402 nu·

155 3441 298 3524 perrime
330 3440 385 3526 qui
416 3441 450 3504 in
474 3439 686 3508 Xruornonrrs
709 3439 882 3508 Helleuicir
905 3441 945 3509 ll.
974 3451 1003 3510 t.
1035 3448 1091 3520 18,
1115 3441 1288 3524 Λύσανδρος
1313 3441 1346 3518 ἐξ

154 3545 292 3623 Ἀβύδου
323 3545 477 3627 παρέπλει
504 3546 557 3612 καὶ
589 3544 679 3614 ἄλλοι
709 3556 897 3630 παρῆσαν
919 3547 1014 3632 πεζῇ,
1041 3557 1208 3635 reponeret
1232 3549 1345 3630 nappis·

138 3675 225 3730 ‚aaa
264 3649 414 3717 Perdciet
438 3650 713 3731 emeudationem,
738 3654 793 3740 qui
814 3663 957 3738 crappum
975 3652 1074 3720 dabit.
1111 3653 1245 3720 librarii
1267 3652 1345 3719 dum

154 3753 268 3821 sedulo
300 3754 421 3823 formas
452 3755 513 3822 sibi
546 3757 709 3824 inauditos
740 3758 939 3845 expellebant
963 3769 996 3826 et
1019 3757 1096 3842 irai
1119 3760 1187 3827 sire
1211 3756 1289 3836 ἦσαν
1311 3760 1344 3825 in

156 3863 251 3944 parav
274 3859 491 3946 retingebaut,
517 3883 758 3952 nonnumquam
782 3865 1006 3953 imperfectum
1020 3868 1148 3942 αἰτῆσαν
1161 3875 1280 3934 temere
1292 3885 1347 3931 ar·

155 3967 330 4053 ripuerunt
354 3976 385 4034 et
409 3969 571 4055 pervim,
595 3970 648 4036 nlri
673 3971 802 4037 οἱοσνοοι
822 3972 1025 4059 requiritur,
1050 3970 1209 4039 dederuut
1228 3973 1344 4040 obiere.

155 4072 210 4140 Bis
230 4072 295 4139 lroc
319 4074 353 4139 iu
378 4073 553 4141 l'nucrnroe
580 4075 788 4163 deprehendi.
824 4076 878 4143 IV.
901 4081 963 4153 39,
989 4077 1055 4161 aspi
1081 4076 1190 4144 siucero
1213 4079 1348 4161 ἡμέρας,

155 4179 188 4242 ἒν
212 4174 262 4252 αἷς
286 4181 313 4245 oi
337 4179 482 4261 πρέσβεις
506 4182 574 4264 περὶ
597 4188 656 4248 τῶν
679 4183 811 4250 σπονδῶν
832 4179 1044 4268 ἀπηεσαν,
1068 4183 1241 4251 inciderem
1261 4203 1347 4252 erro·

155 4303 225 4350 rem
249 4283 358 4361 vides,
385 4295 417 4352 et
436 4289 563 4375 turpius
575 4291 673 4354 etiam
686 4309 758 4376 cap.
776 4293 835 4356 42:
859 4291 1062 4376 ἐνΛευκαδίρ
1082 4293 1273 4376 ἀπηεσαν
1294 4294 1348 4358 αὖ·

154 4395 215 4456 τῶν
244 4392 439 4459 πεντακόσιοι
463 4396 592 4478 φρουροί.
640 4395 676 4461 ln
701 4395 912 4462 Xeuoeuourrs
936 4397 1074 4464 Auobosi
1099 4397 1153 4464 lll.
1182 4403 1212 4464 4.
1238 4401 1297 4474 λδ,
1320 4397 1350 4463 si

155 4518 216 4562 που
246 4497 305 4564 δέοι
332 4523 364 4565 τι
387 4507 442 4576 τῆς
466 4500 643 4584 <Dinawar
667 4502 933 4583 ε’πιπαριῑσαν
955 4500 1054 4583 οὗτοι,
1085 4503 1292 4592 participium
1317 4503 1350 4566 in

1184 4611 1199 4657 a
