3204 4978
789 347 861 419 aba

229 535 291 606 aiia
313 539 424 608 insunt
446 541 540 606 vitia:
566 561 705 629 namque
725 563 788 609 noa
807 551 903 628 atque
923 540 1034 608 eadem
1053 561 1150 608 cansa
1170 551 1219 610 est
1239 541 1420 610 cordieere

230 647 263 714 in
296 647 449 712 concione
482 668 543 714 non
577 650 734 734 potnerit,
768 647 823 715 sed
859 647 954 714 verba
990 649 1090 728 λύγων
1121 652 1166 729 μὴ
1197 649 1419 731 προτεθέντων,

228 760 287 820 τῶν
312 752 343 818 δὲ
368 753 512 835 προέδρων
542 755 717 822 κωλυόντων
742 753 902 842 duplicem
928 773 1060 820 eausam
1086 755 1231 822 indicare
1257 754 1418 822 videntur.

232 862 399 926 Praeterea
422 867 482 926 τῶν
505 862 648 944 προέδρων
665 861 839 928 κωλυύντων
860 861 905 927 ita
930 860 1059 927 tiernnm
1086 860 1166 928 bene
1189 861 1312 928 dietum
1335 871 1420 929 esset

228 967 256 1032 si
281 967 355 1052 quis
377 968 534 1052 coepisset
558 966 664 1034 dicere
688 967 744 1035 sed
767 988 784 1033 a
811 965 957 1054 proodris
985 968 1162 1052 probibitio
1185 966 1317 1046 inisset,
1344 987 1417 1034 oam

228 1070 317 1138 atiud
340 1080 389 1137 est
406 1074 551 1152 κωλύειν,
577 1073 664 1141 atiud
688 1078 742 1141 ούκ
762 1075 827 1140 ten.
864 1070 926 1138 Sed
951 1073 983 1138 io
1007 1093 1040 1140 re
1066 1075 1233 1161 perspicua
1253 1094 1316 1140 non
1338 1094 1419 1161 opus

228 1185 276 1244 est
300 1177 412 1245 moitis
436 1181 552 1247 verbis.
601 1179 647 1246 Eo
666 1180 793 1248 facilins
817 1179 915 1244 etiam
942 1178 1021 1245 mibi
1046 1181 1260 1257 assentietur,
1285 1181 1341 1267 qni
1363 1199 1418 1245 no·

226 1285 309 1352 verit
333 1293 365 1352 et
385 1283 512 1352 assidua
538 1286 674 1354 tectione
696 1287 765 1373 ipse
796 1285 1031 1366 observaverit.
1058 1287 1224 1373 quamsit
1249 1286 1419 1352 Aeserninos

224 1390 428 1469 emblematis
461 1412 555 1458 omne
585 1412 687 1478 genus
718 1391 932 1478 interpolatus
962 1400 994 1458 ot
1028 1411 1125 1478 qnam
1163 1390 1354 1458 festinanter
1387 1401 1418 1458 ct
1477 1448 1486 1454 .
1585 1379 1586 1448 i

224 1497 352 1578 ύκρύτωο
379 1499 541 1568 bernerus
566 1499 598 1564 in
625 1498 683 1565 bac
708 1517 836 1585 quoqne
857 1506 947 1583 parte
967 1496 1145 1565 doteriores
1168 1496 1266 1563 iibros
1288 1499 1318 1564 in
1344 1519 1417 1564 eon·

225 1602 396 1674 stitueoda:
421 1603 583 1670 Aoscnnns
613 1605 757 1672 oratione
786 1611 918 1670 secutus
942 1601 1059 1680 suerit,
1084 1605 1201 1691 spretis
1226 1601 1328 1669 rnnito
1352 1623 1418 1672 me·

224 1709 370 1778 lioribus.
418 1709 519 1790 Quam
554 1711 597 1776 sit
623 1709 681 1778 boc
717 1730 828 1778 rernm
860 1730 947 1776 nnnc
971 1711 1003 1777 in
1041 1730 1104 1777 ono
1134 1709 1202 1776 ioco
1231 1707 1416 1786 ostendam,

226 1824 335 1903 postea
359 1813 398 1881 de
429 1815 588 1882 industria
624 1819 795 1884 bescarnsn
825 1824 1028 1903 pertractans
1061 1815 1231 1903 pernrnttis
1261 1807 1417 1901 exemptis

226 1919 433 1988 confirmabo.
483 1921 614 2006 Legitur
646 1923 679 1988 in
713 1923 927 2009 Ctesipbonteo
960 1924 977 2007 §
1007 1925 1079 1988 156.
1103 1923 1148 2001 μὴ
1172 1923 1245 2004 apte
1266 1926 1322 1988 τοῦ
1346 1923 1417 1994 Διὸς

225 2026 277 2118 nei
310 2033 369 2092 τῶν
398 2023 502 2092 ἄλλων
540 2031 629 2106 ύεῶν,
670 2028 794 2094 ἱκετεύω
827 2031 930 2108 buria,
972 2025 992 2094 ὦ
1025 2025 1130 2110 ἄνδρες
1161 2029 1335 2106 Ἀθηναῖοι,
1371 2029 1417 2107 nir

224 2131 367 2214 τρύτωνον
399 2129 489 2202 ἵςοοτε
520 2135 580 2216 ἀφ’
606 2135 687 2213 ὑμῶν
719 2134 820 2200 abacia
850 2135 881 2198 ἐν
911 2143 951 2218 τῇ
982 2140 1036 2201 τοῦ
1078 2133 1224 2200 Διονύσου
1259 2134 1415 2218 inaniore,

223 2237 298 2320 μηδ’
323 2241 437 2321 οοὶρεῖτε
462 2241 631 2322 aaronitae
661 2240 712 2306 τὸν
737 2239 831 2320 δῆμον
854 2247 912 2307 τῶν
939 2239 1022 2327 (lege
1045 2241 1109 2328 τὸν)
1135 2241 1318 2320 Ἀθηναίων,
1342 2241 1415 2320 μηδ’

223 2347 474 2426 incarnationem
505 2353 565 2412 τῶν
591 2347 725 2414 dardana
756 2347 808 2412 κοιὶ
842 2347 996 2423 benaiam
1027 2351 1128 2413 κακῶν
1151 2348 1222 2421 τοὺς
1252 2347 1417 2414 ταλαιπώ-

222 2476 287 2535 ρους
312 2453 490 2531 Θηβαίους,
523 2449 767 2533 οὓς-Φυγόντας
799 2453 850 2518 διὰ
880 2456 987 2519 τοῦτον
1017 2451 1203 2535 ὑποδέδεχθε
1233 2462 1273 2536 τῇ
1308 2452 1415 2527 πόλει,

221 2555 259 2633 ὧν
283 2557 348 2641 ἱεροὶ
373 2560 425 2625 κού
449 2557 542 2625 τέκνου
574 2559 626 2624 κω)
656 2557 778 2641 τάφους
810 2558 971 2626 οὶτύλεσεν
1002 2560 1020 2635 ἦ
1053 2559 1263 2637 Δημοσθένους
1294 2559 1415 2642 δωροδο·

222 2665 285 2732 κύω.
334 2663 370 2729 ln
394 2663 446 2730 his
471 2665 612 2750 primum
638 2675 755 2750 qrrator
781 2664 893 2750 optimi
920 2662 1151 2730 cotteesetet
1176 2685 1233 2753 pro
1264 2667 1337 2747 τρὸτ
1360 2669 1414 2732 τοῦ

223 2771 295 2844 Διὸς
327 2771 380 2837 κω)
413 2777 472 2836 τῶν
502 2769 608 2838 ἄλλων
640 2771 710 2836 θεῶν
745 2768 905 2836 dederunt
939 2770 1011 2850 πρὸς
1044 2775 1097 2836 τοῦ
1127 2771 1200 2844 Διὸς
1235 2770 1289 2838 eei
1325 2773 1413 2850 iaris,

222 2878 308 2946 unde
331 2879 470 2963 emergit
494 2897 566 2942 vera
593 2876 687 2942 tertio
710 2877 783 2957 πρὸς
808 2877 880 2948 Διὸς
904 2874 957 2942 κού
981 2877 1074 2952 θεῶν,
1107 2885 1171 2942 tam
1206 2875 1356 2964 frequens
1381 2879 1414 2944 in

226 2985 333 3054 Attica
353 2977 490 3070 atqueci
515 2987 575 3048 Ζεύ
599 2982 652 3049 κού
687 2982 759 3048 teci:
789 2981 904 3047 deinde
924 2981 1051 3048 ἱκετεύω
1076 2983 1158 3060 ὑμᾶς
1185 2983 1217 3048 in
1242 2982 1338 3050 nott.
1364 2985 1414 3050 io·

222 3101 309 3160 certa
335 3088 409 3155 seda
435 3097 614 3171 vagantur,
639 3087 693 3154 aiii
726 3087 812 3154 enim
844 3094 916 3174 post
948 3094 1008 3154 τῶν
1030 3085 1135 3155 ἄλλων
1159 3092 1229 3155 θεῶν
1253 3109 1289 3156 ea
1318 3089 1414 3158 verba

222 3201 450 3282 interponunt,
475 3191 572 3260 iidem
597 3202 737 3280 quatuor
759 3194 873 3281 optimi
896 3201 965 3280 post
986 3190 1007 3259 ὦ
1028 3192 1132 3276 ἄνδρες
1153 3196 1326 3273 Ἀύννυῖω,
1351 3211 1415 3282 qno

221 3301 342 3371 indicio
372 3299 564 3367 emblemata
599 3298 748 3366 iaciilime
782 3309 978 3386 arguuntur.
1026 3300 1061 3367 ln
1095 3299 1275 3367 vehementi
1312 3301 1413 3368 animi

223 3407 436 3478 commotione
467 3407 538 3487 πρὸς
570 3407 642 3478 Διὸς
673 3407 725 3474 κού
751 3409 821 3472 θεῶν
852 3415 885 3472 et
909 3408 982 3472 sim.
1006 3426 1080 3472 cum
1114 3407 1315 3492 imperativis
1339 3406 1416 3474 sotis

223 3515 477 3600 ooniungnotnr.
526 3511 696 3597 Magistetli
727 3533 844 3601 pueros
874 3511 1029 3579 docebant
1060 3513 1205 3587 ἱκετεύω,
1238 3513 1413 3593 ἀντιβολῶ,

222 3623 329 3702 binnan
350 3628 406 3688 aut
424 3617 530 3686 simite
550 3618 627 3706 quid
651 3619 683 3683 in
706 3617 823 3686 talibus
843 3621 961 3684 omissa
983 3639 1053 3686 esse
1074 3618 1192 3686 rideri:
1217 3639 1256 3686 ox
1275 3639 1413 3706 qnorum

222 3725 498 3796 annotatiuncnlis
523 3725 675 3792 Veterum
705 3728 826 3813 scripta
851 3724 1106 3812 interficiamur,
1134 3734 1169 3792 nt
1193 3726 1278 3812 apriti
1302 3727 1416 3794 isnenn

222 3833 262 3902 li.
288 3837 306 3919 §
330 3837 382 3898 tt.
408 3834 452 3909 μὴ
485 3831 656 3912 nectabere,
691 3832 762 3913 πρὸς
794 3834 865 3898 θεῶν
893 3832 946 3896 κον)
979 3830 1127 3910 berniaco
1149 3831 1271 3918 [δέομαι
1296 3833 1414 3922 bnon,

222 3936 511 4023 τροτνρλωκοούέντω
536 3937 629 4003 αὐτὸν
656 3938 713 4004 ὑπὸ
746 3938 877 4015 τούτων,
910 3937 963 4004 uhi
996 3938 1052 4024 qui
1084 3957 1147 4002 non
1177 3937 1276 4003 sentit
1306 3937 1416 4016 δὲομοοο

224 4049 306 4127 ὑμῶν
330 4043 472 4109 insiticia
497 4062 580 4120 esse,
606 4044 632 4108 is
653 4045 769 4131 poterit
790 4043 921 4110 eredere
939 4043 1062 4109 nntium
1088 4063 1222 4130 usquam
1238 4043 1271 4108 io
1286 4041 1416 4110 Codici-

222 4155 283 4220 bns
307 4150 463 4218 emblema
487 4169 558 4216 esse
581 4159 614 4216 et
639 4152 736 4218 nimis
762 4143 944 4217 iasbidiosos
967 4169 1038 4216 esse
1062 4159 1093 4216 et
1117 4151 1359 4237 morosos,'qni
1380 4170 1416 4216 se

223 4258 299 4328 tatia
324 4255 408 4324 ierne
440 4276 532 4344 posse
565 4266 692 4343 negent.
741 4257 863 4324 Deinde
886 4258 919 4323 io
945 4257 1107 4322 Aesconns
1132 4254 1239 4321 verbis
1271 4256 1315 4334 nb
1346 4254 1416 4338 τρύη

223 4361 450 4443 canonicare,
484 4362 580 4430 iidem
614 4361 748 4430 Codices
781 4365 826 4442 κύ
858 4383 969 4430 omnes
1002 4362 1176 4428 omittunt:
1202 4362 1310 4447 itaque
1335 4359 1414 4428 baee

220 4478 270 4538 esi
302 4467 446 4536 oratoris
478 4463 607 4535 manus:
637 4471 701 4549 μὴ,
734 4471 807 4550 πρὸς
837 4469 908 4545 Διὸς
941 4467 993 4534 ani
1028 4468 1116 4546 θεῶν,
1148 4464 1297 4550 &einim
1320 4469 1412 4544 'atn-
