3178 4972
773 443 854 488 XVIII

218 621 295 708 quId
317 623 395 687 viris
417 619 544 706 magnis
566 618 692 681 honoris
715 621 747 681 et
768 616 963 680 reverentiae
985 613 1156 689 debeatur,
1181 613 1280 677 etiam
1303 611 1331 674 si
1348 627 1411 693 qua

217 745 252 806 in
280 763 314 806 re
343 743 516 828 impegisse
546 738 725 804 videantur.
761 735 893 801 Nullius
914 734 1004 800 leudi
1026 739 1059 799 et
1081 734 1185 799 famae
1206 730 1338 796 invidus
1358 729 1411 794 cb·

219 867 335 939 tracte,
363 861 462 942 stipsis
493 861 557 937 γὰρ
589 864 717 923 Μουσῶν
749 854 915 933 κέλευθος,
946 861 979 922 11
1000 859 1142 940 superest
1164 855 1198 917 in
1221 871 1283 937 quo
1305 855 1413 916 nostra

218 985 364 1050 omnium
398 981 555 1046 industria
589 985 621 1046 et
650 980 820 1066 ingenium
850 982 1029 1064 appareant.
1073 975 1132 1041 uc
1160 993 1244 1040 unus
1273 976 1306 1038 et
1333 970 1413 1038 alter

218 1124 313 1190 quem
340 1105 557 1179 contemnam,
589 1100 707 1166 fateor:
744 1100 771 1163 εἰ
795 1099 881 1164 τοῦτ’
905 1098 950 1168 ἔς·
974 1097 1116 1176 ἀδίκημ’,
1144 1095 1254 1172 ἀδικῶ,
1279 1094 1334 1160 sed
1355 1093 1413 1158 hos

219 1227 304 1310 ipsos
333 1244 510 1308 numquam
541 1221 694 1286 lacessam
716 1226 773 1286 aut
795 1219 967 1286 vellicabo:
992 1225 1030 1284 ut
1051 1217 1230 1304 plurimum
1252 1237 1291 1282 ne
1313 1217 1414 1280 nomi-

219 1346 294 1410 nari
316 1343 463 1430 quidem,
486 1343 572 1408 idem
595 1341 726 1428 posthac
751 1343 850 1406 etiam
871 1338 1060 1426 diligentius
1078 1337 1228 1403 facturus
1252 1335 1415 1402 Pervelim

219 1485 328 1532 omnes
357 1486 465 1530 meam
495 1463 620 1530 dicendi
652 1463 835 1528 libertatem
859 1461 971 1527 eodem
993 1463 1100 1526 animo
1123 1459 1238 1537 ierant,
1262 1479 1324 1544 quc
1346 1460 1414 1543 ipse

219 1587 357 1652 alienam
390 1605 514 1672 semper
548 1583 611 1649 tuli
645 1604 680 1648 ac
716 1583 825 1648 feram.
861 1581 969 1647 Etiam
1003 1584 1059 1666 qui
1088 1581 1172 1646 milri
1203 1579 1352 1646 iracunde
1382 1582 1415 1644 et

219 1707 325 1773 odiose
344 1709 528 1791 responsant
547 1725 609 1770 non
628 1705 711 1768 iram
733 1703 817 1769 mihi
835 1723 1007 1790 umquam,
1027 1724 1090 1769 non
1104 1703 1215 1769 odium
1225 1705 1413 1780 moverunt,

220 1828 275 1893 sed
297 1829 399 1892 risum
421 1827 485 1891 fere
508 1831 565 1896 aut
586 1827 704 1890 iocum.
740 1825 826 1891 Fieri
843 1844 906 1889 non
923 1829 1028 1910 potest
1046 1825 1124 1910 quin
1142 1844 1267 1910 semper
1286 1826 1321 1888 in
1340 1843 1414 1890 non·

221 1946 319 2012 nullis
342 1947 584 2023 dissentiamus,
609 1951 640 2010 et
664 1944 727 2010 alia
750 1943 822 2011 alite
842 1943 988 2031 placeant
1010 1965 1046 2010 ac
1068 1944 1259 2031 probentur:

715 2063 917 2144 λοιδορεῖσθαι
941 2065 968 2130 δ’
991 2067 1024 2130 οὐ
1046 2065 1153 2146 πρέπει

448 2185 559 2268 ἄνδρας
583 2185 772 2268 assentetur
795 2184 895 2266 ὥσπερ
918 2186 1150 2268 ἀρτοπώλιδας,

170 2321 175 2328 ’
221 2317 253 2378 11
282 2331 377 2387 eum,
411 2309 520 2386 credo,
551 2311 687 2373 minime
715 2308 890 2393 poenitebit
920 2311 976 2394 qui
998 2307 1122 2373 bellum
1144 2310 1277 2397 gesserit
1299 2313 1337 2374 ut
1359 2307 1416 2372 ali-

221 2433 345 2518 quando
375 2449 486 2517 pacem
516 2429 748 2514 compositurus
770 2433 803 2494 et
824 2433 862 2494 ut
885 2433 1048 2495 amaturus
1070 2429 1181 2494 oderit.
1217 2427 1374 2514 Equidem
1398 2449 1417 2494 a

219 2552 383 2619 Meinelrio
405 2556 437 2618 et
459 2551 604 2616 Bekkero
627 2553 673 2616 ite
697 2571 788 2636 saepe
810 2551 983 2627 dissentio,
1007 2555 1045 2614 ut
1067 2570 1192 2635 semper
1211 2551 1416 2616 meminerim

220 2694 317 2759 quam
346 2673 425 2738 bene
450 2676 584 2757 uterque
606 2671 645 2737 de
669 2668 799 2738 Graecis
823 2671 955 2736 Litteris
978 2673 1021 2736 sit
1041 2673 1196 2748 mentua,
1221 2675 1254 2736 11
1276 2691 1332 2736 cur
1353 2671 1416 2737 dis-

218 2798 369 2862 sentirem
398 2795 439 2860 iis
469 2795 667 2881 argumentis
697 2793 865 2878 verbisque
897 2789 1090 2880 signiticari·
1108 2790 1260 2878 voluique
1292 2812 1417 2878 semper

218 2915 412 3004 significare,
435 2921 472 2980 ut
494 2914 577 2980 nihil
599 2914 638 2980 de
666 2933 777 2979 eorum
802 2913 897 2978 laude
925 2911 1132 2979 detraherem.
1166 2912 1287 2979 Eodem
1308 2915 1416 2981 animo

220 3041 247 3102 si
270 3037 347 3123 quId
369 3035 451 3102 milri
474 3037 582 3100 miuus
605 3033 803 3120 probandum
826 3036 935 3100 11111111
957 3039 1006 3100 est
1028 3039 1061 3099 11
1083 3033 1263 3112 videbitur,
1284 3035 1416 3101 candide

220 3163 388 3244 aperteque
420 3154 607 3240 reprehendi
637 3159 669 3219 et
700 3153 937 3240 reprehendam.
975 3153 1103 3220 Nollem
1134 3153 1317 3222 Meinekius
1347 3161 1416 3222 tem

220 3277 434 3345 tumultuaria
466 3294 561 3362 opera
593 3277 761 3360 scriptores
792 3272 929 3342 Graecos
961 3255 1067 3342 ederet
1096 3282 1129 3343 et
1159 3277 1280 3343 multas
1309 3279 1416 3364 potius

220 3399 395 3466 medioeres
425 3402 458 3464 et
480 3396 593 3462 dubias
616 3399 824 3462 correctiones
847 3393 1035 3475 effunderet,
1060 3417 1157 3482 quam
1180 3419 1296 3484 paucas
1317 3399 1415 3465 bonas

219 3526 253 3587 et
291 3518 463 3607 palmarias
497 3517 660 3583 delibaret.
689 3493 843 3582 ¹Mallem
879 3514 1044 3582 Belrlrerus
1078 3523 1225 3585 veterum
1257 3519 1413 3587 librorum

219 3642 317 3707 bonas
339 3642 510 3726 scripturas
533 3637 706 3726 diligenter
728 3636 878 3726 colligere
902 3642 935 3704 11
956 3638 1066 3705 ordine
1084 3638 1242 3726 explicare
1259 3646 1292 3706 et
1310 3642 1356 3706 sic
1374 3639 1414 3706 de

195 3729 353 3828 ’Litteris
379 3761 501 3845 optime
528 3761 644 3824 mereri
673 3763 836 3847 pergeret,
868 3778 966 3845 quam
996 3758 1153 3826 librorum
1175 3761 1296 3828 auxilio
1320 3761 1414 3828 desti—

219 3887 311 3948 tutus
331 3879 459 3967 solaque
482 3880 646 3948 divinandi
668 3881 839 3958 facultate,
864 3900 927 3966 qua
948 3882 1056 3946 minue
1075 3881 1181 3961 valet,
1199 3883 1299 3952 fretus
1316 3903 1415 3950 novas

219 4001 373 4069 editiones
395 3999 528 4068 celerius
550 4021 646 4087 quam
670 4001 787 4067 melius
811 4002 985 4067 adornaret.
1021 4003 1092 4069 Non
1114 4007 1293 4092 estmagni
1312 4003 1414 4091 philo
1526 4069 1530 4075 ,

220 4123 289 4212 logi
316 4123 380 4188 cito
410 4124 552 4208 peritura
580 4123 675 4188 certis
702 4127 735 4187 et
764 4122 926 4188 duraturis
949 4129 1152 4209 anteponere,
1176 4129 1209 4191 et
1231 4123 1413 4211 aequalium
1507 4165 1509 4168 -

220 4243 369 4331 plausum
391 4242 472 4309 ferre
493 4241 591 4307 malle
614 4262 710 4327 quam
733 4262 834 4308 serere
861 4263 942 4328 quae
964 4248 997 4308 et
1018 4242 1112 4310 alteri
1134 4244 1259 4312 saeculo
1280 4249 1411 4333 prosint.

219 4363 423 4432 Praeclarum
452 4367 500 4429 est
528 4362 612 4448 quod
635 4361 828 4428 Plutarchus
850 4364 884 4429 in
906 4363 1036 4429 Periclis
1058 4367 1126 4431 vita
1148 4365 1248 4432 dirit:
1274 4369 1291 4444 ἡ
1316 4369 1346 4432 ἐν
1368 4370 1411 4447 τῷ

221 4495 316 4553 ποιεῖν
339 4485 482 4569 εὐχέρεια
506 4483 558 4550 καὶ
583 4483 728 4566 παχύτης
751 4486 805 4549 οὐκ
830 4481 967 4560 ἐντίθησι
986 4485 1083 4566 fidite
1104 4483 1182 4569 ἔργῳ
1200 4488 1326 4567 μόνιμον
1345 4489 1412 4555 οὐδὲ
