3204 4978
861 343 931 427 820
966 403 969 408 -

472 553 552 619 iuter
573 551 649 618 ἑλὼν
672 554 710 626 ὥς
733 553 760 618 oi
783 551 841 631 μὲν
866 549 1043 628 ἔν’σσέιιμυν
1067 551 1130 616 riri
1155 555 1228 626 νηῶν

471 657 588 740 βάντες
613 657 785 725 ἕπέπλειον.

290 761 513 830 multa·dabit
545 765 688 832 Bonum.
713 763 753 830 ad
777 763 960 830 Cnnnrnoms
986 761 1091 828 iocum
1121 765 1180 839 11,
1207 767 1260 828 lu.
1286 763 1300 828 ὁ
1324 761 1356 828 δὲ
1380 761 1488 841 Θήραν

290 869 368 937 ἔνθεν
392 870 476 936 ἑκών.
527 871 646 936 Tamen
670 871 803 938 turbant
827 869 948 936 indocti
974 868 1099 936 scribae
1123 876 1155 933 et
1179 868 1392 955 interpolant:
1417 865 1487 954 pie·

290 976 383 1061 rique
408 974 438 1043 h.
452 974 472 1041 Ι.
496 974 575 1042 ἔνθεν
596 973 766 1057 αρξήμενος
790 976 955 1050 antinoum
980 977 1012 1040 in
1039 975 1171 1042 Brouuuu
1198 975 1330 1042 Litumo
1354 975 1379 1040 Ι.
1409 977 1487 1040 102.

290 1082 321 1146 in
346 1081 495 1147 omnibus
519 1093 566 1147 est
585 1079 696 1147 ἔνθενῦ
724 1081 917 1165 Ἀνάχαρσις
942 1083 1034 1148 ἐλθὼν
1055 1080 1135 1164 ἔφη,
1163 1081 1215 1146 ubi
1242 1081 1316 1146 ἑλών
1339 1081 1485 1166 reposui.

291 1189 309 1273 S
337 1192 389 1254 35.
414 1192 620 1265 αποσιτήσαι,
646 1198 770 1255 veteres
793 1191 1054 1271 ἀποκαρτερῆσαι.
1082 1190 1099 1272 §
1126 1191 1182 1255 48.
1204 1194 1356 1267 κατηχεῑν
1380 1183 1488 1250 surdi·

288 1291 365 1359 dum
391 1305 423 1359 et
448 1293 607 1382 plebeium
640 1313 697 1381 pro
728 1295 892 1374 διδάσκειν.
942 1303 1102 1375 Κατηχεῖν
1126 1301 1158 1360 et
1183 1294 1361 1373 κατήχησις
1385 1292 1487 1376 primi

289 1398 387 1466 Stoiui
413 1399 576 1466 dixerunt.
625 1399 711 1466 tirou.
736 1401 845 1468 Laena.
874 1401 940 1467 vn.
966 1405 1021 1468 89.
1046 1401 1266 1482 διατρέφεσθαι
1290 1399 1323 1464 δὲ
1343 1399 1377 1464 τὸ
1393 1411 1486 1476 λογι-

288 1506 340 1572 κὸν
365 1504 436 1588 ζῷον
466 1505 580 1595 (iperio
614 1507 640 1572 ui
672 1509 815 1594 Στωικοί)
849 1509 923 1574 ποτὲ
947 1508 1004 1586 μὲν
1034 1509 1086 1574 διὰ
1109 1508 1169 1580 τοὶς
1193 1511 1252 1572 τῶν
1276 1501 1382 1582 ἔξωθεν
1404 1527 1485 1587 προι-

288 1613 421 1692 ρμοὶτυν
454 1612 661 1689 πιθανότητας
674 1617 690 1690 ,’
716 1614 790 1678 ποτὲ
822 1614 853 1680 δὲ
882 1613 933 1678 διδι
956 1615 1011 1690 τήν
1035 1613 1211 1694 κατήχησιν
1233 1617 1293 1678 τῶν
1316 1608 1484 1689 συνόντων,

288 1716 373 1804 quod
398 1717 506 1784 Stoico
529 1717 702 1804 supercilio
726 1716 849 1785 dictum
884 1726 950 1785 est:
977 1719 1051 1805 quin
1075 1739 1180 1784 eorunm
1203 1739 1296 1783 ιιιινοι
1316 1727 1486 1802 personant

285 1823 393 1910 prouir
418 1824 612 1910 opinionibus
645 1845 781 1890 sonorum.
829 1823 949 1891 Eodem
983 1823 1077 1890 modo
1107 1826 1259 1890 Lucmuus
1290 1822 1350 1889 hoo
1384 1821 1483 1888 uerbo

289 1929 395 1994 utitur
414 1934 478 2008 m,
505 1933 559 1999 59.
586 1932 612 1996 oi
636 1927 759 2006 ποιηταὶ
784 1929 905 2013 μέτροις
929 1955 965 1997 τε
989 1930 1158 2016 κατᾴδουσι
1183 1931 1236 1996 καὶ
1258 1929 1363 2009 μύθοις
1386 1953 1485 2006 καπη·

287 2039 408 2117 χοῦσιν.
461 2035 541 2102 iiiuc
575 2038 739 2102 emanavit
772 2038 804 2102 in
842 2036 957 2123 rorigus
981 2035 1114 2103 uerbum
1141 2056 1198 2123 pro
1221 2035 1339 2103 mebris
1362 2056 1483 2101 sermo·

287 2141 379 2206 nibus
401 2140 522 2228 aliquid
554 2141 731 2220 inuuiouru,
758 2140 873 2208 deinde
898 2163 955 2230 pro
985 2143 1055 2208 uiuo
1082 2163 1154 2208 uoce
1188 2142 1314 2219 dooere,
1342 2140 1484 2228 denique

287 2232 441 2328 κατηχεῖν
466 2267 598 2333 prorsus
622 2247 707 2315 idem
732 2256 902 2334 astatque
930 2248 1100 2326 διδήσκειν,
1129 2257 1165 2315 ut
1199 2247 1300 2314 multu
1324 2246 1482 2313 voeabula

287 2351 412 2419 abiecta
444 2360 477 2419 et
507 2352 641 2420 sordida
672 2363 735 2427 τοῖς
769 2354 901 2429 ἰδιώταις
935 2354 1201 2443 praeplaoebant‚
1228 2361 1264 2420 ut
1288 2363 1398 2421 λαλεῖν
1424 2373 1481 2441 pro

287 2460 401 2540 λέγειν.
449 2457 501 2525 sic
533 2459 645 2542 ἐρεύνα
675 2460 831 2550 (eructare
861 2461 951 2552 oiim)
982 2462 1190 2547 pronunciare
1220 2459 1304 2548 apud
1331 2461 1409 2526 istos
1437 2461 1481 2526 si·

286 2565 435 2653 gnificat,
459 2563 543 2652 quod
574 2586 648 2632 eum
682 2566 830 2654 pluribus
852 2568 925 2634 aiiis
950 2567 1077 2635 Louuun.
1102 2566 1141 2634 ad
1167 2567 1281 2633 Punm.
1308 2587 1338 2652 p.
1365 2569 1408 2633 65
1436 2574 1481 2632 at·

288 2673 372 2741 tulit.
404 2675 464 2749 44,
496 2677 526 2739 3.
553 2673 603 2739 ἐπὶ
637 2671 725 2756 ξυροῦ
749 2671 873 2751 ἕτηκεν,
897 2681 1022 2740 veteres
1046 2675 1096 2740 ἐπὶ
1121 2672 1208 2757 ξυροῦ
1232 2675 1347 2752 circuio.
1387 2677 1480 2758 §td

284 2783 324 2854 ὡς
356 2777 553 2858 ξυνήσουσιν,
587 2789 712 2846 veteres
750 2779 853 2846 sotum
890 2778 972 2853 inor
1000 2801 1074 2846 eum
1112 2778 1222 2846 tuturo
1257 2779 1478 2867 coniungunt,

285 2887 435 2953 Ludimus
459 2904 553 2972 saepe
576 2887 627 2958 ὡς.
655 2888 746 2970 549.
772 2885 890 2970 πρῴρας
915 2888 1125 2965 ἐπιμελητής,
1152 2895 1276 2953 ueteres
1298 2905 1362 2952 uuo
1382 2885 1479 2952 verbo

286 2992 428 3074 πρῳρεύς.
456 2996 513 3068 45,
538 2995 578 3057 10
603 2991 636 3057 οὐ
660 3002 937 3070 προσεποιεῖτο
962 2992 1124 3068 οὶκηκοέναι
1149 2999 1272 3058 ναίοιτε
1296 2993 1349 3058 οὐκ
1373 2991 1477 3058 ἐδόκει.

285 3098 434 3165 Graviter
458 3096 590 3182 impegit
615 3097 649 3164 iu
672 3098 690 3180 §
711 3100 750 3162 te
775 3098 808 3162 iu
832 3099 949 3164 nerins:
973 3099 1131 3166 irrisoriis
1154 3098 1342 3181 ἄποσκῶψης
1361 3099 1405 3171 εἷς
1422 3099 1476 3180 ἐμὲ

285 3203 336 3270 καὶ
358 3197 401 3277 εἷς
425 3203 552 3276 ἐκείνους
576 3201 770 3286 ἀποσκώψας
794 3203 859 3287 ἔτη.
886 3214 922 3270 ιιι
946 3206 1063 3272 uitaret
1086 3205 1284 3288 κακοφανήαν
1310 3202 1424 3269 incidit
1443 3205 1475 3268 in

285 3308 522 3377 soloecismum.
559 3306 703 3396 Namque
726 3310 839 3374 aurisii
863 3329 900 3376 ea
926 3320 1041 3377 natura
1063 3320 1166 3377 estut
1186 3329 1260 3376 uum
1285 3307 1394 3376 tuturo
1414 3309 1475 3375 ἔσο-

284 3439 344 3496 μαι
369 3435 471 3502 neque
495 3417 691 3501 cogitatione
712 3435 814 3502 neque
839 3416 945 3483 uerbis
959 3417 1112 3502 coniungi
1133 3418 1246 3505 possit:
1276 3414 1359 3502 quod
1385 3414 1475 3503 plane

286 3523 453 3607 praeteriit
484 3531 516 3588 et
541 3521 611 3587 siue
643 3522 779 3607 vestigio
809 3542 845 3587 ex
873 3543 982 3589 rerum
1008 3533 1125 3590 natura
1150 3521 1313 3589 sublatum
1338 3529 1388 3587 est
1414 3540 1474 3587 uon

284 3636 406 3716 potest,
430 3627 541 3704 credo,
565 3625 629 3693 diei
651 3626 690 3692 ad
710 3625 814 3694 futuri
834 3630 988 3716 temporis
1006 3649 1099 3697 usum
1121 3627 1371 3715 perduraturum
1392 3647 1472 3694 esse.

284 3732 420 3801 Perfecti
445 3732 593 3800 futurum
618 3743 681 3812 est,
707 3735 782 3820 quia
804 3733 984 3802 absoiutam
1010 3756 1078 3802 rom
1100 3734 1277 3823 perdurare
1297 3743 1329 3800 et
1349 3743 1474 3801 exstare

284 3839 464 3927 signifieat,
488 3839 601 3905 aoristi
627 3859 688 3905 nou
715 3850 775 3905 est.
824 3839 864 3906 m
888 3861 927 3907 ex
952 3841 1030 3928 ipsis
1060 3841 1190 3928 quidem
1218 3839 1368 3927 perfectis
1392 3839 1474 3907 tutu·
1561 3845 1562 3854 ’

284 3963 394 4010 rorum
420 3942 541 4011 formae
574 3943 813 4031 producuntur,
843 3958 878 4012 ut
901 3949 1057 4027 κτήσομαι
1082 3967 1121 4015 ex
1149 3953 1271 4026 ιἰτῶμαι
1297 3947 1343 4012 siu
1368 3946 1473 4022 κεκτή·

284 4075 377 4130 σομαι
413 4049 602 4136 producitur
632 4041 671 4118 en
704 4053 875 4132 κέκτημαι,
910 4063 942 4120 et
971 4056 1192 4134 μεμνήσομαι,
1218 4055 1393 4136 εἰρήσομαι,
1418 4053 1473 4132 βε·
1560 4127 1561 4130 ¹

282 4159 461 4238 βλήσομαι,
480 4160 697 4239 τετμήσομαι,
722 4163 934 4239 κεκλήσομαι,
957 4160 1019 4226 alia
1040 4169 1189 4228 sexcenta
1206 4170 1389 4247 sequuntur
1401 4177 1472 4226 ana·
1560 4139 1561 4155 ἵ

284 4263 400 4348 tugiam
438 4263 547 4350 pueris
584 4274 703 4331 notam.
752 4265 820 4333 Cur
854 4267 955 4353 igitur
992 4279 1056 4333 tam
1094 4267 1232 4355 protrita
1267 4277 1296 4333 et
1340 4264 1473 4352 pueritia
1559 4313 1560 4328 .

283 4368 438 4453 attingis?
465 4369 600 4453 inquies.
640 4371 784 4438 Primum
810 4379 845 4438 ut
870 4373 1046 4440 couveiiam
1071 4393 1128 4459 pru
1153 4372 1236 4438 virili
1264 4380 1353 4458 parte
1380 4388 1469 4438 usum

283 4471 414 4542 absurdi
437 4473 594 4553 nominis,
618 4475 704 4562 quud
729 4477 899 4563 magistelii
919 4479 1033 4546 insulsi
1057 4479 1099 4545 iis
1118 4476 1232 4546 formis
1250 4479 1472 4565 imposuerunt
1558 4473 1559 4488 ²
