<?xml version="1.0" encoding="UTF-8"?>
<!DOCTYPE html PUBLIC "-//W3C//DTD XHTML 1.0 Transitional//EN"
    "http://www.w3.org/TR/xhtml1/DTD/xhtml1-transitional.dtd">
<html xmlns="http://www.w3.org/1999/xhtml" xml:lang="en" lang="en">
 <head>
  <title>
</title>
<meta http-equiv="Content-Type" content="text/html;charset=utf-8" />
  <meta name='ocr-system' content='tesseract 3.04.00' />
  <meta name='ocr-capabilities' content='ocr_page ocr_carea ocr_par ocr_line ocrx_word'/>
</head>
<body>
  <div class='ocr_page' id='page_1' title='image "./variaelectiones04cobegoog_0309.png"; bbox 0 0 3208 4972; ppageno 0'>
   <div class='ocr_carea' id='block_1_1' title="bbox 805 360 880 434">
    <p class='ocr_par' dir='ltr' id='par_1_1' title="bbox 805 360 880 434">
     <span class='ocr_line' id='line_1_1' title="bbox 805 360 880 434; baseline -0.013 0"><span class='ocrx_word' id='word_1_1' title='bbox 805 360 880 434; x_wconf 77' lang='lat' dir='ltr'><strong>utu</strong></span> 
     </span>
    </p>
   </div>
   <div class='ocr_carea' id='block_1_2' title="bbox 259 553 1458 4148">
    <p class='ocr_par' dir='ltr' id='par_1_2' title="bbox 259 553 1458 4148">
     <span class='ocr_line' id='line_1_2' title="bbox 306 553 1451 638; baseline -0.006 -9"><span class='ocrx_word' id='word_1_2' title='bbox 306 561 340 628; x_wconf 93' lang='lat' dir='ltr'><strong>ln</strong></span> <span class='ocrx_word' id='word_1_3' title='bbox 374 557 500 628; x_wconf 78' lang='lat' dir='ltr'><strong>Meteone</strong></span> <span class='ocrx_word' id='word_1_4' title='bbox 532 555 685 624; x_wconf 78' lang='lat' dir='ltr'><strong>Encomio</strong></span> <span class='ocrx_word' id='word_1_5' title='bbox 716 561 779 635; x_wconf 81' lang='lat' dir='ltr'><strong>ur,</strong></span> <span class='ocrx_word' id='word_1_6' title='bbox 811 559 842 622; x_wconf 85' lang='grc'><strong>3.</strong></span> <span class='ocrx_word' id='word_1_7' title='bbox 867 555 886 630; x_wconf 76' lang='grc' dir='ltr'><em>ἦ</em></span> <span class='ocrx_word' id='word_1_8' title='bbox 913 556 1042 638; x_wconf 67' lang='grc' dir='ltr'><em>κεφαλὴ</em></span> <span class='ocrx_word' id='word_1_9' title='bbox 1062 553 1251 624; x_wconf 65' lang='grc' dir='ltr'><em>λεπτότατα</em></span> <span class='ocrx_word' id='word_1_10' title='bbox 1274 555 1317 638; x_wconf 78' lang='grc' dir='ltr'><strong>τῷ</strong></span> <span class='ocrx_word' id='word_1_11' title='bbox 1339 553 1451 638; x_wconf 71' lang='grc' dir='ltr'><em>αὐχένι</em></span> 
     </span>
     <span class='ocr_line' id='line_1_3' title="bbox 259 659 1452 750; baseline -0.003 -16"><span class='ocrx_word' id='word_1_12' title='bbox 259 667 445 750; x_wconf 73' lang='grc' dir='ltr'><strong><em>συνέχεται,</em></strong></span> <span class='ocrx_word' id='word_1_13' title='bbox 474 662 703 749; x_wconf 84' lang='lat' dir='ltr'><strong>corrigendum</strong></span> <span class='ocrx_word' id='word_1_14' title='bbox 737 670 784 730; x_wconf 85' lang='lat' dir='ltr'><strong>est</strong></span> <span class='ocrx_word' id='word_1_15' title='bbox 815 660 1010 742; x_wconf 70' lang='grc' dir='ltr'><em>λεπτοτάτη.</em></span> <span class='ocrx_word' id='word_1_16' title='bbox 1060 659 1162 746; x_wconf 79' lang='lat' dir='ltr'><strong>Quutu</strong></span> <span class='ocrx_word' id='word_1_17' title='bbox 1188 681 1282 749; x_wconf 82' lang='lat' dir='ltr'><strong>saepe</strong></span> <span class='ocrx_word' id='word_1_18' title='bbox 1306 663 1338 730; x_wconf 88' lang='lat' dir='ltr'><strong>lu</strong></span> <span class='ocrx_word' id='word_1_19' title='bbox 1365 679 1452 730; x_wconf 86' lang='lat' dir='ltr'><strong>uotu-</strong></span> 
     </span>
     <span class='ocr_line' id='line_1_4' title="bbox 261 765 1452 865; baseline -0.005 -24"><span class='ocrx_word' id='word_1_20' title='bbox 261 773 416 861; x_wconf 87' lang='lat' dir='ltr'><strong>paratiris</strong></span> <span class='ocrx_word' id='word_1_21' title='bbox 435 780 467 838; x_wconf 92' lang='lat' dir='ltr'><strong>et</strong></span> <span class='ocrx_word' id='word_1_22' title='bbox 488 769 695 865; x_wconf 72' lang='lat' dir='ltr'><strong>superlativis</strong></span> <span class='ocrx_word' id='word_1_23' title='bbox 715 768 864 836; x_wconf 87' lang='lat' dir='ltr'><strong>adverbia</strong></span> <span class='ocrx_word' id='word_1_24' title='bbox 885 778 917 834; x_wconf 92' lang='lat' dir='ltr'><strong>et</strong></span> <span class='ocrx_word' id='word_1_25' title='bbox 938 765 1093 834; x_wconf 86' lang='lat' dir='ltr'><strong>adiectira</strong></span> <span class='ocrx_word' id='word_1_26' title='bbox 1115 767 1197 834; x_wconf 88' lang='lat' dir='ltr'><strong>male</strong></span> <span class='ocrx_word' id='word_1_27' title='bbox 1210 767 1452 839; x_wconf 85' lang='lat' dir='ltr'><strong>contundantur</strong></span> 
     </span>
     <span class='ocr_line' id='line_1_5' title="bbox 260 874 1450 966; baseline -0.004 -21"><span class='ocrx_word' id='word_1_28' title='bbox 260 901 358 966; x_wconf 89' lang='lat' dir='ltr'><strong>supra</strong></span> <span class='ocrx_word' id='word_1_29' title='bbox 391 876 610 954; x_wconf 69' lang='lat' dir='ltr'><strong>ostendimus,</strong></span> <span class='ocrx_word' id='word_1_30' title='bbox 642 875 761 963; x_wconf 85' lang='lat' dir='ltr'><strong>quibus</strong></span> <span class='ocrx_word' id='word_1_31' title='bbox 795 874 859 940; x_wconf 90' lang='lat' dir='ltr'><strong>duo</strong></span> <span class='ocrx_word' id='word_1_32' title='bbox 882 874 944 940; x_wconf 87' lang='lat' dir='ltr'><strong>alia</strong></span> <span class='ocrx_word' id='word_1_33' title='bbox 968 875 1112 961; x_wconf 86' lang='lat' dir='ltr'><strong>exempta</strong></span> <span class='ocrx_word' id='word_1_34' title='bbox 1137 894 1176 940; x_wconf 85' lang='lat' dir='ltr'><strong>ex</strong></span> <span class='ocrx_word' id='word_1_35' title='bbox 1204 875 1358 942; x_wconf 81' lang='lat' dir='ltr'><strong>lnuncrcrn</strong></span> <span class='ocrx_word' id='word_1_36' title='bbox 1384 875 1450 940; x_wconf 83' lang='lat' dir='ltr'><strong>uita</strong></span> 
     </span>
     <span class='ocr_line' id='line_1_6' title="bbox 261 979 1451 1074; baseline -0.005 -22"><span class='ocrx_word' id='word_1_37' title='bbox 261 985 462 1074; x_wconf 80' lang='lat' dir='ltr'><strong>Pptltoptrrue</strong></span> <span class='ocrx_word' id='word_1_38' title='bbox 492 983 642 1050; x_wconf 85' lang='lat' dir='ltr'><strong>adiiciam</strong></span> <span class='ocrx_word' id='word_1_39' title='bbox 676 983 707 1050; x_wconf 88' lang='lat' dir='ltr'><strong>iu</strong></span> <span class='ocrx_word' id='word_1_40' title='bbox 741 986 759 1067; x_wconf 84' lang='lat'>§</span> <span class='ocrx_word' id='word_1_41' title='bbox 796 985 846 1047; x_wconf 90' lang='grc'><strong>16.</strong></span> <span class='ocrx_word' id='word_1_42' title='bbox 876 979 928 1046; x_wconf 77' lang='grc' dir='ltr'><strong>τόν</strong></span> <span class='ocrx_word' id='word_1_43' title='bbox 956 1005 992 1046; x_wconf 80' lang='grc' dir='ltr'><strong>τε</strong></span> <span class='ocrx_word' id='word_1_44' title='bbox 1023 980 1205 1062; x_wconf 76' lang='lat' dir='ltr'><strong>npdrnorrror</strong></span> <span class='ocrx_word' id='word_1_45' title='bbox 1229 981 1451 1062; x_wconf 74' lang='grc' dir='ltr'><strong>εὐφημότατον</strong></span> 
     </span>
     <span class='ocr_line' id='line_1_7' title="bbox 260 1087 1451 1172; baseline -0.003 -12"><span class='ocrx_word' id='word_1_46' title='bbox 260 1097 358 1160; x_wconf 77' lang='grc' dir='ltr'><em>πλοῦν</em></span> <span class='ocrx_word' id='word_1_47' title='bbox 382 1089 580 1168; x_wconf 72' lang='grc' dir='ltr'><em>διεξήνυταν,</em></span> <span class='ocrx_word' id='word_1_48' title='bbox 608 1090 671 1154; x_wconf 84' lang='lat' dir='ltr'><strong>imo</strong></span> <span class='ocrx_word' id='word_1_49' title='bbox 696 1107 771 1155; x_wconf 86' lang='lat' dir='ltr'><strong>vero</strong></span> <span class='ocrx_word' id='word_1_50' title='bbox 795 1087 1005 1170; x_wconf 69' lang='grc' dir='ltr'><strong>εὐφημότατα</strong></span> <span class='ocrx_word' id='word_1_51' title='bbox 1029 1095 1061 1154; x_wconf 86' lang='lat' dir='ltr'><strong>et</strong></span> <span class='ocrx_word' id='word_1_52' title='bbox 1087 1090 1105 1172; x_wconf 83' lang='lat'><em>§</em></span> <span class='ocrx_word' id='word_1_53' title='bbox 1129 1091 1179 1152; x_wconf 85' lang='lat'><strong>19.</strong></span> <span class='ocrx_word' id='word_1_54' title='bbox 1204 1087 1273 1158; x_wconf 77' lang='grc' dir='ltr'><em>θεῶν</em></span> <span class='ocrx_word' id='word_1_55' title='bbox 1293 1088 1451 1170; x_wconf 73' lang='grc' dir='ltr'><em>θρησκείαν</em></span> 
     </span>
     <span class='ocr_line' id='line_1_8' title="bbox 262 1192 1450 1280; baseline -0.003 -14"><span class='ocrx_word' id='word_1_56' title='bbox 262 1197 466 1275; x_wconf 73' lang='grc' dir='ltr'><em>ἑντελεςατην</em></span> <span class='ocrx_word' id='word_1_57' title='bbox 499 1195 659 1274; x_wconf 72' lang='grc' dir='ltr'><em>ἐκμαθών,</em></span> <span class='ocrx_word' id='word_1_58' title='bbox 693 1194 819 1279; x_wconf 80' lang='lat' dir='ltr'><strong>corrige</strong></span> <span class='ocrx_word' id='word_1_59' title='bbox 851 1192 1052 1263; x_wconf 76' lang='grc' dir='ltr'><em>ὲντελέςατα.</em></span> <span class='ocrx_word' id='word_1_60' title='bbox 1103 1193 1200 1260; x_wconf 78' lang='lat' dir='ltr'><strong>l‘aulu</strong></span> <span class='ocrx_word' id='word_1_61' title='bbox 1223 1207 1290 1280; x_wconf 91' lang='lat' dir='ltr'><strong>post</strong></span> <span class='ocrx_word' id='word_1_62' title='bbox 1314 1196 1350 1264; x_wconf 79' lang='grc' dir='ltr'><strong>τὸ</strong></span> <span class='ocrx_word' id='word_1_63' title='bbox 1371 1196 1450 1276; x_wconf 65' lang='lat' dir='ltr'><strong>abac</strong></span> 
     </span>
     <span class='ocr_line' id='line_1_9' title="bbox 261 1298 1453 1385; baseline -0.005 -13"><span class='ocrx_word' id='word_1_64' title='bbox 261 1307 373 1385; x_wconf 78' lang='grc' dir='ltr'><em>τύγιον</em></span> <span class='ocrx_word' id='word_1_65' title='bbox 412 1303 588 1370; x_wconf 76' lang='lat' dir='ltr'><strong>oscitanter</strong></span> <span class='ocrx_word' id='word_1_66' title='bbox 631 1319 649 1366; x_wconf 89' lang='lat' dir='ltr'><strong>a</strong></span> <span class='ocrx_word' id='word_1_67' title='bbox 691 1301 859 1368; x_wconf 74' lang='lat' dir='ltr'><strong>lucennaco</strong></span> <span class='ocrx_word' id='word_1_68' title='bbox 901 1302 1065 1368; x_wconf 89' lang='lat' dir='ltr'><strong>invectum</strong></span> <span class='ocrx_word' id='word_1_69' title='bbox 1102 1299 1261 1368; x_wconf 81' lang='lat' dir='ltr'><strong>Berncnus</strong></span> <span class='ocrx_word' id='word_1_70' title='bbox 1296 1298 1453 1368; x_wconf 78' lang='lat' dir='ltr'><strong>festinans</strong></span> 
     </span>
     <span class='ocr_line' id='line_1_10' title="bbox 261 1405 1452 1497; baseline -0.004 -19"><span class='ocrx_word' id='word_1_71' title='bbox 261 1412 396 1480; x_wconf 74' lang='lat' dir='ltr'><strong>retinuit</strong></span> <span class='ocrx_word' id='word_1_72' title='bbox 430 1429 488 1497; x_wconf 90' lang='lat' dir='ltr'><strong>pro</strong></span> <span class='ocrx_word' id='word_1_73' title='bbox 517 1407 742 1490; x_wconf 70' lang='grc' dir='ltr'><em>τούρροπύγιον.</em></span> <span class='ocrx_word' id='word_1_74' title='bbox 790 1408 923 1474; x_wconf 79' lang='lat' dir='ltr'><strong>Caetera</strong></span> <span class='ocrx_word' id='word_1_75' title='bbox 953 1405 1075 1474; x_wconf 84' lang='lat' dir='ltr'><strong>bocum</strong></span> <span class='ocrx_word' id='word_1_76' title='bbox 1100 1407 1222 1492; x_wconf 84' lang='lat' dir='ltr'><strong>scripta</strong></span> <span class='ocrx_word' id='word_1_77' title='bbox 1245 1425 1347 1493; x_wconf 86' lang='lat' dir='ltr'><strong>quum</strong></span> <span class='ocrx_word' id='word_1_78' title='bbox 1371 1409 1452 1474; x_wconf 88' lang='lat' dir='ltr'><strong>satis</strong></span> 
     </span>
     <span class='ocr_line' id='line_1_11' title="bbox 262 1510 1452 1604; baseline -0.003 -20"><span class='ocrx_word' id='word_1_79' title='bbox 262 1518 434 1604; x_wconf 81' lang='lat' dir='ltr'><strong>diligenter</strong></span> <span class='ocrx_word' id='word_1_80' title='bbox 465 1516 498 1580; x_wconf 93' lang='lat' dir='ltr'><strong>in</strong></span> <span class='ocrx_word' id='word_1_81' title='bbox 531 1513 752 1600; x_wconf 86' lang='lat' dir='ltr'><strong>superioribus</strong></span> <span class='ocrx_word' id='word_1_82' title='bbox 784 1513 1001 1590; x_wconf 78' lang='lat' dir='ltr'><strong>excesserim,</strong></span> <span class='ocrx_word' id='word_1_83' title='bbox 1039 1532 1125 1580; x_wconf 91' lang='lat' dir='ltr'><strong>nunc</strong></span> <span class='ocrx_word' id='word_1_84' title='bbox 1157 1511 1197 1578; x_wconf 87' lang='lat' dir='ltr'><strong>ad</strong></span> <span class='ocrx_word' id='word_1_85' title='bbox 1229 1510 1315 1580; x_wconf 87' lang='lat' dir='ltr'><strong>aliud</strong></span> <span class='ocrx_word' id='word_1_86' title='bbox 1348 1512 1452 1601; x_wconf 88' lang='lat' dir='ltr'><strong>quod·</strong></span> 
     </span>
     <span class='ocr_line' id='line_1_12' title="bbox 261 1617 1452 1710; baseline -0.007 -18"><span class='ocrx_word' id='word_1_87' title='bbox 261 1624 336 1692; x_wconf 92' lang='lat' dir='ltr'><strong>darn</strong></span> <span class='ocrx_word' id='word_1_88' title='bbox 370 1641 473 1710; x_wconf 80' lang='lat' dir='ltr'><strong>gentis</strong></span> <span class='ocrx_word' id='word_1_89' title='bbox 505 1619 764 1686; x_wconf 84' lang='lat' dir='ltr'><strong>observationum</strong></span> <span class='ocrx_word' id='word_1_90' title='bbox 798 1617 1137 1705; x_wconf 80' lang='lat' dir='ltr'><strong>palaeographicarunr</strong></span> <span class='ocrx_word' id='word_1_91' title='bbox 1165 1618 1309 1686; x_wconf 80' lang='lat' dir='ltr'><strong>transibo</strong></span> <span class='ocrx_word' id='word_1_92' title='bbox 1329 1627 1362 1690; x_wconf 87' lang='lat' dir='ltr'><strong>et</strong></span> <span class='ocrx_word' id='word_1_93' title='bbox 1386 1620 1452 1706; x_wconf 88' lang='lat' dir='ltr'><strong>pri-</strong></span> 
     </span>
     <span class='ocr_line' id='line_1_13' title="bbox 262 1722 1452 1814; baseline -0.003 -16"><span class='ocrx_word' id='word_1_94' title='bbox 262 1750 352 1798; x_wconf 85' lang='lat' dir='ltr'><strong>murn</strong></span> <span class='ocrx_word' id='word_1_95' title='bbox 377 1727 416 1794; x_wconf 93' lang='lat' dir='ltr'><strong>de</strong></span> <span class='ocrx_word' id='word_1_96' title='bbox 442 1725 713 1813; x_wconf 78' lang='lat' dir='ltr'><strong>praepositionum</strong></span> <span class='ocrx_word' id='word_1_97' title='bbox 739 1724 954 1814; x_wconf 89' lang='lat' dir='ltr'><strong>quarumdam</strong></span> <span class='ocrx_word' id='word_1_98' title='bbox 975 1722 1066 1810; x_wconf 81' lang='lat' dir='ltr'><strong>siglis</strong></span> <span class='ocrx_word' id='word_1_99' title='bbox 1083 1729 1116 1790; x_wconf 87' lang='lat' dir='ltr'><strong>et</strong></span> <span class='ocrx_word' id='word_1_100' title='bbox 1134 1724 1333 1812; x_wconf 88' lang='lat' dir='ltr'><strong>compendiis</strong></span> <span class='ocrx_word' id='word_1_101' title='bbox 1352 1723 1452 1798; x_wconf 86' lang='lat' dir='ltr'><strong>disse·</strong></span> 
     </span>
     <span class='ocr_line' id='line_1_14' title="bbox 264 1819 1451 1921; baseline -0.002 -19"><span class='ocrx_word' id='word_1_102' title='bbox 264 1855 352 1913; x_wconf 83' lang='lat' dir='ltr'><strong>rann,</strong></span> <span class='ocrx_word' id='word_1_103' title='bbox 373 1834 490 1921; x_wconf 89' lang='lat' dir='ltr'><strong>quibus</strong></span> <span class='ocrx_word' id='word_1_104' title='bbox 505 1834 589 1899; x_wconf 88' lang='lat' dir='ltr'><strong>inter</strong></span> <span class='ocrx_word' id='word_1_105' title='bbox 601 1851 635 1898; x_wconf 91' lang='lat' dir='ltr'><strong>se</strong></span> <span class='ocrx_word' id='word_1_106' title='bbox 650 1841 770 1900; x_wconf 86' lang='lat' dir='ltr'><strong>temere</strong></span> <span class='ocrx_word' id='word_1_107' title='bbox 783 1830 926 1898; x_wconf 82' lang='lat' dir='ltr'><strong>contusis</strong></span> <span class='ocrx_word' id='word_1_108' title='bbox 939 1839 972 1898; x_wconf 92' lang='lat' dir='ltr'><strong>et</strong></span> <span class='ocrx_word' id='word_1_109' title='bbox 986 1831 1153 1917; x_wconf 85' lang='lat' dir='ltr'><strong>permixtis</strong></span> <span class='ocrx_word' id='word_1_110' title='bbox 1168 1851 1283 1918; x_wconf 80' lang='lat' dir='ltr'><strong>magna</strong></span> <span class='ocrx_word' id='word_1_111' title='bbox 1298 1819 1451 1900; x_wconf 84' lang='lat' dir='ltr'><strong>uitiorum</strong></span> 
     </span>
     <span class='ocr_line' id='line_1_15' title="bbox 263 1937 1453 2027; baseline -0.006 -16"><span class='ocrx_word' id='word_1_112' title='bbox 263 1951 295 2012; x_wconf 91' lang='lat' dir='ltr'><strong>et</strong></span> <span class='ocrx_word' id='word_1_113' title='bbox 325 1939 515 2008; x_wconf 89' lang='lat' dir='ltr'><strong>mendorum</strong></span> <span class='ocrx_word' id='word_1_114' title='bbox 548 1947 676 2004; x_wconf 85' lang='lat' dir='ltr'><strong>caterva</strong></span> <span class='ocrx_word' id='word_1_115' title='bbox 708 1940 883 2027; x_wconf 87' lang='lat' dir='ltr'><strong>scriptores</strong></span> <span class='ocrx_word' id='word_1_116' title='bbox 914 1945 1040 2004; x_wconf 84' lang='lat' dir='ltr'><strong>veteres</strong></span> <span class='ocrx_word' id='word_1_117' title='bbox 1070 1937 1189 2004; x_wconf 88' lang='lat' dir='ltr'><strong>invasit</strong></span> <span class='ocrx_word' id='word_1_118' title='bbox 1209 1949 1239 2004; x_wconf 93' lang='lat' dir='ltr'><strong>et</strong></span> <span class='ocrx_word' id='word_1_119' title='bbox 1265 1939 1453 2006; x_wconf 84' lang='lat' dir='ltr'><strong>etiamnunc</strong></span> 
     </span>
     <span class='ocr_line' id='line_1_16' title="bbox 264 2037 1454 2132; baseline -0.001 -18"><span class='ocrx_word' id='word_1_120' title='bbox 264 2037 408 2126; x_wconf 84' lang='lat' dir='ltr'><strong>obsidet,</strong></span> <span class='ocrx_word' id='word_1_121' title='bbox 441 2065 523 2132; x_wconf 86' lang='lat' dir='ltr'><strong>quae</strong></span> <span class='ocrx_word' id='word_1_122' title='bbox 555 2044 662 2109; x_wconf 89' lang='lat' dir='ltr'><strong>omnia</strong></span> <span class='ocrx_word' id='word_1_123' title='bbox 693 2065 754 2110; x_wconf 89' lang='lat' dir='ltr'><strong>uon</strong></span> <span class='ocrx_word' id='word_1_124' title='bbox 789 2064 905 2130; x_wconf 80' lang='lat' dir='ltr'><strong>magno</strong></span> <span class='ocrx_word' id='word_1_125' title='bbox 929 2042 1035 2112; x_wconf 88' lang='lat' dir='ltr'><strong>labore</strong></span> <span class='ocrx_word' id='word_1_126' title='bbox 1061 2045 1284 2131; x_wconf 88' lang='lat' dir='ltr'><strong>uuusquisque</strong></span> <span class='ocrx_word' id='word_1_127' title='bbox 1308 2043 1396 2116; x_wconf 86' lang='lat' dir='ltr'><strong>tollet</strong></span> <span class='ocrx_word' id='word_1_128' title='bbox 1420 2053 1454 2114; x_wconf 84' lang='lat' dir='ltr'><strong>et</strong></span> 
     </span>
     <span class='ocr_line' id='line_1_17' title="bbox 265 2147 1456 2238; baseline -0.003 -17"><span class='ocrx_word' id='word_1_129' title='bbox 265 2153 410 2230; x_wconf 89' lang='lat' dir='ltr'><strong>sanabit,</strong></span> <span class='ocrx_word' id='word_1_130' title='bbox 445 2151 501 2238; x_wconf 90' lang='lat' dir='ltr'><strong>qni</strong></span> <span class='ocrx_word' id='word_1_131' title='bbox 540 2151 634 2215; x_wconf 85' lang='lat' dir='ltr'><strong>nixus</strong></span> <span class='ocrx_word' id='word_1_132' title='bbox 670 2147 946 2215; x_wconf 85' lang='lat' dir='ltr'><strong>observationibus</strong></span> <span class='ocrx_word' id='word_1_133' title='bbox 981 2148 1254 2237; x_wconf 82' lang='lat' dir='ltr'><strong>palaeograpbiuls</strong></span> <span class='ocrx_word' id='word_1_134' title='bbox 1287 2153 1387 2220; x_wconf 84' lang='lat' dir='ltr'><strong>certis</strong></span> <span class='ocrx_word' id='word_1_135' title='bbox 1421 2158 1456 2220; x_wconf 88' lang='lat' dir='ltr'><strong>et</strong></span> 
     </span>
     <span class='ocr_line' id='line_1_18' title="bbox 265 2255 1454 2342; baseline -0.002 -16"><span class='ocrx_word' id='word_1_136' title='bbox 265 2257 464 2336; x_wconf 77' lang='lat' dir='ltr'><strong>manifestis,</strong></span> <span class='ocrx_word' id='word_1_137' title='bbox 496 2256 636 2323; x_wconf 82' lang='lat' dir='ltr'><strong>Graecae</strong></span> <span class='ocrx_word' id='word_1_138' title='bbox 668 2255 798 2341; x_wconf 80' lang='lat' dir='ltr'><strong>linguae</strong></span> <span class='ocrx_word' id='word_1_139' title='bbox 830 2256 994 2342; x_wconf 83' lang='lat' dir='ltr'><strong>ingenium</strong></span> <span class='ocrx_word' id='word_1_140' title='bbox 1026 2264 1056 2322; x_wconf 92' lang='lat' dir='ltr'><strong>et</strong></span> <span class='ocrx_word' id='word_1_141' title='bbox 1091 2265 1241 2338; x_wconf 85' lang='lat' dir='ltr'><strong>naturam</strong></span> <span class='ocrx_word' id='word_1_142' title='bbox 1268 2266 1300 2325; x_wconf 92' lang='lat' dir='ltr'><strong>et</strong></span> <span class='ocrx_word' id='word_1_143' title='bbox 1323 2256 1454 2326; x_wconf 89' lang='lat' dir='ltr'><strong>dicendi</strong></span> 
     </span>
     <span class='ocr_line' id='line_1_19' title="bbox 266 2355 1455 2451; baseline -0.001 -21"><span class='ocrx_word' id='word_1_144' title='bbox 266 2385 361 2434; x_wconf 87' lang='lat' dir='ltr'><strong>usum</strong></span> <span class='ocrx_word' id='word_1_145' title='bbox 394 2384 432 2430; x_wconf 88' lang='lat' dir='ltr'><strong>ae</strong></span> <span class='ocrx_word' id='word_1_146' title='bbox 464 2363 694 2451; x_wconf 87' lang='lat' dir='ltr'><strong>proprietatem</strong></span> <span class='ocrx_word' id='word_1_147' title='bbox 728 2381 805 2426; x_wconf 89' lang='lat' dir='ltr'><strong>sana</strong></span> <span class='ocrx_word' id='word_1_148' title='bbox 837 2363 962 2428; x_wconf 88' lang='lat' dir='ltr'><strong>ratione</strong></span> <span class='ocrx_word' id='word_1_149' title='bbox 992 2371 1025 2428; x_wconf 88' lang='lat' dir='ltr'><strong>et</strong></span> <span class='ocrx_word' id='word_1_150' title='bbox 1046 2355 1148 2428; x_wconf 86' lang='lat' dir='ltr'><strong>¹acuto</strong></span> <span class='ocrx_word' id='word_1_151' title='bbox 1174 2363 1292 2433; x_wconf 89' lang='lat' dir='ltr'><strong>iudicio</strong></span> <span class='ocrx_word' id='word_1_152' title='bbox 1315 2384 1354 2438; x_wconf 79' lang='lat' dir='ltr'><strong>en</strong></span> <span class='ocrx_word' id='word_1_153' title='bbox 1376 2364 1455 2433; x_wconf 87' lang='lat' dir='ltr'><strong>locis</strong></span> 
     </span>
     <span class='ocr_line' id='line_1_20' title="bbox 268 2467 1454 2558; baseline -0.001 -21"><span class='ocrx_word' id='word_1_154' title='bbox 268 2471 463 2558; x_wconf 85' lang='lat' dir='ltr'><strong>incorruptis</strong></span> <span class='ocrx_word' id='word_1_155' title='bbox 494 2467 660 2536; x_wconf 88' lang='lat' dir='ltr'><strong>collectam</strong></span> <span class='ocrx_word' id='word_1_156' title='bbox 686 2477 717 2536; x_wconf 93' lang='lat' dir='ltr'><strong>et</strong></span> <span class='ocrx_word' id='word_1_157' title='bbox 742 2477 942 2555; x_wconf 86' lang='lat' dir='ltr'><strong>perspectam</strong></span> <span class='ocrx_word' id='word_1_158' title='bbox 967 2467 1099 2534; x_wconf 85' lang='lat' dir='ltr'><strong>audebit</strong></span> <span class='ocrx_word' id='word_1_159' title='bbox 1123 2467 1287 2537; x_wconf 85' lang='lat' dir='ltr'><strong>vindicare</strong></span> <span class='ocrx_word' id='word_1_160' title='bbox 1311 2478 1343 2536; x_wconf 93' lang='lat' dir='ltr'><strong>et</strong></span> <span class='ocrx_word' id='word_1_161' title='bbox 1369 2471 1454 2538; x_wconf 90' lang='lat' dir='ltr'><strong>tueri</strong></span> 
     </span>
     <span class='ocr_line' id='line_1_21' title="bbox 266 2574 1455 2661; baseline -0.002 -15"><span class='ocrx_word' id='word_1_162' title='bbox 266 2575 421 2646; x_wconf 78' lang='lat' dir='ltr'><strong>adversus</strong></span> <span class='ocrx_word' id='word_1_163' title='bbox 447 2577 582 2642; x_wconf 87' lang='lat' dir='ltr'><strong>istorum</strong></span> <span class='ocrx_word' id='word_1_164' title='bbox 606 2575 750 2640; x_wconf 90' lang='lat' dir='ltr'><strong>omnium</strong></span> <span class='ocrx_word' id='word_1_165' title='bbox 776 2575 1022 2650; x_wconf 82' lang='lat' dir='ltr'><strong>atrctoritatcm,</strong></span> <span class='ocrx_word' id='word_1_166' title='bbox 1048 2576 1103 2661; x_wconf 89' lang='lat' dir='ltr'><strong>qui</strong></span> <span class='ocrx_word' id='word_1_167' title='bbox 1129 2574 1271 2656; x_wconf 88' lang='lat' dir='ltr'><strong>librarii,</strong></span> <span class='ocrx_word' id='word_1_168' title='bbox 1296 2586 1455 2646; x_wconf 82' lang='lat' dir='ltr'><strong>correcto</strong></span> 
     </span>
     <span class='ocr_line' id='line_1_22' title="bbox 267 2678 1455 2768; baseline -0.002 -16"><span class='ocrx_word' id='word_1_169' title='bbox 267 2705 336 2762; x_wconf 73' lang='lat' dir='ltr'><strong>rm,</strong></span> <span class='ocrx_word' id='word_1_170' title='bbox 357 2682 446 2752; x_wconf 93' lang='lat' dir='ltr'><strong>scioli</strong></span> <span class='ocrx_word' id='word_1_171' title='bbox 466 2702 560 2750; x_wconf 87' lang='lat' dir='ltr'><strong>ornrre</strong></span> <span class='ocrx_word' id='word_1_172' title='bbox 580 2701 682 2768; x_wconf 80' lang='lat' dir='ltr'><strong>gertus</strong></span> <span class='ocrx_word' id='word_1_173' title='bbox 704 2678 883 2766; x_wconf 81' lang='lat' dir='ltr'><strong>incredibili</strong></span> <span class='ocrx_word' id='word_1_174' title='bbox 907 2681 1034 2746; x_wconf 86' lang='lat' dir='ltr'><strong>inscitia</strong></span> <span class='ocrx_word' id='word_1_175' title='bbox 1054 2680 1228 2750; x_wconf 88' lang='lat' dir='ltr'><strong>etleritate</strong></span> <span class='ocrx_word' id='word_1_176' title='bbox 1242 2683 1291 2750; x_wconf 88' lang='lat' dir='ltr'><strong>usi</strong></span> <span class='ocrx_word' id='word_1_177' title='bbox 1304 2683 1455 2750; x_wconf 86' lang='lat' dir='ltr'><strong>erunibus</strong></span> 
     </span>
     <span class='ocr_line' id='line_1_23' title="bbox 267 2787 1452 2876; baseline -0.002 -18"><span class='ocrx_word' id='word_1_178' title='bbox 267 2791 370 2860; x_wconf 90' lang='lat' dir='ltr'><strong>modis</strong></span> <span class='ocrx_word' id='word_1_179' title='bbox 390 2787 625 2876; x_wconf 88' lang='lat' dir='ltr'><strong>interpolaruut</strong></span> <span class='ocrx_word' id='word_1_180' title='bbox 648 2796 854 2854; x_wconf 87' lang='lat' dir='ltr'><strong>monumenta</strong></span> <span class='ocrx_word' id='word_1_181' title='bbox 868 2787 1091 2875; x_wconf 85' lang='lat' dir='ltr'><strong>antiquitatis,</strong></span> <span class='ocrx_word' id='word_1_182' title='bbox 1113 2807 1250 2873; x_wconf 84' lang='lat' dir='ltr'><strong>quorum</strong></span> <span class='ocrx_word' id='word_1_183' title='bbox 1265 2790 1308 2860; x_wconf 90' lang='lat' dir='ltr'><strong>ita</strong></span> <span class='ocrx_word' id='word_1_184' title='bbox 1322 2788 1452 2862; x_wconf 79' lang='lat' dir='ltr'><strong>deinum</strong></span> 
     </span>
     <span class='ocr_line' id='line_1_24' title="bbox 267 2887 1454 2980; baseline 0 -18"><span class='ocrx_word' id='word_1_185' title='bbox 267 2898 432 2965; x_wconf 79' lang='lat' dir='ltr'><strong>fructuosa</strong></span> <span class='ocrx_word' id='word_1_186' title='bbox 464 2897 527 2961; x_wconf 88' lang='lat' dir='ltr'><strong>erit</strong></span> <span class='ocrx_word' id='word_1_187' title='bbox 559 2893 800 2980; x_wconf 83' lang='lat' dir='ltr'><strong>interpretatio,</strong></span> <span class='ocrx_word' id='word_1_188' title='bbox 834 2895 861 2959; x_wconf 86' lang='lat' dir='ltr'><strong>si</strong></span> <span class='ocrx_word' id='word_1_189' title='bbox 894 2915 984 2969; x_wconf 83' lang='lat' dir='ltr'><strong>eom,</strong></span> <span class='ocrx_word' id='word_1_190' title='bbox 1019 2903 1053 2964; x_wconf 85' lang='lat' dir='ltr'><strong>ul</strong></span> <span class='ocrx_word' id='word_1_191' title='bbox 1078 2892 1311 2975; x_wconf 80' lang='lat' dir='ltr'><strong>Quincrrcunus</strong></span> <span class='ocrx_word' id='word_1_192' title='bbox 1335 2887 1454 2964; x_wconf 83' lang='lat' dir='ltr'><strong>alicubi</strong></span> 
     </span>
     <span class='ocr_line' id='line_1_25' title="bbox 266 2999 1456 3092; baseline -0.002 -22"><span class='ocrx_word' id='word_1_193' title='bbox 266 3004 440 3092; x_wconf 82' lang='lat' dir='ltr'><strong>praecipit,</strong></span> <span class='ocrx_word' id='word_1_194' title='bbox 474 3001 637 3066; x_wconf 85' lang='lat' dir='ltr'><strong>emendato</strong></span> <span class='ocrx_word' id='word_1_195' title='bbox 662 2999 750 3064; x_wconf 85' lang='lat' dir='ltr'><strong>lectio</strong></span> <span class='ocrx_word' id='word_1_196' title='bbox 771 2999 954 3085; x_wconf 83' lang='lat' dir='ltr'><strong>praecedet,</strong></span> <span class='ocrx_word' id='word_1_197' title='bbox 986 3017 1088 3086; x_wconf 86' lang='lat' dir='ltr'><strong>neque</strong></span> <span class='ocrx_word' id='word_1_198' title='bbox 1112 2999 1287 3087; x_wconf 80' lang='lat' dir='ltr'><strong>quidquam</strong></span> <span class='ocrx_word' id='word_1_199' title='bbox 1315 3001 1456 3080; x_wconf 83' lang='lat' dir='ltr'><strong>humano</strong></span> 
     </span>
     <span class='ocr_line' id='line_1_26' title="bbox 266 3105 1456 3196; baseline -0.001 -19"><span class='ocrx_word' id='word_1_200' title='bbox 266 3111 397 3196; x_wconf 80' lang='lat' dir='ltr'><strong>ingenio</strong></span> <span class='ocrx_word' id='word_1_201' title='bbox 419 3117 450 3172; x_wconf 89' lang='lat' dir='ltr'><strong>et</strong></span> <span class='ocrx_word' id='word_1_202' title='bbox 475 3107 592 3172; x_wconf 88' lang='lat' dir='ltr'><strong>rationi</strong></span> <span class='ocrx_word' id='word_1_203' title='bbox 617 3105 830 3190; x_wconf 84' lang='lat' dir='ltr'><strong>perniciosius</strong></span> <span class='ocrx_word' id='word_1_204' title='bbox 852 3107 986 3191; x_wconf 89' lang='lat' dir='ltr'><strong>reperiri</strong></span> <span class='ocrx_word' id='word_1_205' title='bbox 1007 3127 1099 3193; x_wconf 86' lang='lat' dir='ltr'><strong>posse</strong></span> <span class='ocrx_word' id='word_1_206' title='bbox 1118 3107 1279 3188; x_wconf 88' lang='lat' dir='ltr'><strong>arbitror,</strong></span> <span class='ocrx_word' id='word_1_207' title='bbox 1302 3129 1400 3196; x_wconf 86' lang='lat' dir='ltr'><strong>quarn</strong></span> <span class='ocrx_word' id='word_1_208' title='bbox 1418 3129 1456 3176; x_wconf 91' lang='lat' dir='ltr'><strong>en</strong></span> 
     </span>
     <span class='ocr_line' id='line_1_27' title="bbox 267 3209 1457 3300; baseline 0.001 -19"><span class='ocrx_word' id='word_1_209' title='bbox 267 3214 473 3300; x_wconf 88' lang='lat' dir='ltr'><strong>interpretari</strong></span> <span class='ocrx_word' id='word_1_210' title='bbox 497 3221 528 3278; x_wconf 91' lang='lat' dir='ltr'><strong>et</strong></span> <span class='ocrx_word' id='word_1_211' title='bbox 550 3211 610 3277; x_wconf 86' lang='lat' dir='ltr'><strong>sibi</strong></span> <span class='ocrx_word' id='word_1_212' title='bbox 632 3209 812 3296; x_wconf 83' lang='lat' dir='ltr'><strong>intelligere</strong></span> <span class='ocrx_word' id='word_1_213' title='bbox 826 3211 946 3291; x_wconf 87' lang='lat' dir='ltr'><strong>rideri,</strong></span> <span class='ocrx_word' id='word_1_214' title='bbox 972 3233 1054 3299; x_wconf 86' lang='lat' dir='ltr'><strong>quae</strong></span> <span class='ocrx_word' id='word_1_215' title='bbox 1067 3213 1142 3299; x_wconf 87' lang='lat' dir='ltr'><strong>quia</strong></span> <span class='ocrx_word' id='word_1_216' title='bbox 1156 3233 1251 3280; x_wconf 90' lang='lat' dir='ltr'><strong>sensu</strong></span> <span class='ocrx_word' id='word_1_217' title='bbox 1265 3233 1364 3299; x_wconf 76' lang='lat' dir='ltr'><strong>vacua</strong></span> <span class='ocrx_word' id='word_1_218' title='bbox 1379 3223 1457 3282; x_wconf 90' lang='lat' dir='ltr'><strong>suut</strong></span> 
     </span>
     <span class='ocr_line' id='line_1_28' title="bbox 266 3315 1455 3406; baseline -0.002 -18"><span class='ocrx_word' id='word_1_219' title='bbox 266 3321 305 3388; x_wconf 86' lang='lat' dir='ltr'><strong>ab</strong></span> <span class='ocrx_word' id='word_1_220' title='bbox 329 3339 407 3386; x_wconf 90' lang='lat' dir='ltr'><strong>sano</strong></span> <span class='ocrx_word' id='word_1_221' title='bbox 428 3317 558 3384; x_wconf 88' lang='lat' dir='ltr'><strong>homine</strong></span> <span class='ocrx_word' id='word_1_222' title='bbox 582 3315 718 3401; x_wconf 78' lang='lat' dir='ltr'><strong>intelligi</strong></span> <span class='ocrx_word' id='word_1_223' title='bbox 745 3336 805 3382; x_wconf 92' lang='lat' dir='ltr'><strong>non</strong></span> <span class='ocrx_word' id='word_1_224' title='bbox 832 3327 987 3404; x_wconf 88' lang='lat' dir='ltr'><strong>possunt,</strong></span> <span class='ocrx_word' id='word_1_225' title='bbox 1012 3329 1043 3386; x_wconf 93' lang='lat' dir='ltr'><strong>ct</strong></span> <span class='ocrx_word' id='word_1_226' title='bbox 1068 3320 1144 3406; x_wconf 88' lang='lat' dir='ltr'><strong>quia</strong></span> <span class='ocrx_word' id='word_1_227' title='bbox 1170 3339 1232 3388; x_wconf 90' lang='lat' dir='ltr'><strong>non</strong></span> <span class='ocrx_word' id='word_1_228' title='bbox 1256 3331 1391 3406; x_wconf 87' lang='lat' dir='ltr'><strong>possunt</strong></span> <span class='ocrx_word' id='word_1_229' title='bbox 1409 3323 1455 3386; x_wconf 92' lang='lat' dir='ltr'><strong>iu·</strong></span> 
     </span>
     <span class='ocr_line' id='line_1_29' title="bbox 266 3422 1456 3514; baseline 0 -21"><span class='ocrx_word' id='word_1_230' title='bbox 266 3426 366 3514; x_wconf 78' lang='lat' dir='ltr'><strong>telligi</strong></span> <span class='ocrx_word' id='word_1_231' title='bbox 397 3445 457 3492; x_wconf 89' lang='lat' dir='ltr'><strong>uon</strong></span> <span class='ocrx_word' id='word_1_232' title='bbox 490 3422 607 3490; x_wconf 89' lang='lat' dir='ltr'><strong>debent</strong></span> <span class='ocrx_word' id='word_1_233' title='bbox 631 3423 795 3510; x_wconf 85' lang='lat' dir='ltr'><strong>explicari.</strong></span> <span class='ocrx_word' id='word_1_234' title='bbox 843 3424 1112 3512; x_wconf 72' lang='lat' dir='ltr'><strong>corripendiorum</strong></span> <span class='ocrx_word' id='word_1_235' title='bbox 1137 3437 1170 3493; x_wconf 92' lang='lat' dir='ltr'><strong>ct</strong></span> <span class='ocrx_word' id='word_1_236' title='bbox 1193 3424 1349 3510; x_wconf 79' lang='lat' dir='ltr'><strong>siglarum</strong></span> <span class='ocrx_word' id='word_1_237' title='bbox 1377 3445 1456 3492; x_wconf 87' lang='lat' dir='ltr'><strong>usus</strong></span> 
     </span>
     <span class='ocr_line' id='line_1_30' title="bbox 267 3530 1454 3624; baseline 0 -24"><span class='ocrx_word' id='word_1_238' title='bbox 267 3535 299 3600; x_wconf 94' lang='lat' dir='ltr'><strong>iu</strong></span> <span class='ocrx_word' id='word_1_239' title='bbox 333 3530 498 3600; x_wconf 89' lang='lat' dir='ltr'><strong>codicibus</strong></span> <span class='ocrx_word' id='word_1_240' title='bbox 530 3538 579 3596; x_wconf 91' lang='lat' dir='ltr'><strong>est</strong></span> <span class='ocrx_word' id='word_1_241' title='bbox 612 3532 823 3616; x_wconf 83' lang='lat' dir='ltr'><strong>perantiquus</strong></span> <span class='ocrx_word' id='word_1_242' title='bbox 855 3533 962 3618; x_wconf 87' lang='lat' dir='ltr'><strong>etqui</strong></span> <span class='ocrx_word' id='word_1_243' title='bbox 984 3532 1081 3619; x_wconf 88' lang='lat' dir='ltr'><strong>primi</strong></span> <span class='ocrx_word' id='word_1_244' title='bbox 1106 3533 1148 3606; x_wconf 76' lang='grc' dir='ltr'><strong>εἰς</strong></span> <span class='ocrx_word' id='word_1_245' title='bbox 1174 3533 1275 3614; x_wconf 68' lang='grc' dir='ltr'><em>ταχος</em></span> <span class='ocrx_word' id='word_1_246' title='bbox 1296 3532 1454 3624; x_wconf 72' lang='grc' dir='ltr'><strong>ἔγραφον,</strong></span> 
     </span>
     <span class='ocr_line' id='line_1_31' title="bbox 265 3635 1455 3728; baseline -0.002 -20"><span class='ocrx_word' id='word_1_247' title='bbox 265 3651 302 3708; x_wconf 93' lang='lat' dir='ltr'><strong>ut</strong></span> <span class='ocrx_word' id='word_1_248' title='bbox 334 3641 465 3728; x_wconf 90' lang='lat' dir='ltr'><strong>opinor,</strong></span> <span class='ocrx_word' id='word_1_249' title='bbox 503 3636 566 3700; x_wconf 84' lang='lat' dir='ltr'><strong>iarn</strong></span> <span class='ocrx_word' id='word_1_250' title='bbox 598 3645 773 3722; x_wconf 88' lang='lat' dir='ltr'><strong>coeperunt</strong></span> <span class='ocrx_word' id='word_1_251' title='bbox 804 3635 857 3702; x_wconf 89' lang='lat' dir='ltr'><strong>illu</strong></span> <span class='ocrx_word' id='word_1_252' title='bbox 890 3635 983 3706; x_wconf 84' lang='lat' dir='ltr'><strong>rnrodo</strong></span> <span class='ocrx_word' id='word_1_253' title='bbox 1005 3658 1136 3724; x_wconf 82' lang='lat' dir='ltr'><strong>operatu</strong></span> <span class='ocrx_word' id='word_1_254' title='bbox 1161 3637 1455 3726; x_wconf 80' lang='lat' dir='ltr'><strong>conopendilacerc,</strong></span> 
     </span>
     <span class='ocr_line' id='line_1_32' title="bbox 266 3740 1457 3831; baseline -0.003 -16"><span class='ocrx_word' id='word_1_255' title='bbox 266 3746 351 3814; x_wconf 92' lang='lat' dir='ltr'><strong>unde</strong></span> <span class='ocrx_word' id='word_1_256' title='bbox 379 3747 455 3812; x_wconf 91' lang='lat' dir='ltr'><strong>olim</strong></span> <span class='ocrx_word' id='word_1_257' title='bbox 484 3740 639 3813; x_wconf 87' lang='lat' dir='ltr'><strong>nonnulla</strong></span> <span class='ocrx_word' id='word_1_258' title='bbox 664 3753 792 3829; x_wconf 87' lang='lat' dir='ltr'><strong>recepta</strong></span> <span class='ocrx_word' id='word_1_259' title='bbox 814 3751 891 3809; x_wconf 91' lang='lat' dir='ltr'><strong>snnt</strong></span> <span class='ocrx_word' id='word_1_260' title='bbox 915 3742 955 3808; x_wconf 91' lang='lat' dir='ltr'><strong>ab</strong></span> <span class='ocrx_word' id='word_1_261' title='bbox 979 3741 1063 3822; x_wconf 92' lang='lat' dir='ltr'><strong>illis,</strong></span> <span class='ocrx_word' id='word_1_262' title='bbox 1090 3745 1144 3831; x_wconf 91' lang='lat' dir='ltr'><strong>qui</strong></span> <span class='ocrx_word' id='word_1_263' title='bbox 1168 3746 1211 3819; x_wconf 72' lang='lat' dir='ltr'><strong>sla</strong></span> <span class='ocrx_word' id='word_1_264' title='bbox 1235 3745 1352 3818; x_wconf 76' lang='grc' dir='ltr'><em>καλλος</em></span> <span class='ocrx_word' id='word_1_265' title='bbox 1377 3743 1457 3827; x_wconf 71' lang='lat' dir='ltr'><strong>ypol-</strong></span> 
     </span>
     <span class='ocr_line' id='line_1_33' title="bbox 265 3847 1456 3938; baseline -0.003 -18"><span class='ocrx_word' id='word_1_266' title='bbox 265 3861 335 3938; x_wconf 79' lang='grc' dir='ltr'><em>φενν</em></span> <span class='ocrx_word' id='word_1_267' title='bbox 360 3849 563 3920; x_wconf 88' lang='lat' dir='ltr'><strong>dicebantur.</strong></span> <span class='ocrx_word' id='word_1_268' title='bbox 591 3847 663 3914; x_wconf 91' lang='lat' dir='ltr'><strong>Vidi</strong></span> <span class='ocrx_word' id='word_1_269' title='bbox 685 3847 814 3935; x_wconf 91' lang='lat' dir='ltr'><strong>Neapoli</strong></span> <span class='ocrx_word' id='word_1_270' title='bbox 833 3847 952 3914; x_wconf 87' lang='lat' dir='ltr'><strong>librum</strong></span> <span class='ocrx_word' id='word_1_271' title='bbox 973 3849 1131 3936; x_wconf 90' lang='lat' dir='ltr'><strong>scriptum</strong></span> <span class='ocrx_word' id='word_1_272' title='bbox 1152 3860 1326 3937; x_wconf 86' lang='lat' dir='ltr'><strong>antequam</strong></span> <span class='ocrx_word' id='word_1_273' title='bbox 1347 3850 1456 3918; x_wconf 73' lang='lat' dir='ltr'><strong>tibris-</strong></span> 
     </span>
     <span class='ocr_line' id='line_1_34' title="bbox 266 3953 1456 4042; baseline -0.002 -16"><span class='ocrx_word' id='word_1_274' title='bbox 266 3971 320 4026; x_wconf 91' lang='lat' dir='ltr'><strong>tus</strong></span> <span class='ocrx_word' id='word_1_275' title='bbox 344 3967 440 4024; x_wconf 88' lang='lat' dir='ltr'><strong>natus</strong></span> <span class='ocrx_word' id='word_1_276' title='bbox 466 3966 577 4024; x_wconf 85' lang='lat' dir='ltr'><strong>estex</strong></span> <span class='ocrx_word' id='word_1_277' title='bbox 601 3953 831 4024; x_wconf 85' lang='lat' dir='ltr'><strong>Herculanensi</strong></span> <span class='ocrx_word' id='word_1_278' title='bbox 857 3955 956 4022; x_wconf 84' lang='lat' dir='ltr'><strong>exitio</strong></span> <span class='ocrx_word' id='word_1_279' title='bbox 978 3965 1162 4034; x_wconf 88' lang='lat' dir='ltr'><strong>serratum,</strong></span> <span class='ocrx_word' id='word_1_280' title='bbox 1188 3958 1219 4024; x_wconf 92' lang='lat' dir='ltr'><strong>iu</strong></span> <span class='ocrx_word' id='word_1_281' title='bbox 1251 3976 1314 4042; x_wconf 84' lang='lat' dir='ltr'><strong>quo</strong></span> <span class='ocrx_word' id='word_1_282' title='bbox 1338 3957 1456 4028; x_wconf 81' lang='lat' dir='ltr'><strong>etalio</strong></span> 
     </span>
     <span class='ocr_line' id='line_1_35' title="bbox 266 4061 1458 4148; baseline -0.003 -14"><span class='ocrx_word' id='word_1_283' title='bbox 266 4062 452 4134; x_wconf 87' lang='lat' dir='ltr'><strong>buiusnrodi</strong></span> <span class='ocrx_word' id='word_1_284' title='bbox 484 4063 612 4129; x_wconf 88' lang='lat' dir='ltr'><strong>inerant</strong></span> <span class='ocrx_word' id='word_1_285' title='bbox 645 4070 678 4127; x_wconf 89' lang='lat' dir='ltr'><strong>et</strong></span> <span class='ocrx_word' id='word_1_286' title='bbox 709 4061 935 4148; x_wconf 85' lang='lat' dir='ltr'><strong>compendium</strong></span> <span class='ocrx_word' id='word_1_287' title='bbox 969 4063 1214 4148; x_wconf 88' lang='lat' dir='ltr'><strong>praepositionis</strong></span> <span class='ocrx_word' id='word_1_288' title='bbox 1237 4062 1328 4144; x_wconf 75' lang='grc' dir='ltr'><strong><em>πρός,</em></strong></span> <span class='ocrx_word' id='word_1_289' title='bbox 1361 4064 1458 4130; x_wconf 90' lang='lat' dir='ltr'><strong>cuins</strong></span> 
     </span>
    </p>
   </div>
   <div class='ocr_carea' id='block_1_3' title="bbox 266 4167 1579 4366">
    <p class='ocr_par' dir='ltr' id='par_1_3' title="bbox 266 4167 1579 4366">
     <span class='ocr_line' id='line_1_36' title="bbox 267 4167 1579 4264; baseline -0.004 -24"><span class='ocrx_word' id='word_1_290' title='bbox 267 4172 400 4257; x_wconf 79' lang='lat' dir='ltr'><strong>vestigia</strong></span> <span class='ocrx_word' id='word_1_291' title='bbox 432 4177 508 4236; x_wconf 77' lang='lat' dir='ltr'><strong>scint</strong></span> <span class='ocrx_word' id='word_1_292' title='bbox 543 4169 575 4234; x_wconf 93' lang='lat' dir='ltr'><strong>in</strong></span> <span class='ocrx_word' id='word_1_293' title='bbox 606 4168 751 4234; x_wconf 82' lang='lat' dir='ltr'><strong>oninium</strong></span> <span class='ocrx_word' id='word_1_294' title='bbox 779 4167 935 4234; x_wconf 84' lang='lat' dir='ltr'><strong>librorum</strong></span> <span class='ocrx_word' id='word_1_295' title='bbox 961 4169 1144 4255; x_wconf 89' lang='lat' dir='ltr'><strong>scripturis.</strong></span> <span class='ocrx_word' id='word_1_296' title='bbox 1192 4169 1271 4251; x_wconf 80' lang='lat' dir='ltr'><strong>Quis</strong></span> <span class='ocrx_word' id='word_1_297' title='bbox 1295 4171 1383 4240; x_wconf 84' lang='lat' dir='ltr'><strong>onim</strong></span> <span class='ocrx_word' id='word_1_298' title='bbox 1408 4179 1458 4236; x_wconf 91' lang='lat' dir='ltr'><strong>est</strong></span> <span class='ocrx_word' id='word_1_299' title='bbox 1578 4227 1579 4264; x_wconf 64' lang='lat'>3</span> 
     </span>
     <span class='ocr_line' id='line_1_37' title="bbox 266 4269 1579 4366; baseline -0.005 -18"><span class='ocrx_word' id='word_1_300' title='bbox 266 4281 407 4366; x_wconf 89' lang='lat' dir='ltr'><strong>scriptor</strong></span> <span class='ocrx_word' id='word_1_301' title='bbox 439 4275 604 4353; x_wconf 86' lang='lat' dir='ltr'><strong>Graecus,</strong></span> <span class='ocrx_word' id='word_1_302' title='bbox 639 4275 671 4339; x_wconf 93' lang='lat' dir='ltr'><strong>in</strong></span> <span class='ocrx_word' id='word_1_303' title='bbox 695 4293 759 4360; x_wconf 88' lang='lat' dir='ltr'><strong>quo</strong></span> <span class='ocrx_word' id='word_1_304' title='bbox 784 4293 846 4340; x_wconf 92' lang='lat' dir='ltr'><strong>non</strong></span> <span class='ocrx_word' id='word_1_305' title='bbox 870 4282 1022 4360; x_wconf 89' lang='lat' dir='ltr'><strong>appareat</strong></span> <span class='ocrx_word' id='word_1_306' title='bbox 1045 4275 1194 4357; x_wconf 72' lang='grc' dir='ltr'><em>πράττειν</em></span> <span class='ocrx_word' id='word_1_307' title='bbox 1217 4285 1248 4342; x_wconf 91' lang='lat' dir='ltr'><strong>et</strong></span> <span class='ocrx_word' id='word_1_308' title='bbox 1272 4276 1457 4359; x_wconf 64' lang='grc' dir='ltr'><em>προτάττειν</em></span> <span class='ocrx_word' id='word_1_309' title='bbox 1578 4269 1579 4297; x_wconf 65' lang='lat'>¹</span> 
     </span>
    </p>
   </div>
   <div class='ocr_carea' id='block_1_4' title="bbox 265 4380 1456 4462">
    <p class='ocr_par' dir='ltr' id='par_1_4' title="bbox 265 4380 1456 4462">
     <span class='ocr_line' id='line_1_38' title="bbox 265 4380 1456 4462; baseline -0.004 -9"><span class='ocrx_word' id='word_1_310' title='bbox 265 4384 398 4453; x_wconf 80' lang='lat' dir='ltr'><strong>confuso</strong></span> <span class='ocrx_word' id='word_1_311' title='bbox 434 4401 503 4448; x_wconf 88' lang='lat' dir='ltr'><strong>esse</strong></span> <span class='ocrx_word' id='word_1_312' title='bbox 537 4389 594 4446; x_wconf 91' lang='lat' dir='ltr'><strong>aut</strong></span> <span class='ocrx_word' id='word_1_313' title='bbox 625 4383 762 4462; x_wconf 75' lang='grc' dir='ltr'><em>πρᾶγμα</em></span> <span class='ocrx_word' id='word_1_314' title='bbox 795 4390 826 4448; x_wconf 92' lang='lat' dir='ltr'><strong>et</strong></span> <span class='ocrx_word' id='word_1_315' title='bbox 851 4380 1050 4462; x_wconf 59' lang='lat' dir='ltr'><strong>epicoena?</strong></span> <span class='ocrx_word' id='word_1_316' title='bbox 1099 4381 1134 4447; x_wconf 90' lang='lat' dir='ltr'><strong>ln</strong></span> <span class='ocrx_word' id='word_1_317' title='bbox 1161 4381 1291 4448; x_wconf 75' lang='lat' dir='ltr'><strong>Lucrino</strong></span> <span class='ocrx_word' id='word_1_318' title='bbox 1315 4387 1376 4458; x_wconf 78' lang='lat' dir='ltr'><strong>li,</strong></span> <span class='ocrx_word' id='word_1_319' title='bbox 1405 4386 1456 4449; x_wconf 85' lang='lat' dir='ltr'><strong>tu.</strong></span> 
     </span>
    </p>
   </div>
   <div class='ocr_carea' id='block_1_5' title="bbox 267 4483 1578 4572">
    <p class='ocr_par' dir='ltr' id='par_1_5' title="bbox 267 4483 1578 4572">
     <span class='ocr_line' id='line_1_39' title="bbox 267 4483 1578 4572; baseline -0.005 -13"><span class='ocrx_word' id='word_1_320' title='bbox 267 4489 422 4560; x_wconf 85' lang='lat' dir='ltr'><strong>edebarur</strong></span> <span class='ocrx_word' id='word_1_321' title='bbox 454 4485 531 4552; x_wconf 87' lang='lat' dir='ltr'><strong>olim</strong></span> <span class='ocrx_word' id='word_1_322' title='bbox 561 4485 747 4568; x_wconf 70' lang='grc' dir='ltr'><em>ἀνδράποδον</em></span> <span class='ocrx_word' id='word_1_323' title='bbox 782 4483 850 4568; x_wconf 81' lang='grc' dir='ltr'><em>εἶχε</em></span> <span class='ocrx_word' id='word_1_324' title='bbox 878 4523 922 4536; x_wconf 95' lang='grc'><strong>-</strong></span> <span class='ocrx_word' id='word_1_325' title='bbox 943 4487 1038 4566; x_wconf 80' lang='grc' dir='ltr'><em>μηδὲν</em></span> <span class='ocrx_word' id='word_1_326' title='bbox 1062 4487 1191 4572; x_wconf 69' lang='grc' dir='ltr'><strong>αἰσχρὸν</strong></span> <span class='ocrx_word' id='word_1_327' title='bbox 1215 4485 1254 4558; x_wconf 79' lang='grc' dir='ltr'><strong>ὦν,</strong></span> <span class='ocrx_word' id='word_1_328' title='bbox 1276 4487 1457 4571; x_wconf 58' lang='lat' dir='ltr'><strong>apocrifum</strong></span> <span class='ocrx_word' id='word_1_329' title='bbox 1577 4513 1578 4516; x_wconf 44' lang='lat'>¹</span> 
     </span>
    </p>
   </div>
   <div class='ocr_carea' id='block_1_6' title="bbox 0 0 1617 4972">
    <p class='ocr_par' dir='ltr' id='par_1_6' title="bbox 0 0 1617 4972">
     <span class='ocr_line' id='line_1_40' title="bbox 0 0 1617 4972; baseline 0 0"><span class='ocrx_word' id='word_1_330' title='bbox 0 0 1617 4972; x_wconf 95' lang='lat' dir='ltr'><strong> </strong></span> 
     </span>
    </p>
   </div>
  </div>
 </body>
</html>
