3136 4966
815 322 885 394 632

256 517 403 588 θανεῖται.
441 522 563 588 Πενθεῒν
586 517 731 588 absolute
754 517 876 584 dieitur·
901 537 1004 605 neque
1027 519 1150 589 obiecto
1171 521 1315 609 indiget,
1340 541 1434 609 neque

255 617 361 712 potuit
384 626 477 694 adria
501 626 605 713 magis
627 624 732 692 aheno
755 623 824 692 ioco
845 625 944 690 inseri
965 646 1063 713 quam
1083 627 1169 695 inter
1187 625 1280 704 οὕτως
1301 631 1435 712 ἰσχυρῶς.

254 731 342 800 Nihil
365 753 480 800 causae
504 742 553 800 est
576 753 637 800 cur
660 753 678 799 a
703 755 760 802 ιιισ
784 741 888 798 matre
914 730 1078 801 audivisse
1101 733 1229 802 dicatur
1253 737 1286 804 in
1312 758 1367 802 aaa
1390 754 1437 823 pa·

255 840 319 906 tria
341 860 375 906 se
400 841 606 907 moriturum.
652 837 838 906 Sexcenties
862 837 938 905 talia
962 848 1018 906 aut
1042 837 1158 926 frigide
1180 851 1237 908 aut
1257 841 1372 909 stolide
1389 861 1436 928 ap

255 945 358 1032 posita
390 945 639 1013 animadvertes.
688 943 892 1013 Manifestum
925 944 1107 1032 exemplum
1144 956 1193 1013 est
1225 947 1257 1014 in
1284 948 1437 1032 vicinia§

256 1055 321 1117 146
344 1050 424 1126 άτως
437 1092 480 1106 -
496 1053 548 1122 καὶ
574 1051 824 1130 τελευτησάντων
850 1052 980 1140 [αὐτῶν]
1005 1051 1048 1118 τά
1072 1051 1130 1122 dee
1153 1053 1245 1132 iorni
1268 1057 1351 1138 ιιῦτρῑ
1371 1054 1437 1136 σιρῷ

255 1159 404 1226 κείσεται.

300 1263 471 1332 Praeterea
504 1285 609 1332 nonne
636 1265 738 1333 sentis
760 1283 857 1351 quam
885 1263 1006 1352 puerile
1030 1266 1073 1332 sit
1096 1265 1183 1348 ταρὰ
1208 1265 1366 1353 [Θέτιδος]
1388 1272 1438 1342 ric

255 1369 391 1453 μητρθςῖ
417 1371 609 1458 Apnoccicne
632 1370 722 1438 seioii
747 1370 881 1438 stilum?

300 1478 338 1545 Ιν
365 1480 382 1563 §
410 1482 488 1547 147.
522 1477 740 1558 άναχνάσεται
773 1476 844 1556 ὑμῖν
869 1477 883 1544 d
906 1479 1117 1559 γραμματεὺς
1151 1479 1194 1544 τά
1226 1477 1289 1556 έτη
1313 1479 1357 1546 τά
1378 1477 1436 1559 arpi

255 1583 369 1652 τούτων
392 1579 414 1652 ά
435 1585 572 1667 Ὅμηρος
596 1583 781 1662 τετοέηκεν,
807 1601 846 1648 ue
872 1581 985 1650 ultima
1008 1582 1130 1651 frustra
1155 1582 1282 1672 adiecta
1307 1603 1377 1652 esse
1397 1583 1439 1649 vi·

257 1689 415 1768 deantur,
449 1709 522 1756 nam
554 1689 593 1757 de
625 1688 692 1756 solo
717 1689 854 1756 Homero
877 1707 984 1756 sermo
1007 1699 1077 1770 est,
1108 1690 1255 1778 suspicor
1280 1689 1438 1759 Oratorem

256 1794 378 1862 dixisse
400 1795 444 1863 τά
467 1793 526 1872 έτη
549 1796 572 1862 ά
595 1795 663 1878 arpi
687 1795 801 1862 τούτων
821 1795 960 1877 Ὅμηρος
983 1796 1159 1873 τετοέηκεν.

303 1903 340 1969 ln
365 1901 494 1968 Homeri
526 1920 622 1968 versu
645 1905 754 1988 §.148
780 1900 815 1968 οὔ
837 1925 872 1968 σε
895 1903 963 1984 πρὶν
995 1909 1099 1986 κτεριῶ
1124 1901 1348 1970 notabilisest
1370 1902 1439 1968 ueri·

256 2007 316 2076 hae
348 2026 439 2074 error
470 2009 525 2095 qui
557 2027 658 2095 quum
690 2006 888 2076 describeret
923 2017 1189 2076 ΠΡΙΝΚΤΕΡΙΩ
1224 2007 1315 2076 aliud
1350 2027 1438 2096 agens

256 2115 324 2198 τρὶν
347 2121 503 2194 νυκτερινοῦ
528 2113 627 2180 dedit.
674 2114 748 2180 Post
778 2133 879 2202 pauca
901 2114 977 2196 ι’ἱιιερ
1000 2113 1087 2198 λάχε
1118 2114 1362 2196 χεινθμενθν
1388 2138 1437 2195 τερ
1530 2111 1531 2186 ᾗ

254 2239 368 2288 aerum
399 2228 448 2287 est
481 2219 664 2301 ριριθμενον
695 2245 751 2302 τερ
782 2229 968 2286 coronatam.
1016 2221 1119 2288 Locus
1151 2221 1281 2290 Homeri
1315 2243 1375 2289 non
1404 2219 1437 2287 ah
1530 2219 1531 2304 i

254 2327 323 2415 ipso
348 2324 526 2407 Aeschine,
558 2345 658 2414 quum
684 2327 861 2393 orationem
885 2325 1011 2402 ederet.
1046 2329 1212 2415 appositus
1235 2337 1305 2406 est,
1334 2326 1436 2395 sedin

256 2433 400 2520 antiquis
431 2431 523 2500 iihris
547 2453 585 2500 ex
610 2431 746 2499 Homero
778 2431 965 2519 suppletus,
994 2433 1069 2520 quia
1093 2433 1164 2500 sine
1189 2434 1323 2502 Homeri
1347 2434 1437 2502 versi·

255 2540 338 2608 culis
361 2559 398 2607 ea
430 2559 505 2627 pars
535 2539 691 2606 orationis
725 2537 787 2625 legi
812 2557 873 2604 non
898 2547 1013 2625 potest.
1061 2537 1150 2620 Quae
1172 2543 1336 2628 scriptura
1361 2559 1436 2606 nunc

255 2644 340 2734 apud
365 2644 555 2712 Aeschinem
581 2643 813 2712 circumiertur
836 2643 996 2731 descripta
1020 2652 1132 2713 estex
1156 2645 1247 2713 iihris
1268 2648 1372 2714 multo
1389 2665 1435 2712 an·

256 2751 451 2840 tiquioribus
482 2767 580 2838 quam
608 2750 728 2839 quihus
751 2749 844 2816 hodie
869 2751 1009 2830 utimur,
1044 2749 1099 2819 sed
1123 2751 1164 2820 ad
1188 2752 1369 2820 Aristarchi
1393 2771 1435 2818 re·

256 2857 440 2926 censionem
472 2866 585 2924 exacta
617 2855 697 2923 nihii
730 2855 823 2922 hahet
848 2854 934 2922 honi.
982 2857 1098 2926 insunt
1121 2877 1235 2926 versus
1258 2859 1389 2948 insipidi
1409 2864 1436 2924 et

257 2963 488 3054 supervacanei

394 3067 446 3135 καὶ
472 3067 503 3134 δὲ
527 3069 571 3136 σοὶ
597 3070 681 3152 αὐτῷ
705 3077 816 3150 μοῖρα,
841 3070 916 3144 θεοῖς
937 3068 1086 3136 tractant
1108 3073 1282 3151 Ἀχιλλεῦ,

392 3175 493 3255 τείχει
517 3173 575 3240 ort
597 3175 706 3257 Τράων
729 3173 896 3254 εὐηγενέων
918 3174 1100 3244 άτολέσθιιι.

258 3281 468 3372 [μαρνάμενον
492 3280 570 3366 dhorn
595 3282 720 3359 Ἑλένης
744 3278 819 3348 ἕνεκ’
842 3281 1009 3371 hindana]
1039 3299 1111 3350 nam
1136 3282 1182 3350 sio
1203 3281 1283 3365 δηίοις
1304 3280 1435 3350 scriben-

258 3389 335 3457 dum
361 3408 422 3454 non
448 3387 549 3463 δηΐοιο.
597 3387 632 3454 ln
657 3387 774 3454 eximia
801 3395 890 3474 parte
915 3387 975 3454 ioci
1000 3403 1074 3456 aera
1099 3390 1261 3475 scriptura
1286 3395 1351 3456 est:

369 3496 415 3573 μη
440 3493 503 3573 ἐμά
526 3501 585 3561 σῦν
607 3491 760 3560 άτάνευθε
784 3494 942 3572 τιθήμεναι
966 3495 981 3561 θ
1003 3494 1046 3570 έ’,
1071 3497 1244 3577 Ἀχιλλεῦ,

369 3601 446 3668 ἀλλ’
469 3599 545 3681 inan
567 3602 605 3675 ὡς
631 3599 811 3683 ἐτράφην
834 3624 905 3683 τερ
929 3601 959 3668 έν
982 3599 1152 3682 ὑμετέροισι
1175 3601 1321 3681 adpone.

257 3727 341 3794 quae
364 3705 435 3773 vide
458 3725 554 3792 quam
580 3705 772 3793 interpolata
797 3707 841 3772 sit
866 3709 897 3773 in
926 3705 1096 3774 Aeschinis
1121 3705 1229 3774 libris:

393 3813 439 3893 μθρ
461 3812 526 3891 έμά
549 3817 608 3878 σῦν
631 3811 786 3878 άτάνευθε
808 3813 967 3892 τιθήμεναι
992 3814 1069 3890 ὅσθ’,
1092 3815 1266 3894 Ἀχιλλεῦ,

394 3920 471 3984 άλλ’
493 3916 600 4002 ἵνατερ
625 3919 736 3986 τεκαὶ
761 3920 853 3986 αὐτὸν
875 3919 962 4000 θμοθη
985 3927 1069 4000 χοῦσι
1092 3921 1218 4003 κεκεθθη

393 4025 513 4108 χρυσέῳ
535 4028 566 4092 ἓν
587 4027 767 4110 άμφιφορεῖ
785 4026 837 4093 τάν
860 4049 905 4092 τοι
928 4026 1001 4106 ιιθρε
1024 4023 1137 4093 τθτιια
1160 4025 1278 4108 μήτηρ,

395 4132 433 4206 ὡς
459 4132 533 4211 ὁμοῦ
559 4131 734 4218 ἐτράφομέν
759 4156 815 4214 ιιερ
840 4133 869 4198 έν
895 4131 1062 4214 ὑμετέροισι
1086 4131 1229 4213 δόμοισιν.

259 4237 314 4306 uhi
337 4235 450 4304 saltem
483 4238 604 4305 κέκευθε
637 4259 693 4326 ριν
724 4237 847 4324 κεκεθθη
872 4247 1056 4308 correctum
1081 4240 1224 4327 oportuit
1249 4246 1318 4326 post
1338 4233 1432 4312 ἵναπερ

261 4345 367 4412 idest
397 4340 508 4426 οὖτερ,
540 4343 681 4426 θτιυιιερ.
729 4343 858 4412 Meliora
890 4352 967 4411 sunt
998 4343 1082 4433 apud
1115 4345 1355 4422 Aristarchum,
1383 4337 1429 4426 qui

260 4471 355 4539 quem
382 4470 509 4519 versum
536 4450 569 4516 in
596 4449 658 4518 iine
683 4449 779 4518 iruius
804 4449 863 4518 inci
888 4452 1044 4538 expunxit
