3208 4972
715 389 784 463 21⁷

153 585 331 654 testimonii
352 593 523 673 corruptae
540 595 660 654 essent:
680 585 790 658 θκανῶς
807 583 838 649 δὲ
862 583 990 655 illector
1003 581 1196 664 Μένανδρος,
1219 579 1343 666 inquit,

152 692 204 758 tel
228 692 286 772 pn
307 699 367 759 σῶν
390 689 447 765 iio
470 691 557 774 κθφον
579 695 634 770 siro
659 690 749 772 θύραν
772 693 884 769 sindo,
909 691 960 756 ἐπὶ
984 690 1017 757 δὲ
1040 697 1099 756 σῶν
1123 687 1199 754 ἔσω·

155 805 157 810 ’
375 800 450 865 ύλιύ
473 795 588 883 θψθφει
613 798 669 865 καθ
689 822 737 872 τις
760 800 816 874 σὶρν
839 797 928 880 θύραν
951 793 1048 874 ἒξιύν.

154 901 234 970 baec
264 912 313 970 est
343 904 506 992 scriptura
536 903 687 971 versiculi
721 903 905 970 llenandrei
937 900 1022 991 apud
1047 901 1165 968 Surouu
1190 921 1219 970 u.
1242 899 1345 966 κθσσο
1403 967 1404 970 ,

154 1007 375 1076 emendatiora
388 1009 509 1076 sebolia
523 1009 639 1078 allerre
652 1009 793 1078 solitum.
820 1010 854 1077 lu
870 1008 1036 1076 codicibus
1047 1009 1167 1075 Comici
1181 1016 1345 1095 superest:

154 1113 295 1200 θψθφιρκε
328 1120 384 1194 σι’ρν
417 1117 509 1200 θύραν
541 1115 637 1196 ἐξιών.
694 1116 834 1205 Recepta
872 1127 923 1184 est
969 1115 1064 1204 uulgo
1103 1115 1183 1183 baec
1223 1133 1348 1182 aosrcnr

155 1223 331 1290 correctio:

427 1329 504 1397 ken*
529 1329 674 1414 ύφθφκκι
696 1332 752 1407 σὺν
773 1329 862 1411 θύραν
886 1352 933 1402 τις
956 1329 1054 1411 ἑξιύν.

155 1453 239 1522 quae
263 1454 326 1500 non
352 1454 417 1501 uno
436 1437 565 1503 nomine
584 1446 633 1503 ost
655 1436 882 1515 vitiosissima,
906 1453 1046 1522 namque
1067 1439 1162 1518 ψοφῶ
1180 1436 1237 1512 rip
1256 1431 1346 1516 θύραν

156 1538 328 1607 barbarum
350 1549 450 1608 estet
471 1542 593 1608 insulse
613 1540 697 1619 ἔξιύν
716 1540 867 1614 additur,
889 1544 981 1629 quasi
1007 1561 1082 1608 vcro
1102 1549 1208 1629 posset
1227 1559 1348 1608 emcre-

152 1646 393 1735 pomoerium,
426 1657 650 1734 praeterquam
683 1669 783 1734 quuur
821 1648 894 1736 quis
925 1647 1093 1736 egreditur
1123 1647 1219 1716 loras.
1265 1646 1348 1730 Quid

158 1752 281 1821 multal
306 1752 385 1821 baec
408 1762 458 1822 est
481 1773 555 1822 ocra
582 1757 762 1842 scriptura:

720 1860 807 1943 κθψνι
829 1862 885 1938 σθρν
908 1861 1009 1944 θύραν.

382 1967 459 2033 αλλ’
482 1964 641 2050 θψθφιρκεν
667 1968 684 2043 ri
708 1968 799 2049 θύρα,
824 1968 871 2042 ric
902 1967 1019 2048 ούξιύν;

158 2073 330 2141 ’θιοιιιτιοι
380 2072 536 2140 dixissetr
585 2083 617 2139 ot
669 2074 846 2161 concrepuit
902 2075 1033 2151 ortium,
1088 2075 1159 2161 quis
1205 2081 1250 2139 ert
1296 2072 1351 2160 qui

159 2179 319 2268 epreditur
352 2179 464 2267 [ονοιθ
511 2179 631 2266 Erepto
664 2180 766 2265 igitur
801 2178 860 2246 boc
895 2178 961 2246 solo
997 2179 1158 2267 praesidio
1198 2178 1350 2248 Graeculi

159 2287 320 2354 neminem
345 2284 486 2372 amplius
508 2284 681 2373 decipient.
729 2287 812 2353 Suos
831 2307 957 2353 errores
980 2305 1020 2354 ex
1042 2305 1190 2373 peruersa
1203 2287 1352 2375 opinione

160 2401 253 2458 natos
278 2391 416 2458 babeant
440 2409 549 2458 secum
575 2399 769 2478 serventque
792 2391 982 2480 sepulchris.

204 2495 501 2585 Pseudoropbirtom
530 2498 563 2563 in
596 2498 765 2565 bucianeis
797 2499 917 2586 excipit
946 2499 1135 2581 Φιιθσασριι
1156 2500 1175 2578 al
1200 2499 1351 2568 Διδασκθ-

158 2627 249 2685 pesce
274 2604 526 2671 insulsissimum
557 2606 656 2692 inepti
683 2603 907 2671 homuncionis
931 2625 1027 2691 opus,
1053 2605 1138 2692 quod
1163 2593 1257 2673 uento
1280 2606 1351 2674 sine

161 2709 290 2778 lastidio
324 2719 356 2778 et
392 2729 510 2778 nausea
548 2710 700 2798 perleget.
749 2710 865 2777 llultos
900 2710 965 2776 vidi
1002 2711 1120 2778 deliros
1160 2713 1350 2798 scriptores,

160 2818 258 2884 etiarn
279 2817 434 2898 Graecos,
458 2817 513 2884 sed
534 2819 588 2905 qui
611 2819 702 2904 peius
721 2835 817 2904 quam
841 2817 901 2883 iste
922 2815 1092 2895 deliraret,
1113 2825 1170 2883 aut
1189 2817 1244 2904 qui
1265 2824 1351 2883 esset

162 2921 213 3011 (ut
240 2922 363 2989 bucrrnr
394 2923 500 2990 uerbis
533 2931 606 2990 utar
635 2929 698 3001 bl,
732 2923 799 3011 25.)
832 2925 888 3000 rlrr
916 2925 1020 3006 φανὴν
1042 2923 1348 3007 κακοδαιμονθςεροι,

161 3027 227 3094 uidi
253 3031 426 3096 neminem.
474 3029 543 3096 Non
568 3038 617 3096 cst
641 3030 741 3116 igitur
758 3029 887 3096 animus
905 3030 936 3094 iu
957 3030 1029 3095 istis
1048 3029 1350 3116 quisquiliisemeu·

160 3133 277 3202 dandis
301 3134 399 3202 bonas
423 3134 518 3202 boras
535 3135 679 3223 perdere.
730 3135 809 3204 Utar
833 3156 896 3202 uno
920 3145 952 3202 et
972 3134 1073 3202 altero
1097 3137 1165 3204 loco
1188 3134 1229 3202 ad
1253 3134 1350 3202 stabi·

161 3239 284 3308 lleudas
307 3241 589 3330 palaeographicas
612 3240 766 3327 quasdam
798 3242 1056 3322 observationes,
1081 3263 1164 3331 quae
1194 3242 1280 3309 lectu
1303 3242 1350 3309 di·

162 3348 331 3434 prioribus
349 3349 562 3437 scriptoribus
574 3346 784 3415 emendandis
805 3369 899 3436 saepe
913 3349 1062 3436 prodesse
1076 3349 1208 3436 possinl.
1233 3348 1268 3415 ln
1288 3350 1350 3434 53.

162 3455 272 3522 oditur
296 3454 516 3538 reproperata,
548 3454 743 3545 (describam
776 3453 929 3542 paucula,
964 3464 999 3521 ut
1031 3455 1137 3542 quivis
1165 3453 1213 3522 rel
1237 3475 1275 3521 ex
1301 3454 1352 3520 bis

162 3561 270 3629 uideat
300 3583 353 3628 rue
382 3583 444 3628 non
477 3563 587 3649 inique
611 3561 650 3628 de
683 3563 744 3627 isto
776 3570 808 3629 et
840 3563 938 3628 nimis
966 3559 1177 3629 inclementer
1206 3559 1351 3647 dixisse).

132 3668 276 3748 ·Βαβαθ
306 3673 360 3734 σοῦ
390 3669 658 3752 ύναφνσύμανος,
689 3672 728 3742 or
758 3670 817 3742 rulo
851 3669 987 3752 νεφθλαο
1018 3669 1167 3752 θιέςρεφε.
1214 3667 1353 3750 Ζεφύρου

162 3775 227 3858 γαρ
268 3773 460 3849 ἕσισνθονσοσ
495 3773 614 3856 λούβρον
656 3775 708 3840 καὶ
744 3783 808 3850 σοῖο
844 3775 980 3853 κύμασιν
1021 3773 1212 3857 ε’σοιθθζονσοο
1246 3774 1354 3857 βορέην

163 3881 234 3964 ύρσι
266 3882 328 3949 sirei
357 3882 412 3956 rire
443 3881 635 3963 Προποντίδα
667 3881 829 3958 κεκίνηκας
864 3884 904 3956 oie
938 3883 989 3949 διὰ
1021 3881 1125 3950 senar
1157 3883 1190 3948 oti
1223 3880 1353 3954 taedere

165 3988 223 4078 (ἐς)
248 3989 300 4055 σθν
329 3986 472 4065 Εὔξεινον
504 3987 611 4054 σθνσον
643 3988 821 4068 οἰχήσονται
856 3989 1059 4074 (agnoscisne
1084 3987 1354 4073 Constantinopo-

163 4093 301 4162 litanum
314 4094 341 4179 ll
382 4099 441 4161 σύν
481 4093 627 4172 medeor
663 4094 930 4161 transscenderet
969 4095 1002 4161 ἐκ
1051 4097 1105 4160 σού
1145 4096 1354 4178 φυσήματος,

164 4197 233 4269 θσον
257 4200 371 4279 οθδκρια
393 4208 457 4275 σοῖς
489 4199 803 4280 reuertentem,
834 4198 927 4272 σθσοι
950 4200 1152 4283 κορκορνγμθθ
1175 4201 1227 4266 καὶ
1251 4198 1356 4276 κλθνος

164 4310 220 4385 σὺν
248 4307 369 4389 γαςθρα
402 4329 455 4373 σον
487 4305 713 4387 σννεσύρασσεθ
756 4307 792 4372 lu
825 4304 877 4371 his
914 4306 1117 4388 κορκορνγμθς
1154 4315 1265 4372 nalum
1308 4307 1358 4374 est

165 4412 348 4481 scribarum
382 4411 577 4499 negligentia
609 4431 672 4479 non
704 4413 783 4478 satis
815 4409 988 4499 diligenter
1010 4438 1030 4480 κ
1053 4421 1086 4479 et
1107 4411 1132 4492 β
1156 4411 1355 4498 distinguen·

166 4520 263 4589 tium.
312 4517 378 4588 liae
400 4517 562 4587 litterulae
594 4519 628 4586 in
661 4517 827 4587 codicibus
859 4518 980 4587 saeculi
1015 4517 1059 4597 ll,
1083 4517 1128 4586 lli
1150 4527 1184 4586 et
1208 4517 1270 4585 llll
1289 4525 1355 4584 tam
