3208 4972
735 357 807 432 211

175 577 252 631 συν,
277 557 314 629 ως
335 557 531 634 πολεμήσων.
568 553 795 643 Exemplorum
817 555 939 623 affatim
961 563 1011 623 est
1027 554 1111 644 apud
1132 575 1252 632 omnes,
1272 575 1366 624 nenio

174 663 286 726 eontra
305 663 362 739 ως,
387 657 468 736 ίπωα
492 668 547 728 aut
568 660 673 729 simile
695 661 772 749 quid
793 682 868 730 cum
889 661 1172 745 παρασκευάζομαι
1197 663 1365 730 coniunxit

175 784 343 852 umquam.
392 765 476 848 Quid
508 768 609 854 igitur
646 767 733 836 atiud
778 768 926 836 Lucrinus
957 768 1099 836 scribere
1129 769 1233 855 potuit
1265 788 1361 854 quiam

173 873 213 944 ὣς
243 871 494 951 ἐπιβαλούνσωνί
527 871 617 939 scioii
648 872 687 939 ad
712 883 843 961 captum
869 893 966 941 suum
990 882 1203 942 correxerunt
1226 872 1362 941 scilicet.

174 977 211 1044 ln
236 979 329 1062 §ao
351 981 396 1058 μη
421 979 435 1044 t
454 987 538 1050 σῖτος
560 978 659 1063 φίειρί
683 978 774 1064 ζέση,
800 980 892 1047 nibiii
916 980 1069 1068 estquod
1090 981 1253 1048 Biannos
1277 999 1365 1047 rece·

175 1084 222 1170 pit
242 1084 391 1167 φθειρίζη.
413 1081 617 1168 φίσιρίζεσίαι
640 1094 690 1152 est
708 1086 876 1166 οίναλίγειν
897 1086 967 1161 ποὺς
987 1088 1115 1170 φίεῖρας
1137 1085 1190 1153 καί
1214 1087 1365 1168 οίναιρεῖν,

174 1187 230 1255 bic
261 1187 351 1256 loeus
383 1189 524 1276 requirit
551 1191 670 1274 φθειρσί
699 1189 781 1276 ζέση.
829 1192 863 1259 in
898 1196 915 1276 §
942 1195 997 1258 32.
1027 1193 1063 1258 ri
1098 1195 1142 1272 μίη
1177 1195 1231 1259 ποῦ
1267 1194 1362 1260 αὐτοῦ

173 1294 250 1362 οίνον
270 1295 450 1376 συμπίνειν,
476 1315 533 1382 pro
557 1297 720 1377 συμπίνειν
739 1297 934 1363 correxerim
962 1299 1033 1378 ὑμῖν
1052 1298 1158 1365 πίνειν.
1207 1297 1286 1383 ins
1310 1303 1362 1371 to.

173 1400 330 1468 ίσοδίαιποι
354 1402 525 1475 καίεςῶπες
554 1405 593 1475 νίς
617 1401 656 1468 ἂν
678 1403 756 1481 μηδὲ
779 1402 831 1470 σὸν
855 1403 1018 1479 συνδαίπην
1042 1405 1136 1471 acvb
1159 1402 1369 1471 αίπιοίσασίαί

172 1531 215 1575 rr.
252 1506 423 1584 Συυδαίπηρ
453 1527 492 1574 cx
516 1505 709 1574 Graecitatis
738 1527 816 1594 gaza
841 1507 1058 1576 obiiciendum
1082 1517 1142 1576 est.
1191 1509 1303 1577 Scribe
1325 1513 1364 1585 ὡς

172 1612 213 1680 ἂν
235 1613 314 1693 μηδὲ
334 1616 386 1681 σίν
408 1613 578 1690 Ἰσοδαίτην
601 1613 705 1680 cocti.
754 1615 922 1690 Ἰσοδαίπης
948 1622 998 1681 est
1021 1614 1135 1694 ξενικίς
1156 1639 1204 1688 σος
1228 1613 1362 1693 δαίμων,

173 1715 262 1800 cirri
292 1719 415 1799 δημώδη
446 1719 564 1798 γύναια
594 1720 646 1786 καί
678 1722 723 1800 μίρ
748 1719 829 1787 ποίνυ
852 1721 1008 1788 σπουδαῖα
1031 1720 1148 1796 ε’πίλει,
1173 1729 1255 1787 teste
1281 1720 1365 1787 Ηλλ-

174 1817 365 1892 muneribus.
401 1824 446 1892 Ne
464 1824 559 1910 iunge
579 1827 770 1893 arcessitum
796 1827 856 1894 boc
878 1847 997 1894 numen
1020 1837 1114 1915 putes
1135 1827 1255 1914 inspice
1277 1832 1363 1913 §52

220 1931 256 1998 iu
280 1931 480 2019 lepidissimo
509 1931 653 1998 Οοωυίνίο
685 1954 739 1998 seu
768 1932 914 2020 Lapithis
939 1939 1000 2012 71,
1027 1938 1058 1999 7.
1080 1935 1159 2001 πολὺ
1183 1933 1218 1999 πὸ
1242 1932 1367 2013 κίσμιον

173 2037 364 2120 ἐπιφαίνων,
402 2035 508 2104 scribe
543 2036 703 2118 ἐμφαίνων
742 2045 775 2103 et
807 2041 880 2125 §ib
912 2039 938 2106 εί
972 2039 1024 2105 καί
1054 2039 1150 2120 μηδὲν
1181 2036 1279 2122 ἕτερον
1309 2060 1367 2127 pro

173 2143 269 2223 μηδέν
299 2167 341 2209 τι.
388 2142 425 2210 in
460 2146 477 2228 §
508 2147 557 2208 lo.
601 2143 800 2222 ἔμελοίσαπε,
831 2141 856 2209 -ὦ
888 2143 1098 2225 καίοίρμαπα,
1128 2147 1153 2213 εί
1187 2155 1226 2230 πῇ
1259 2146 1367 2231 νύμφη

172 2247 318 2332 προῦπιον
342 2249 391 2315 ἐπὶ
415 2254 470 2316 ποῦ
496 2247 640 2330 νίμεπίροω
664 2249 729 2314 troo
749 2253 804 2314 ποῦ
828 2251 1024 2331 Ἡρακλέους.
1071 2251 1138 2318 Nisi
1167 2251 1246 2318 hoec
1265 2253 1365 2340 scrip·

175 2360 249 2420 tura
273 2353 498 2422 emendabitur
517 2353 690 2420 sollertiam
717 2363 747 2421 ct
772 2374 909 2422 acumen
934 2357 1121 2424 criticorum
1148 2357 1255 2424 vincet
1279 2360 1365 2425 uiuo·

175 2479 233 2527 rus
250 2461 446 2538 monachus,
472 2460 527 2546 qui
547 2458 589 2526 ad
608 2459 723 2538 uerba,
746 2480 829 2547 quae
848 2461 944 2550 paulu
957 2469 1032 2529 ante
1049 2461 1221 2548 teguntur,
1234 2465 1366 2546 προπίνω

174 2590 220 2634 σοι
251 2566 437 2649 Ἡρακλέους
470 2564 667 2649 οίρχηρνέσον,
707 2566 803 2631 nimis
838 2566 980 2655 lepidum
1017 2567 1158 2635 scboiion
1193 2568 1367 2658 adscripsit

176 2671 290 2739 hocce:
315 2671 423 2739 σκίπει
445 2673 502 2749 rin
522 2671 678 2750 σύνταξιν.
703 2675 877 2754 προπίνω
902 2698 958 2741 σοι
980 2674 1224 2755 Ἡρακλέους
1244 2678 1367 2758 οίρχη·

175 2777 316 2858 μέσον,
340 2775 355 2844 ὃ
379 2782 429 2845 νῦν
452 2778 633 2859 cyprinum
654 2778 775 2861 φαμέν·
800 2780 857 2853 είς
881 2781 951 2856 rim
975 2781 1198 2863 πρεσβείαν
1219 2782 1366 2860 raideri

175 2887 231 2958 είς
267 2886 333 2960 πίον
366 2882 536 2963 ὑγίειαν.
567 2885 616 2952 dai
649 2884 712 2966 γὰρ
743 2883 868 2963 λέγειν·
900 2887 1071 2968 προπίνω
1106 2910 1163 2952 σοι
1197 2894 1264 2962 πῆς
1298 2896 1366 2964 σιῑς

176 2989 334 3070 ὑγιείας
367 2989 384 3066 ἢ
414 2989 588 3072 προπίνω
618 2988 825 3070 βασιλίωρ
850 2991 1034 3072 μεγάλου
1067 2992 1083 3070 ἢ
1108 2993 1283 3074 προπίνω
1309 3019 1365 3062 σοι

175 3097 337 3177 Μαρίας
363 3104 428 3172 πῆς
458 3094 642 3162 terrimo
672 3096 724 3162 καί
753 3096 803 3162 ἐπί
825 3103 886 3163 πῶν
907 3097 1013 3164 ἄλλων
1037 3096 1157 3177 δμοίως.
1207 3099 1361 3168 Facetum

176 3209 225 3268 est
248 3200 409 3286 imprimis
428 3209 460 3267 et
485 3199 548 3266 iiiis
570 3199 767 3288 temporibus
787 3221 824 3268 ac
848 3202 991 3269 moribus
1008 3200 1143 3290 dignum
1165 3202 1296 3287 προπίνω
1319 3229 1363 3273 σοι

175 3306 301 3388 Μαρίας
325 3314 382 3383 τῆς
405 3305 552 3374 ίσοπίκου.
600 3305 667 3373 Νοιι
699 3315 792 3373 teneo
826 3327 895 3386 ιιιο,
926 3308 1005 3394 quin
1038 3308 1221 3377 adscribam
1255 3310 1366 3378 Soram

176 3412 430 3479 annotationem:
480 3411 587 3499 =chi
631 3421 756 3490 autem,
804 3414 928 3500 iuquit,
977 3415 1005 3480 σι’
1049 3436 1183 3503 coquum
1231 3427 1369 3485 moratur

176 3517 329 3586 οσίιοίίυιιι
362 3518 444 3604 qnod
478 3518 519 3584 οιί
554 3518 630 3584 boec
664 3519 758 3584 uerba
793 3519 962 3586 ιιιοιισοίίοιο
997 3521 1082 3586 baud
1116 3521 1209 3588 dubie
1242 3523 1367 3591 vinosus

175 3623 360 3711 adscripsit,
406 3624 489 3690 unde
531 3623 634 3690 disces
682 3624 722 3690 ab
767 3625 808 3690 iis
853 3625 1020 3692 sanitatem
1067 3625 1181 3692 Boutae
1235 3629 1368 3717 νίνρίιιίο

176 3738 300 3796 circaue
338 3730 442 3815 poturi
483 3729 618 3796 solitum.
670 3728 750 3806 Qum
794 3752 856 3796 non
903 3730 1035 3796 ebrietur
1082 3731 1250 3818 deripiunt!
1293 3746 1367 3822 quot

177 3832 301 3900 bibendi
339 3834 539 3901 incitamento
578 3835 797 3922 ηωυυικολίιιιί
839 3835 933 3901 Solus
977 3839 1211 3923 praesentium,
1258 3841 1366 3909 uiren-

177 3939 276 4018 tinm,
308 3941 500 4020 amicorum,
533 3941 724 4020 canicorum,
758 3950 984 4025 patronorum,
1026 3953 1055 4009 ct
1094 3945 1178 4031 apud
1212 3969 1268 4013 nor
1305 3948 1367 4016 An·

175 4044 246 4133 ρίου
269 4044 389 4132 Rapum
421 4045 643 4133 Εσοίσείοορυο
672 4047 782 4132 ipsius.
833 4046 934 4114 Pudet
965 4049 1044 4116 baec
1074 4051 1244 4138 opprobria
1277 4055 1368 4125 nobis

176 4161 234 4217 etc.
283 4150 351 4218 Ηοο
374 4151 528 4219 rodolium
558 4173 630 4219 cum
660 4152 735 4219 oiim
767 4151 915 4220 Praeruii
944 4157 1116 4222 υυλοσοιισίο
1140 4168 1169 4224 ct
1196 4159 1368 4231 eruditione

176 4257 380 4345 omnibusque
413 4258 521 4345 probis
545 4258 687 4324 'artibus
727 4259 854 4326 ίίίιισιιυΙ
897 4261 1002 4327 bermo
1050 4261 1244 4350 Viporuienri
1287 4263 1367 4355 Epi·

175 4385 265 4452 οοορο
288 4364 497 4438 ostenderem,
522 4384 580 4430 nos
610 4384 688 4450 ergo
719 4364 839 4453 inquit,
873 4386 934 4433 non
967 4369 1064 4455 primi
1097 4368 1180 4436 banc
1205 4372 1364 4440 insaniam

177 4469 375 4546 insanimus,
400 4478 433 4537 et
458 4469 680 4556 imprudentes
703 4471 848 4559 exempto
873 4472 1041 4560 sequimur
1066 4473 1234 4543 homiuum
1258 4497 1368 4546 saecu·
