3150 4972
849 387 895 462 ta

272 597 401 668 γῆμαι
426 585 477 652 ἐπὶ
496 589 551 652 σοῦ
571 585 674 668 ἀνδρὸς
694 585 847 665 λέγεται,
871 585 1079 664 γήμασθαι
1100 585 1132 652 δὲ
1157 586 1209 650 ἐπὶ
1233 591 1287 660 τῆς
1303 589 1457 666 γυναικὸς,

274 698 306 761 οὐ
330 693 574 773 γαμηθῆναι,
595 692 649 760 sed
672 702 806 782 peceant
829 693 1015 778 scriptores.
1052 690 1145 778 Apud
1170 691 1369 759 l’nurtnenuu
1389 692 1457 778 legi·

275 809 329 866 lttr
359 799 537 878 γαμηθῆναι
569 800 602 864 in
639 797 753 863 i'ltesoo
785 802 847 876 20,
875 797 971 865 Cicer.
1005 801 1066 876 79,
1100 797 1321 878 γαμησομένην
1353 799 1456 864 Artax.

275 909 336 982 ab,
362 903 555 984 γαμηθείσης
571 905 735 980 Automb,
761 906 958 983 γαμηθεῖσαν
984 903 1069 969 Caes.
1088 911 1124 981 6,
1150 904 1268 970 similia
1292 903 1381 972 alibi.
1426 905 1456 972 In
1554 927 1555 956 ³

275 1011 384 1078 eadem
411 1030 444 1076 re
466 1008 550 1076 alius
571 1017 620 1076 est
640 1010 764 1076 Lucrum
786 1021 817 1077 et
836 1009 1066 1078 Graeculorum
1088 1028 1195 1076 error:
1223 1009 1355 1076 verbum
1380 1012 1457 1099 pris·
1554 1061 1555 1066 ι

275 1138 348 1183 oum
375 1123 406 1183 et
430 1114 505 1181 olim
533 1115 782 1182 intermortuam
809 1117 924 1183 revixit
949 1115 1043 1181 θπνθοι
1063 1117 1130 1182 site
1150 1117 1252 1194 θπθο,
1275 1117 1361 1204 quod
1380 1116 1457 1204 apud

277 1223 428 1290 Houunun
447 1221 608 1307 signifieat
626 1223 823 1303 γεγθμηκα,
847 1221 930 1288 idem
955 1223 986 1287 in
1008 1221 1135 1288 Sorouts
1155 1222 1278 1308 legibus
1302 1224 1459 1301 exstabat,

275 1329 358 1417 quod
390 1339 422 1396 et
454 1329 583 1396 aliunde
615 1337 727 1396 notum
762 1336 794 1396 et
827 1330 989 1414 imprimis
1012 1347 1050 1394 ex
1075 1327 1229 1395 Hrsrunro
1254 1350 1283 1395 r.
1308 1339 1459 1397 Βεινεῑν
1554 1359 1555 1362 “

277 1437 423 1524 (antique
446 1456 504 1523 pro
527 1437 652 1523 βινεῖν);
677 1436 766 1516 παρὰ
790 1435 904 1501 Σόλωνι
928 1435 963 1499 πθ
986 1435 1046 1519 βία
1064 1436 1266 1515 συγγίνεσθαι
1291 1438 1354 1526 (sie
1377 1437 1459 1523 legi,
1554 1483 1555 1492 .

274 1545 309 1609 πθ
331 1544 363 1609 δὲ
386 1543 472 1609 καπθι
495 1543 582 1622 νθμον
607 1547 621 1610 θ
630 1543 767 1618 πθειν;
793 1541 869 1608 bine
893 1542 1057 1628 sequiores
1085 1543 1296 1628 arripuerunt
1320 1541 1388 1610 lere
1407 1543 1459 1608 las·
1554 1559 1555 1600 1

274 1653 345 1716 eivo
380 1669 497 1724 sensu,
532 1669 595 1735 quo
630 1657 661 1715 et
697 1649 847 1715 Lucrinus
878 1645 1014 1713 subinde
1045 1646 1209 1725 abutitur,
1246 1657 1282 1714 ut
1308 1653 1370 1726 17,
1401 1653 1457 1715 ll:

274 1757 392 1836 Τηρεὺς
423 1756 469 1821 δύ’
500 1755 645 1838 diruetur
670 1751 741 1835 ἅμα
773 1753 900 1828 θπνθον;
923 1752 1058 1819 emenda
1080 1751 1186 1819 laeum
1212 1760 1269 1834 56,
1301 1760 1363 1822 la:
1387 1757 1411 1820 oi
1434 1754 1460 1818 δὲ

204 1949 207 1956 Δ
275 1862 321 1930 ἔτι
352 1860 540 1943 γελοιότερον
569 1860 668 1938 ἠξίουν
697 1859 984 1939 μεπαςειλαμένονς
1017 1860 1134 1934 τινας
1163 1867 1221 1927 τῶν
1243 1859 1277 1939 ἐξ
1300 1862 1461 1942 οἰκήματος
1554 1881 1555 1920 t

275 1975 426 2049 γυναικῶν
457 1967 593 2034 κελεύειν
625 1967 717 2032 αὐτὸν
750 1967 895 2056 [συνεῖναι
927 1965 996 2052 καὶ]
1027 1967 1159 2045 θπνθειν,
1184 1967 1286 2032 satius
1310 1969 1377 2034 erit
1398 1965 1462 2034 πινθ
1554 1989 1555 2044 t

275 2095 430 2162 reponere
462 2093 519 2160 pro
549 2073 636 2146 ravair
667 2081 698 2139 et
730 2083 861 2140 συνεῖναι
891 2073 947 2139 καθ
976 2093 1171 2160 expungere.
1220 2073 1340 2140 Eodem
1372 2091 1462 2141 sensu

276 2183 394 2249 lascivo
419 2189 450 2247 et
471 2199 588 2268 spureo
609 2177 839 2246 Graeculorum
862 2181 925 2246 seri
948 2177 1091 2265 nepotes,
1116 2181 1172 2267 qui
1193 2200 1280 2247 nuno
1304 2181 1462 2247 (ἕσασαοοι

274 2289 435 2366 incolunt,
459 2290 563 2367 γάμος
588 2295 620 2352 et
639 2293 757 2366 γαμεῖν
777 2284 932 2353 dicuntur
956 2285 1072 2352 dicere.
1120 2285 1288 2353 Caeterum
1309 2285 1462 2373 quemad·

277 2394 406 2462 modurn
432 2393 579 2460 futurum
600 2399 696 2472 γαμῶ
717 2392 946 2480 propemodum
967 2393 1108 2470 interiit,
1133 2395 1180 2458 sie
1198 2412 1290 2460 rarae
1308 2393 1462 2480 quaedam

275 2501 369 2587 longo
401 2499 569 2566 interuallo
599 2499 683 2586 apud
710 2498 864 2565 Lucrsnuu
896 2507 1068 2585 emergunt
1101 2498 1254 2586 reliquiae
1287 2498 1463 2567 formarum

276 2607 451 2686 similium,
476 2625 559 2694 quae
579 2606 654 2672 olim
679 2605 764 2692 apud
789 2625 901 2672 omnes
924 2616 999 2672 ante
1023 2608 1197 2672 duaxnnnm
1217 2615 1357 2672 mortem
1383 2606 1463 2673 solae

277 2713 439 2800 vigebant.
487 2713 648 2780 Futurum
673 2721 721 2778 est
748 2718 806 2786 tt,
830 2716 870 2776 27
899 2710 951 2777 lin.
974 2711 1055 2790 ὑμῖις
1081 2712 1111 2784 a
1137 2711 1235 2794 αθριον
1260 2716 1462 2794 παμακαλοῖι·

275 2847 352 2903 μεν,
378 2822 405 2887 si
435 2819 513 2908 quid
537 2819 653 2888 scribis
675 2818 869 2885 suboluisset
893 2837 979 2883 nuno
1003 2819 1263 2901 παρεκαλέσαμεν
1283 2817 1463 2905 legeretur,

276 2935 311 2993 ul
336 2926 478 2994 καλέσειν
503 2931 564 3004 dd,
594 2929 643 2992 19.
669 2923 920 3007 προσκαλέσομαι
950 2928 1012 3004 47,
1038 2928 1068 2991 9.
1093 2926 1231 2992 τελέσειν
1254 2930 1316 3003 67,
1348 2933 1410 3004 ll,
1435 2927 1470 3018 ²¹.

276 3032 471 3098 ὑποτελέσειν
502 3036 563 3108 41,
596 3037 648 3097 stt.
673 3030 873 3098 οὶποπελέσειν
908 3035 967 3110 60,
995 3033 1046 3096 11.
1072 3031 1195 3098 ἐλάσειν
1219 3035 1281 3110 66,
1307 3037 1371 3099 55.
1392 3053 1465 3113 rap·

275 3139 398 3204 ελοθσειν
421 3142 482 3215 ib,
508 3141 562 3202 bb.
584 3137 827 3216 διασκεδάσομεν
843 3142 903 3216 67,
925 3142 959 3215 9,
982 3144 1012 3204 6.
1033 3137 1192 3204 οθπολέσιον
1216 3141 1277 3215 42,
1304 3143 1359 3204 53.
1381 3135 1464 3204 alibi.

276 3245 328 3310 Bis
352 3245 384 3308 in
417 3242 526 3308 eodem
560 3243 655 3310 verbo
688 3254 854 3330 peecatum
887 3253 936 3310 est
960 3247 1022 3322 46,
1051 3249 1109 3311 51:
1135 3246 1224 3323 κοθγὼ
1251 3244 1332 3310 οὐδέν
1358 3249 1465 3311 πισοῦ

275 3350 552 3433 παρακαλέσαντος
578 3351 620 3423 εἷς
645 3357 732 3416 τοῦτο
757 3349 912 3429 δεόμενος,
939 3349 991 3415 ubi
1012 3359 1100 3416 certa
1121 3348 1171 3416 lex
1193 3350 1353 3416 sermonis
1380 3349 1466 3416 iubet

275 3458 420 3524 loturum
453 3475 587 3542 ponere:
619 3461 674 3522 ποῦ
705 3461 959 3539 παρακαλοῦντος
996 3458 1173 3543 genuinum
1206 3477 1274 3522 esse
1306 3456 1463 3534 arbitror,

275 3563 359 3650 quod
383 3563 522 3651 primum
553 3565 584 3627 in
620 3564 889 3645 παρακαλέοονπος
920 3562 1053 3640 abierit,
1086 3561 1200 3629 deinde
1233 3563 1264 3626 in
1294 3563 1465 3629 aoristum.

274 3671 309 3738 ln
336 3670 448 3738 multis
480 3669 593 3736 borum
627 3690 745 3756 anceps
776 3677 809 3735 et
841 3667 990 3755 ambigua
1023 3689 1075 3736 res
1105 3678 1154 3734 est
1186 3676 1329 3736 statuere
1355 3677 1466 3735 utrum

275 3777 414 3863 scriptor
447 3778 514 3863 ipse
548 3796 588 3842 an
623 3775 748 3842 scribae
781 3783 812 3841 et
836 3775 926 3840 scioli
950 3773 1107 3862 arguendi
1137 3776 1220 3840 sint:
1243 3775 1277 3839 in
1302 3773 1468 3840 nonnullis

276 3901 451 3967 numquam
487 3881 519 3947 id
551 3883 630 3948 satis
661 3891 750 3949 certo
783 3880 903 3948 indieio
937 3883 1053 3970 poterit
1085 3879 1231 3956 deliniri;
1264 3881 1323 3948 boo
1352 3883 1468 3969 utique

275 3989 306 4053 in
335 3987 483 4066 buntaro,
516 3998 551 4054 ut
583 3989 614 4053 in
641 3990 850 4066 lantrannus,
878 3999 912 4055 ut
937 3998 1044 4076 postea
1069 3990 1101 4053 in
1127 3987 1218 4066 aliis,
1243 3988 1321 4054 satis
1347 3985 1471 4054 habebo

276 4093 408 4171 vicisse,
442 4113 503 4158 non
534 4096 641 4159 omnia
674 4094 861 4181 imputanda
895 4115 963 4161 esse
990 4104 1164 4180 utcumque
1188 4093 1278 4160 ioeda
1301 4101 1333 4159 et
1360 4093 1470 4180 turpia

275 4201 354 4264 vitia
380 4201 546 4265 bominum
573 4209 819 4288 temporumque
841 4201 985 4278 iniuriis,
1012 4201 1067 4268 sed
1090 4200 1202 4266 bonam
1230 4207 1353 4286 partem
1378 4200 1470 4264 uitio·
1554 4231 1555 4280 p

274 4328 349 4374 rum
381 4315 487 4372 natam
522 4327 591 4372 esse
626 4306 822 4393 negligentia
855 4326 963 4373 eorum
999 4307 1163 4393 ipsorum,
1198 4306 1251 4392 qui
1285 4323 1470 4371 sermonem

275 4423 438 4492 veterem,
464 4433 558 4498 quem
587 4412 625 4478 ad
651 4415 805 4480 amussim
828 4411 1016 4498 satagebant
1041 4411 1180 4490 reierre,
1214 4411 1383 4477 nonsatis
1410 4412 1471 4499 ipsi
1554 4409 1555 4466 l

278 4520 450 4600 tenebant,
478 4527 601 4586 utnon
634 4521 762 4608 saepius
794 4518 930 4586 ridicule
954 4529 986 4587 et
1014 4521 1154 4608 turpiter
1179 4517 1472 4587 balluoinarentur.
