3150 4972
679 377 747 448 111

114 575 205 648 γοῖος
233 570 398 650 Ἀθμονεὺς
428 568 490 649 ἐγώ
514 579 570 637 aut
594 573 608 637 d
633 572 791 654 Φαληρεὺς
814 569 899 648 οὗτος
923 573 1151 657 Ἀπολλόδωρος
1176 593 1214 640 er
1237 571 1308 639 Ant·

115 695 265 741 snoruurur
297 683 329 741 et
355 677 502 742 Patruus.
550 677 585 742 in
611 676 862 744 Acdoroeuu'dos
887 698 933 744 us.
960 684 1036 746 405.

389 782 588 858 Δικαιόπολις
613 791 708 849 κιιλεῒ
725 808 760 849 σε
783 785 949 862 Χολλείδης
975 787 1035 865 ἐγώ

116 908 175 954 uon
216 895 342 954 tautum
377 891 407 953 c·
437 890 450 953 ὅ
483 889 649 964 Χολλείδης
680 890 919 976 reponendum,
953 891 1037 978 quod
1070 890 1137 958 leue
1161 899 1227 966 est,
1254 890 1308 957 sed

116 1002 211 1080 turpe
236 994 351 1059 uitium
376 994 582 1061 eximendum
610 997 749 1082 reposito
772 1004 858 1062 κολῶ
885 1018 941 1084 pro
965 1007 1067 1065 καλεῖ.
1103 997 1211 1064 Etiam
1233 995 1309 1061 alibi
1410 1021 1415 1034 ·

116 1119 209 1186 saepe
243 1101 416 1179 Lucrinus,
448 1119 542 1186 saepe
573 1101 723 1187 aequales
755 1123 807 1168 res
832 1103 967 1182 Atticos,
993 1123 1115 1183 mores,
1141 1103 1309 1180 instituta,

117 1205 221 1292 leges,
245 1205 341 1272 verba
366 1205 509 1292 legitima
535 1226 595 1272 ooo
617 1209 697 1273 satis
717 1207 889 1294 diligenter
911 1209 1074 1288 releruut,
1100 1208 1227 1276 diuersa
1249 1209 1309 1275 mi-

117 1319 224 1390 scent,
248 1311 351 1377 aliena
377 1311 575 1390 admiscent,
599 1313 684 1399 quod
710 1311 793 1379 inlra
815 1313 994 1382 ostendam.

159 1417 209 1484 Ex
242 1419 451 1484 dnisrorauue
482 1429 514 1484 et
538 1418 650 1484 Atticis
674 1438 737 1484 nou
763 1427 812 1484 est
836 1417 965 1488 difficile
989 1441 1127 1508 arguere
1150 1430 1308 1488 correcto·

119 1542 190 1590 rum
218 1526 433 1590 teineritatem
461 1528 521 1603 20,
546 1529 578 1592 9.
604 1525 686 1591 odiu
711 1525 845 1591 ἐντοῦδιι
871 1525 965 1612 (μόνον
989 1525 1052 1609 γιὶρ
1071 1527 1177 1614 ἐσμεν)
1199 1529 1308 1603 lordono

118 1629 320 1708 ἀναμνησθεὶς
351 1625 374 1695 ἃ
406 1627 547 1713 πρότερον
578 1627 658 1698 εἶδον
690 1635 834 1697 octoduro
857 1669 920 1710 -,
945 1633 1053 1712 βούλει
1077 1639 1127 1715 Φῶ
1150 1636 1241 1710 olum
1269 1632 1309 1698 ab

119 1735 213 1801 exilio
236 1733 449 1802 reuocandum
475 1738 562 1804 ciro)
587 1737 651 1820 γάρ
670 1739 785 1826 ἐσμεν,
808 1739 936 1804 remotio
958 1739 1087 1806 arbitris
1111 1741 1193 1826 quod
1215 1740 1307 1806 scuti-

120 1861 186 1906 mus
209 1840 280 1908 licet
304 1841 402 1906 libere
425 1841 545 1922 dicere,
569 1853 643 1909 nota
667 1842 805 1922 locutio,
827 1845 859 1908 in
880 1863 944 1930 qua
964 1844 1088 1910 librarii
1110 1845 1243 1912 turbare
1256 1865 1308 1912 so·

122 1943 184 2011 lent
209 1953 240 2011 et
264 1966 358 2012 suum
384 1946 464 2026 μόνω
491 1958 547 2015 aut
570 1951 654 2029 μόνοι
673 1948 790 2016 addere
809 1958 866 2016 aut
883 1950 1097 2028 substituere,
1119 1951 1203 2038 quod
1222 1951 1307 2039 apud

122 2059 243 2118 ueteres
266 2051 329 2118 alio
352 2073 449 2120 sensu
474 2053 610 2121 dicitur:
637 2057 774 2122 oliorum
796 2055 918 2122 cosilio
941 2057 1081 2123 destituti
1103 2079 1221 2124 mmor.
1254 2057 1307 2124 lu-

122 2157 230 2242 spiuile
263 2163 303 2236 8,
339 2164 400 2240 10,
432 2165 462 2226 2.
496 2162 583 2228 edroi
619 2163 682 2245 γὰρ
705 2165 794 2241 ἡμεῖς
818 2163 930 2242 ἐσμέν,
957 2162 1037 2229 bona
1062 2184 1137 2251 pars
1158 2163 1306 2231 codicum

121 2271 222 2330 seruat
250 2265 334 2342 μόνοι
368 2267 431 2348 γὰρ
463 2269 552 2345 ἡμεῖς
582 2269 693 2346 ἐσμέν,
724 2266 809 2353 quod
843 2278 929 2334 reete
962 2268 1122 2335 abiectum
1154 2279 1224 2346 est;
1251 2269 1307 2336 sed

121 2387 182 2435 uua
205 2368 308 2437 luerat
334 2371 551 2439 abiiciendum
574 2377 662 2453 ἡμεῖς
687 2374 763 2439 item
790 2372 830 2438 ab
853 2372 907 2439 illo
925 2373 1124 2462 adscriptum
1146 2377 1202 2462 qui
1218 2376 1308 2444 edroi

122 2474 218 2541 solum
251 2497 312 2542 uon
343 2482 423 2544 satis
446 2478 603 2566 capiebat.
651 2479 687 2544 lu
715 2479 862 2546 Pnurours
886 2481 941 2566 qui
966 2479 1070 2547 lentur
1094 2481 1256 2548 Alcibiade
1278 2483 1304 2550 1.

123 2599 151 2664 p.
177 2586 248 2648 118.
273 2583 307 2649 Β.
329 2584 411 2650 male
427 2584 548 2671 legitur
563 2583 721 2664 ὀνομάζειν
737 2585 794 2664 μὲν
813 2585 907 2665 ὀκνῶ,
929 2583 1010 2666 ὅμως
1030 2587 1083 2667 δὲ,
1109 2586 1303 2667 trasalpine

123 2686 222 2766 εἰμέν,
244 2689 356 2773 ῥητέον.
405 2690 646 2779 Cuiuscumque
670 2689 799 2757 tandem
825 2691 883 2757 hoe
903 2695 1063 2778 scriptum
1087 2702 1157 2773 est,
1178 2693 1305 2760 vivebat

123 2801 228 2858 auctor
251 2795 304 2862 illa
327 2806 432 2864 aetate
454 2817 555 2885 quum
580 2817 691 2864 omnes
715 2817 752 2862 eo
777 2817 874 2864 sensu
898 2797 1002 2872 ἐπειδὴ
1026 2799 1116 2864 οὗτοί
1139 2799 1232 2877 ἐσμεν
1256 2797 1304 2864 di-

124 2896 240 2967 cebant.
287 2901 349 2982 Qui
380 2903 569 2969 etiamnunc
599 2901 693 2968 multi
725 2902 828 2989 ipsius
861 2903 1008 2969 Pmroms
1037 2902 1202 2988 dialogum
1235 2923 1304 2970 esse

123 3007 322 3096 suspicantur
352 3007 483 3075 uideant
506 3029 546 3074 an
573 3009 731 3074 Prarourrr
755 3009 898 3076 scribere
923 3011 1062 3096 potuisse
1088 3012 1211 3096 possint
1234 3030 1304 3077 ore-

123 3105 192 3177 dere
214 3113 295 3200 quod
322 3113 441 3200 legitur
464 3134 493 3201 p.
524 3119 584 3180 111
613 3115 647 3179 ὓ.
674 3115 776 3180 incudo
801 3115 833 3181 δέ
856 3139 900 3182 σοι
922 3118 1081 3198 τεκμήριον
1100 3113 1145 3183 ὅτι
1166 3119 1219 3184 οὐκ
1239 3117 1303 3184 ἐπί·

123 3237 227 3284 aaaron
257 3221 323 3286 οὐδὲ
350 3221 515 3303 κρήγυοι
539 3218 720 3286 διδάσκαλοί
743 3223 800 3286 εἱσι
823 3219 937 3288 τούτων
960 3223 1064 3298 ἐπειδὴ
1088 3223 1169 3290 οὐδὲν
1193 3225 1304 3303 δμιλο-

125 3326 221 3397 γοῖισιν
251 3327 374 3402 ἑοιοτοῑς
407 3327 474 3408 περὶ
510 3329 629 3406 οὔτῶν,
667 3325 720 3390 ubi
750 3326 853 3403 ἐπειδή
886 3325 1027 3394 alienum
1052 3337 1101 3394 est
1125 3337 1156 3394 et
1179 3331 1302 3410 κρήγυοι

126 3425 298 3498 ridiculum.
347 3431 492 3498 Alterum
528 3432 684 3498 indicium
721 3429 864 3497 eiusdem
899 3433 1155 3520 interpolationis
1186 3443 1235 3501 est
1269 3436 1301 3501 in

128 3529 262 3603 Patronis
287 3538 507 3626 Euthydemo,
533 3558 604 3626 pag.
631 3542 707 3604 504.
729 3537 1302 3619 Α.μι1λιςοιμὲνιιύτὼιιρὸςοὶλλιὶ·
1352 3617 1364 3628 ‚

127 3649 164 3701 to
192 3643 268 3720 μόνον
300 3644 515 3722 διαλέγεσθον,
548 3646 574 3710 ei
599 3644 632 3710 δὲ
655 3645 717 3724 μὴ,
742 3642 825 3724 εἴπερ
850 3642 948 3710 ἄλλον
972 3668 1024 3712 τον
1049 3645 1200 3724 dococto,
1225 3646 1303 3712 dual-

129 3765 171 3807 λον
190 3748 292 3827 μόνον,
317 3747 348 3823 ὃς
372 3749 412 3816 ἂν
436 3751 507 3829 ὑμῖν
530 3751 598 3833 διδῷ
622 3749 782 3832 ἀργύριον,
810 3748 862 3814 uhi
883 3750 909 3814 sl
929 3750 1009 3828 μόνω
1031 3752 1063 3815 in
1083 3751 1229 3837 margine
1248 3771 1303 3838 ap-

131 3863 270 3933 ponetur,
302 3856 474 3943 pristinam
499 3855 607 3924 sedem
632 3866 665 3922 et
687 3857 806 3922 iustam
833 3857 1001 3941 receperit.
1048 3855 1085 3921 In
1110 3857 1203 3922 Lrsn
1228 3876 1303 3942 quo·

131 3972 183 4038 que
206 3963 260 4038 31,
287 3967 338 4028 17.
356 3963 427 4028 τοτὲ
447 3963 503 4040 μὲν
520 3965 629 4040 οὗτος,
654 3961 760 4042 μόνος,
784 3960 853 4025 τοτὲ
875 3959 901 4024 δ’
922 3961 1030 4043 ἑτέροις
1049 3961 1217 4040 ἡγούμενος
1230 3962 1304 4027 diti-

131 4071 230 4142 genter
251 4066 425 4133 videndum
455 4068 595 4154 possitne
618 4067 707 4148 μόνος
732 4065 866 4132 retineri
890 4086 931 4131 an
956 4067 1064 4133 eodem
1090 4068 1132 4133 sit
1155 4068 1305 4154 ablegan-

131 4161 208 4234 dum.
252 4171 363 4240 dilinis
388 4172 464 4240 huic
485 4175 586 4240 errori
607 4183 656 4241 est
677 4173 780 4250 aliua,
804 4173 898 4238 cuius
917 4173 1137 4260 compluscula
1160 4173 1304 4261 exenrpla

132 4280 210 4341 suut:
233 4275 318 4346 disce
342 4282 449 4346 omnia
474 4300 513 4347 ex
539 4301 601 4348 uno
625 4279 710 4367 apud
736 4279 896 4344 Puurouau
922 4279 953 4344 in
979 4277 1152 4366 Protoporo
1173 4301 1203 4367 p.
1226 4284 1303 4346 316.

133 4384 160 4442 Β.
187 4381 316 4465 πότερον,
347 4383 430 4469 ἔφη,
462 4387 543 4470 μόνῳ
575 4379 757 4467 βουλόμενοι
788 4384 989 4467 διαλεχθῆναι
1021 4385 1113 4462 dccl
1138 4387 1223 4464 pseu
1247 4393 1304 4451 τῶν
