3178 4972
768 285 826 332 VIII

202 452 422 542 elegantioris,
453 477 550 542 quem
581 458 729 522 omnibus
755 456 954 543 praeclarum
977 463 1009 523 et
1032 478 1158 544 prorsus
1181 462 1391 535 necessarium
1416 499 1428 506 „

202 575 387 663 disciplinae
411 577 814 668 Litterariaepraesidium
837 583 869 644 et
892 579 1125 646 adiumentum.
1156 581 1239 647 liliis
1258 582 1393 669 denique

158 769 163 781 ⁴
202 718 252 762 res
271 703 319 762 est
336 697 430 783 plene
450 698 629 764 formidinis
649 705 681 764 et
697 701 902 785 suspicionis,
923 702 979 786 qui
999 697 1154 767 Oriticem
1173 709 1395 791 ertemprope

203 817 337 883 modum
367 819 515 899 oderunt,
548 815 656 886 omnia
683 841 763 906 quoe
793 841 868 888 veru
891 827 923 887 et
946 825 1067 889 sincera
1089 844 1153 890 non
1175 827 1241 890 sint
1262 823 1396 892 lnbelsc-

203 943 344 1018 tnntem,
377 946 410 1006 et
439 963 476 1006 eo
506 962 629 1028 quoquc
659 963 779 1030 magne
808 965 882 1008 cum
912 941 1060 1010 libertate
1091 945 1336 1026 convellentem,
1362 949 1397 1012 in

204 1062 320 1147 quibus
343 1083 444 1129 errare
467 1063 594 1130 malunt
616 1085 712 1150 quem
734 1085 848 1130 uerum
871 1065 988 1132 videre.
1024 1065 1093 1132 Hos
1114 1070 1143 1132 si
1164 1068 1271 1148 sudis,
1285 1065 1396 1134 critici

201 1181 249 1247 nli
281 1185 345 1248 nisi
375 1183 519 1250 difficiles
549 1207 652 1273 nugas
683 1193 797 1274 egunt,
829 1191 862 1252 et
887 1191 925 1252 ut
948 1186 1091 1254 Socrates
1115 1189 1321 1276 Aristophani
1343 1204 1396 1256 ne·

204 1303 366 1370 rrcrclroo
385 1308 481 1388 λήρων
502 1308 597 1389 ἱερεύς
617 1308 811 1395 appelletur,
833 1311 878 1375 sic
897 1311 938 1375 iis
957 1306 1150 1377 criticorum
1167 1332 1260 1398 opere
1271 1312 1399 1380 videtur

203 1431 272 1492 tots
300 1430 420 1494 versari
447 1431 530 1494 clrce
559 1432 701 1518 argutiae
732 1434 800 1496 tem
822 1430 955 1496 subtiles
978 1435 1010 1497 et
1034 1436 1157 1511 tenues,
1183 1453 1280 1519 quem
1302 1435 1398 1498 inuti·

203 1546 250 1614 les
280 1554 312 1614 et
341 1551 465 1616 otiosas.
502 1549 685 1630 Queruntur
706 1552 804 1616 multi
825 1557 882 1617 eut
903 1552 1112 1640 indignentur
1134 1552 1231 1620 fidem
1252 1559 1399 1622 veterum

205 1677 487 1737 monumentorum
516 1674 621 1758 sperni
652 1680 687 1738 et¹
714 1694 770 1759 pro
800 1673 901 1739 nihilo
931 1674 1021 1754 duci,
1047 1676 1163 1761 quibus
1186 1678 1214 1742 si
1237 1677 1315 1743 stari
1336 1695 1399 1742 non

205 1795 306 1878 possit
331 1793 414 1858 nihil
444 1815 509 1860 esse
532 1796 610 1860 setis
632 1801 773 1861 certum:
798 1798 905 1862 omniu
927 1799 1068 1864 revocari
1091 1797 1131 1863 ud
1152 1818 1327 1883 paucorum
1351 1817 1398 1862 er-

205 1913 341 1979 bitrium
370 1921 402 1981 et
430 1914 599 1994 libidinem
624 1917 781 2003 quidlibet
804 1918 1010 1996 addentium,
1035 1919 1250 1999 dementium,
1272 1924 1399 1986 muten-

204 2037 304 2102 tium:
327 2058 391 2102 non
412 2038 472 2104 hoc
494 2038 671 2127 egendum,
696 2038 752 2104 sed
769 2039 1004 2126 interpretando
1021 2042 1129 2127 potius
1150 2039 1235 2106 locos
1255 2039 1398 2106 difficIles

204 2163 236 2223 et
265 2160 429 2225 intricatos
459 2160 606 2245 expedire
636 2165 794 2246 oportere,
824 2182 888 2227 non
918 2166 1037 2227 temere
1066 2162 1235 2228 rescribere
1257 2161 1293 2227 id
1315 2159 1398 2248 quod

203 2282 419 2366 unusquisque
442 2280 531 2346 nullo
554 2283 683 2368 negotio
706 2280 878 2369 intelligat.
1291 2267 1294 2274 ¹

248 2401 321 2468 Non
339 2408 413 2470 sunt
431 2403 492 2469 hee
510 2404 672 2488 opiniones
690 2405 858 2488 imperitae
876 2401 1097 2469 multitudinis
1117 2407 1245 2470 tantum
1260 2408 1293 2470 et
1304 2401 1399 2492 uulgi

204 2529 350 2594 omnium
380 2547 486 2590 rerum
516 2527 638 2612 ignari:
670 2524 753 2590 bone
778 2545 851 2611 pers
873 2526 1072 2591 eruditorum
1095 2527 1205 2611 etqui
1228 2525 1307 2592 ulios
1329 2545 1398 2591 eru·

204 2649 296 2714 diunt
320 2653 352 2714 et
372 2650 529 2735 principes
551 2651 585 2713 in
607 2668 672 2733 rep.
696 2649 760 2714 viri
781 2649 816 2713 in
838 2648 949 2714 eodem
972 2649 1129 2734 opinionis
1151 2667 1252 2714 errore
1272 2667 1397 2714 versen-

202 2777 266 2836 tur.
303 2769 411 2852 Quum
441 2775 513 2836 ente
539 2769 598 2835 hos
618 2790 735 2855 paucos
757 2789 854 2835 ennos
878 2770 963 2855 apud
985 2767 1223 2855 amplissimum
1246 2767 1398 2835 Ordinem

203 2893 242 2958 de
273 2891 468 2958 emendenda
498 2895 699 2957 institutione
729 2891 920 2957 Academico
947 2893 1069 2957 mentIo
1100 2893 1217 2957 inlecta
1240 2896 1339 2968 esset,
1366 2893 1398 2954 et

205 3019 365 3080 censerent
386 3011 532 3079 nonnulli
554 3033 616 3077 non
638 3017 758 3077 temere
782 3013 821 3077 od
844 3012 1009 3078 Lectiones
1031 3011 1239 3078 Academicus
1262 3031 1314 3077 eos
1332 3031 1398 3076 esse

205 3134 432 3212 admittendos,
465 3135 521 3221 qui
543 3134 583 3200 ud
604 3135 663 3200 ille
684 3135 791 3200 studio
812 3137 981 3200 immaturi
1003 3140 1036 3200 et
1057 3137 1195 3222 imperes
1217 3133 1398 3199 accederent

205 3259 303 3346 (quod
332 3279 429 3342 quem
456 3256 581 3322 salubre
603 3261 636 3321 et
658 3255 850 3343 frugiferum
874 3258 916 3322 sit
938 3277 991 3322 me
1014 3257 1143 3342 quidem
1165 3275 1243 3320 usus
1265 3254 1396 3332 docuit),

203 3381 408 3448 vehementer
437 3380 561 3445 obstitIt
591 3380 642 3444 vir
670 3399 728 3444 nec
759 3399 831 3443 meo
860 3377 981 3444 iudicio
1010 3378 1129 3445 stultus
1160 3385 1192 3443 et
1222 3397 1279 3442 suo
1304 3374 1397 3442 uelde

205 3505 329 3590 sepiens
342 3502 378 3579 ¹),
409 3503 464 3587 qui
492 3520 524 3565 se
546 3500 652 3566 iudice
674 3499 886 3566 adolescentes
909 3501 954 3564 sic
977 3501 1054 3565 setis
1076 3505 1202 3585 paratos
1226 3503 1258 3563 et
1275 3499 1398 3584 peritos

206 3647 271 3692 esse
301 3626 385 3689 dixit
392 3672 401 3704 ,
435 3643 592 3709 „namque
619 3621 702 3688 nihil
725 3642 805 3706 opus
826 3642 892 3687 esse
915 3626 953 3686 nt
974 3621 1165 3687 Academica
1185 3623 1336 3687 iuventus
1357 3619 1398 3686 cd

206 3744 360 3813 Oritioam
402 3745 624 3823 sublimiorem
657 3742 875 3809 informetur.”
921 3741 1039 3808 MultIs
1072 3745 1162 3809 visus
1195 3746 1243 3807 est
1277 3739 1397 3827 aliquid

206 3870 339 3948 dixisse,
371 3868 488 3954 quibus
517 3872 549 3932 et
572 3887 621 3932 res
650 3871 683 3931 et
705 3885 821 3930 nomen
843 3861 981 3930 Oriticse
1004 3863 1150 3930 odiosum
1172 3870 1237 3942 est,
1260 3883 1398 3948 presser-

205 3995 267 4058 tim
307 3983 512 4057 sublimioris.
552 3985 674 4064 Ceteri,
711 3989 767 4072 qui
799 3987 969 4052 verborum
1003 3987 1195 4052 sententiam
1228 3983 1400 4072 diIigenter

242 4371 266 4434 l)
284 4369 304 4420 I.
322 4367 350 4418 R.
368 4366 533 4416 Tuonnucnn.
