3208 4972
778 351 848 423 226

235 548 378 618 restituit
413 543 589 623 πέπλυται,
622 563 725 632 neque
756 545 926 631 quisquam
959 541 998 610 ad
1025 542 1107 610 lranc
1131 541 1238 612 lucum
1262 541 1425 613 dubitabit

235 673 362 721 mecum
398 651 570 720 emendare
610 652 865 717 Antiatticistann
904 649 1039 716 Βιιιιιιιι
1073 649 1188 716 Anccd.
1225 650 1248 716 l.
1284 671 1314 739 p.
1344 655 1425 729 112,

235 765 290 827 29.
312 759 565 826 πέπαυνται;
597 759 632 823 τὸ
665 753 878 833 πληθυντικόν.
911 757 925 820 d
951 757 1045 829 αὐτὸς
1071 754 1284 846 (Δεινόλοχος)
1311 767 1425 840 Καμιρ-

236 863 440 948 reparante.
466 874 555 930 certa
586 863 769 930 emendatio
792 873 841 930 est
872 861 1059 930 πέπλυνται.
1107 861 1191 944 Quid
1215 872 1324 928 autem
1350 881 1427 930 cau·

237 991 290 1038 sae
311 979 361 1038 est
381 990 440 1036 cur
465 968 635 1036 vehemens
656 971 882 1036 Atticistarum
900 967 1105 1036 adversarius
1124 968 1183 1034 boc
1200 967 1425 1036 annotaverit?

239 1075 359 1162 Nempe
388 1073 499 1142 eadent
532 1075 607 1142 olim
638 1075 723 1160 apud
753 1073 926 1142 Graeculos
961 1075 1179 1140 controuersia
1215 1073 1297 1153 luit,
1330 1093 1426 1160 quarn

239 1183 431 1250 Sceleratus
461 1181 492 1248 ll.
518 1181 549 1247 li.
582 1182 691 1267 attigit
723 1180 762 1248 de
801 1180 914 1246 formis
956 1179 988 1244 in
1027 1203 1127 1258 -νται,
1168 1189 1277 1246 utrum
1314 1199 1428 1248 omnes

239 1287 415 1375 singularis
436 1288 579 1364 numeri,
600 1308 640 1354 ao
660 1284 794 1353 subinde
805 1295 840 1352 et
861 1285 994 1372 pluralis
1015 1297 1134 1352 essent.
1161 1283 1429 1372 Atticistaequod

240 1403 442 1462 renumerat
470 1391 642 1462 docebunt:
674 1393 855 1474 κέκρανται,
886 1391 1066 1474 πέφανται,
1091 1389 1238 1470 ἕξανπαι,
1262 1391 1429 1474 τιέέρμαν·

206 1515 207 1520 ’
240 1525 311 1579 ται,
330 1499 545 1583 παρώξυνται,
565 1498 820 1582 λελάμπρυνται,
846 1497 1057 1579 πεπέρανται,
1083 1497 1296 1577 μιμάλννται,
1321 1497 1432 1581 serpsi·

238 1630 374 1690 χυνται,
413 1605 576 1687 ἐξήρανται
611 1614 644 1672 et
684 1603 804 1670 similia
832 1605 945 1669 ornnia
974 1623 1045 1670 esse
1080 1604 1255 1691 singularis
1292 1605 1432 1672 numeri.

240 1711 434 1800 Obioquitur
453 1713 467 1778 t
487 1711 744 1790 Ἀνταττικιτῆι,
770 1710 802 1776 in
828 1728 892 1796 quo
912 1709 983 1797 plns
1003 1720 1053 1777 est
1070 1710 1264 1778 cruditionis
1284 1711 1325 1800 (si
1343 1711 1431 1777 varia

240 1826 274 1888 et
296 1816 414 1884 dillusa
437 1816 532 1883 lectio
549 1837 587 1884 eo
605 1818 734 1884 nomine
756 1815 1050 1905 dignoscuntur
1074 1814 1186 1882 iudicii
1207 1825 1239 1884 et
1259 1817 1434 1886 acuminis.

242 1923 399 1991 Admovet
417 1930 582 2010 tamquam
605 1922 788 1990 machinam
810 1941 904 1988 suuni
930 1921 1123 1999 πέπλυνται,
1148 1923 1241 2007 quasi
1266 1923 1313 1988 sic
1337 1941 1435 2008 nego·

241 2031 324 2096 tium
349 2027 530 2094 coniectum
554 2037 655 2094 esset:
687 2029 797 2115 atqui,
830 2027 973 2106 oliano,
999 2027 1039 2094 de
1065 2028 1232 2106 πέπαυμαι
1260 2026 1347 2095 nulla
1372 2027 1435 2094 iuit

244 2155 398 2222 umquem
429 2133 609 2210 dubitatio,
635 2153 737 2221 neque
768 2133 807 2200 de
829 2135 915 2215 κρίνα
945 2133 1103 2216 κέκριμαι,
1138 2135 1230 2202 κλΙνιι
1264 2138 1432 2212 κέκλιμαι.

242 2244 328 2311 τεένιι
352 2241 507 2322 πέπαμαι,
530 2240 717 2327 penultimis
737 2241 907 2326 correptis.
933 2239 981 2308 lle
1000 2249 1127 2307 caetera
1147 2240 1239 2327 copia
1259 2238 1433 2308 uerborum

244 2349 276 2416 in
302 2347 389 2416 -αένυ
413 2357 445 2415 et
475 2347 574 2428 -ιένιι,
599 2345 676 2414 cedo
708 2345 787 2416 mihi
810 2365 906 2412 unam
932 2345 1069 2413 icrmana
1100 2346 1132 2412 in
1156 2369 1263 2424 ·αρται
1287 2354 1320 2412 et
1344 2367 1433 2412 υιτιιι

243 2453 327 2543 apud
349 2453 518 2542 probatum
545 2455 752 2539 scriptorem,
776 2471 859 2539 quae
892 2471 955 2518 nou
980 2454 1023 2518 ait
1048 2451 1222 2538 singularis
1246 2452 1374 2518 numeri
1399 2458 1433 2519 et

242 2559 362 2647 aliquid
396 2558 515 2626 dixisse
546 2557 717 2626 videberis.
767 2557 800 2624 si
832 2558 908 2644 quis
932 2559 1019 2626 inter
1041 2556 1212 2642 legendum
1238 2557 1433 2644 compererit

242 2674 367 2734 certum
392 2673 424 2732 et
449 2673 639 2751 perpetuum
661 2683 732 2730 esse
752 2662 837 2729 hunc
856 2681 973 2743 usuro,
999 2683 1094 2750 quern
1117 2660 1335 2741 vindicamus,
1359 2683 1433 2732 cou-

241 2779 364 2839 temnet
388 2777 582 2857 poetastrcs‚
617 2767 791 2838 Graeculos
814 2778 847 2836 et
877 2768 1020 2845 scribas,
1052 2771 1107 2856 qui
1141 2789 1178 2836 ex
1204 2769 1334 2838 inscitia
1356 2789 1433 2836 cou-

242 2876 420 2944 fundebaut
445 2874 513 2941 illas
539 2875 657 2942 lornras
676 2883 732 2940 aut
753 2874 979 2960 depravabant.
1028 2875 1090 2942 ulii
1110 2876 1196 2942 enirn
1223 2873 1378 2961 putabant
1400 2879 1433 2942 in
1477 2863 1480 2868 ¹

243 2984 284 3049 iis
306 2983 340 3048 ri
372 2980 471 3064 τρίτον
502 2980 658 3062 πρόσωπον
681 2987 740 3048 τῶν
770 2981 870 3050 ἑνικῶν
900 2981 1056 3065 ὁμόφωνον
1089 2978 1165 3050 εἶναι
1193 2982 1235 3064 τῷ
1259 2982 1350 3064 τρίτῳ
1373 2987 1433 3047 τῶν

243 3089 448 3166 πληθυντικῶν
472 3089 510 3160 ὥς
539 3087 574 3152 τὸ
605 3087 770 3169 ἐξήρανται
802 3087 855 3152 καὶ
880 3091 1097 3171 κατῄτχννται
1121 3089 1173 3154 καὶ
1197 3084 1257 3154 ὅσα
1281 3091 1431 3161 τοιαῦτα,

244 3203 281 3260 ut
304 3194 349 3258 ait
374 3189 553 3257 Scholiasta
578 3191 617 3258 ad
642 3189 774 3258 Plutum
795 3211 841 3258 vs.
863 3197 939 3261 655.
965 3203 993 3258 el
1022 3191 1080 3258 hoc
1104 3192 1234 3280 quidem
1259 3212 1361 3279 genus
1381 3193 1435 3258 in-

245 3298 376 3364 noxium
396 3306 461 3374 esl;
483 3297 535 3363 alii
557 3297 863 3366 credebantiormas
879 3297 1135 3381 λελάμπρυνται,
1157 3297 1302 3377 ἔξανται,
1321 3300 1435 3377 ἀπιέμ-

243 3405 399 3485 βλννται,
420 3403 649 3484 eriperem,
674 3404 867 3485 βεβαθυνπαι
895 3423 965 3471 usse
992 3405 1132 3490 pluralia
1156 3406 1284 3471 numeri
1311 3415 1345 3470 el
1371 3412 1436 3473 slu-

242 3509 305 3577 lide
331 3509 565 3598 interpolabant
595 3508 679 3574 locos
707 3529 837 3588 ennoea,
873 3508 926 3576 ubi
953 3510 1128 3597 riopuloriu
1151 3531 1221 3576 esse
1244 3518 1436 3599 appareret,

242 3619 338 3686 cuius
359 3618 406 3684 rei
427 3617 556 3702 egregia
580 3614 726 3701 exempla
751 3615 943 3682 Scussranus
965 3614 1112 3702 collegit,
1139 3625 1196 3685 ant
1220 3617 1305 3682 enirn
1332 3615 1437 3682 νιιιί·

244 3723 373 3791 urebant
396 3732 429 3790 et
453 3722 588 3788 barbare
608 3720 792 3788 scribebant
819 3719 1059 3803 λελαμπρυται,
1091 3722 1307 3802 ἀπιέμβλυτι,
1332 3717 1439 3802 βεβα-

243 3831 349 3906 έυται,
375 3837 432 3894 aut
464 3827 645 3894 subiectum
680 3826 844 3913 singulare
868 3847 925 3913 per
950 3828 1013 3894 vim
1040 3829 1071 3894 iu
1100 3828 1224 3916 plurale
1249 3826 1436 3895 rnntabant.

243 3933 407 4016 κέκρανται
427 3933 573 4016 συμφοραὶ
600 3935 632 3998 in
655 3933 799 3998 Ευιιιιιιιι
826 3931 1045 4019 depravarunt
1074 3934 1105 4001 in
1135 3936 1314 4018 συμφοραί,
1344 3941 1376 4000 et
1401 3933 1437 3998 in

243 4041 349 4106 iocoso
374 4037 531 4105 versiculo
555 4038 593 4106 de
617 4038 748 4104 senibus
769 4038 985 4106 amatoribus:

424 4141 463 4212 ὧν
485 4145 579 4228 ἰσχὺς
600 4145 658 4226 μέν
682 4145 913 4227 απιὶμβλιινται
937 4147 1029 4224 θυμὸς
1053 4147 1084 4214 δὲ
1107 4154 1241 4232 μενοινᾷ.

244 4252 357 4318 brnen.
380 4249 448 4318 XV.
482 4272 513 4339 p.
536 4257 600 4318 592
629 4273 659 4318 λ.
685 4251 739 4316 alii
763 4253 977 4332 απιὶμβλυται
1008 4252 1175 4332 scribunt,
1201 4252 1255 4318 alii
1280 4249 1352 4332 ripn,
1376 4247 1437 4316 Eu·

242 4375 385 4422 erasurus
424 4359 510 4440 ιὺραέ
547 4356 653 4431 dedit.
687 4366 722 4422 ut
756 4358 890 4443 pluralis
925 4359 1155 4439 ἀπήμβλυνται
1191 4357 1315 4424 scilicet
1351 4357 1438 4422 ratio

242 4468 414 4529 constaret.
465 4461 584 4530 Verum
619 4462 749 4528 videtur
771 4466 839 4544 cripit
862 4463 920 4542 μέν
939 4464 1181 4544 ἀπήμβλυνται.
1231 4463 1266 4530 in
1296 4461 1442 4550 Odyssea
