<?xml version="1.0" encoding="UTF-8"?>
<!DOCTYPE html PUBLIC "-//W3C//DTD XHTML 1.0 Transitional//EN"
    "http://www.w3.org/TR/xhtml1/DTD/xhtml1-transitional.dtd">
<html xmlns="http://www.w3.org/1999/xhtml" xml:lang="en" lang="en">
 <head>
  <title>
</title>
<meta http-equiv="Content-Type" content="text/html;charset=utf-8" />
  <meta name='ocr-system' content='tesseract 3.04.00' />
  <meta name='ocr-capabilities' content='ocr_page ocr_carea ocr_par ocr_line ocrx_word'/>
</head>
<body>
  <div class='ocr_page' id='page_1' title='image "./variaelectiones04cobegoog_0111.png"; bbox 0 0 3150 4972; ppageno 0'>
   <div class='ocr_carea' id='block_1_1' title="bbox 779 381 824 456">
    <p class='ocr_par' dir='ltr' id='par_1_1' title="bbox 779 381 824 456">
     <span class='ocr_line' id='line_1_1' title="bbox 779 381 824 456; baseline -0.067 0"><span class='ocrx_word' id='word_1_1' title='bbox 779 381 824 456; x_wconf 83' lang='grc'><strong>70</strong></span> 
     </span>
    </p>
   </div>
   <div class='ocr_carea' id='block_1_2' title="bbox 205 573 1399 2360">
    <p class='ocr_par' dir='ltr' id='par_1_2' title="bbox 205 573 1398 983">
     <span class='ocr_line' id='line_1_2' title="bbox 208 573 1397 666; baseline 0.003 -24"><span class='ocrx_word' id='word_1_2' title='bbox 208 573 370 644; x_wconf 77' lang='lat' dir='ltr'><strong>Annoooms</strong></span> <span class='ocrx_word' id='word_1_3' title='bbox 392 598 475 666; x_wconf 88' lang='lat' dir='ltr'><strong>quae</strong></span> <span class='ocrx_word' id='word_1_4' title='bbox 500 577 605 644; x_wconf 81' lang='lat' dir='ltr'><strong>fertur</strong></span> <span class='ocrx_word' id='word_1_5' title='bbox 625 577 770 656; x_wconf 83' lang='lat' dir='ltr'><strong>oratione</strong></span> <span class='ocrx_word' id='word_1_6' title='bbox 792 577 831 643; x_wconf 85' lang='grc' dir='ltr'><strong>ύο</strong></span> <span class='ocrx_word' id='word_1_7' title='bbox 855 577 1025 664; x_wconf 80' lang='lat' dir='ltr'><strong>Mysteriio.</strong></span> <span class='ocrx_word' id='word_1_8' title='bbox 1063 581 1081 664; x_wconf 88' lang='lat'>§</span> <span class='ocrx_word' id='word_1_9' title='bbox 1108 585 1186 646; x_wconf 71' lang='lat' dir='ltr'><strong>tto:</strong></span> <span class='ocrx_word' id='word_1_10' title='bbox 1213 582 1265 648; x_wconf 88' lang='grc' dir='ltr'><strong><em>ύτ’</em></strong></span> <span class='ocrx_word' id='word_1_11' title='bbox 1289 584 1397 648; x_wconf 86' lang='grc' dir='ltr'><strong><em>αύτοῖν</em></strong></span> 
     </span>
     <span class='ocr_line' id='line_1_3' title="bbox 205 682 1398 775; baseline 0.003 -26"><span class='ocrx_word' id='word_1_12' title='bbox 205 683 290 766; x_wconf 73' lang='grc' dir='ltr'><strong>φημὶ</strong></span> <span class='ocrx_word' id='word_1_13' title='bbox 311 692 374 751; x_wconf 88' lang='grc' dir='ltr'><strong><em>τοῖν</em></strong></span> <span class='ocrx_word' id='word_1_14' title='bbox 392 687 467 752; x_wconf 85' lang='grc' dir='ltr'><strong><em>ύεοῖν</em></strong></span> <span class='ocrx_word' id='word_1_15' title='bbox 484 684 650 759; x_wconf 75' lang='grc' dir='ltr'><strong><em>τετῶτύαι,</em></strong></span> <span class='ocrx_word' id='word_1_16' title='bbox 671 682 723 748; x_wconf 89' lang='lat' dir='ltr'><strong>ubi</strong></span> <span class='ocrx_word' id='word_1_17' title='bbox 745 685 873 769; x_wconf 88' lang='lat' dir='ltr'><strong>saepius</strong></span> <span class='ocrx_word' id='word_1_18' title='bbox 892 685 934 749; x_wconf 81' lang='grc' dir='ltr'><strong><em>τύ</em></strong></span> <span class='ocrx_word' id='word_1_19' title='bbox 954 685 1007 750; x_wconf 82' lang='grc' dir='ltr'><strong>ύεύ</strong></span> <span class='ocrx_word' id='word_1_20' title='bbox 1029 683 1146 770; x_wconf 77' lang='lat' dir='ltr'><strong>iegitur</strong></span> <span class='ocrx_word' id='word_1_21' title='bbox 1168 695 1203 751; x_wconf 94' lang='lat' dir='ltr'><strong>ut</strong></span> <span class='ocrx_word' id='word_1_22' title='bbox 1226 687 1258 751; x_wconf 96' lang='lat' dir='ltr'><strong>in</strong></span> <span class='ocrx_word' id='word_1_23' title='bbox 1283 693 1300 775; x_wconf 67' lang='grc' dir='ltr'>ς</span> <span class='ocrx_word' id='word_1_24' title='bbox 1320 694 1398 762; x_wconf 81' lang='grc'><strong>111;</strong></span> 
     </span>
     <span class='ocr_line' id='line_1_4' title="bbox 206 789 1398 876; baseline 0.003 -21"><span class='ocrx_word' id='word_1_25' title='bbox 206 797 270 856; x_wconf 90' lang='grc' dir='ltr'><strong><em>τοῖν</em></strong></span> <span class='ocrx_word' id='word_1_26' title='bbox 299 792 374 858; x_wconf 84' lang='grc' dir='ltr'><strong><em>ύεοῖν</em></strong></span> <span class='ocrx_word' id='word_1_27' title='bbox 404 789 521 857; x_wconf 82' lang='lat' dir='ltr'>ibidem</span> <span class='ocrx_word' id='word_1_28' title='bbox 550 791 651 856; x_wconf 88' lang='lat' dir='ltr'><strong>evasit</strong></span> <span class='ocrx_word' id='word_1_29' title='bbox 687 795 703 876; x_wconf 87' lang='lat'><em>§</em></span> <span class='ocrx_word' id='word_1_30' title='bbox 738 794 797 866; x_wconf 86' lang='grc'><strong>51,</strong></span> <span class='ocrx_word' id='word_1_31' title='bbox 830 794 890 866; x_wconf 77' lang='grc'><strong>52,</strong></span> <span class='ocrx_word' id='word_1_32' title='bbox 923 795 965 856; x_wconf 89' lang='grc'><strong>55</strong></span> <span class='ocrx_word' id='word_1_33' title='bbox 990 799 1051 858; x_wconf 89' lang='lat' dir='ltr'><strong>oet.</strong></span> <span class='ocrx_word' id='word_1_34' title='bbox 1101 791 1141 857; x_wconf 87' lang='grc'><strong>111</strong></span> <span class='ocrx_word' id='word_1_35' title='bbox 1164 791 1294 858; x_wconf 87' lang='lat' dir='ltr'><strong>eaedem</strong></span> <span class='ocrx_word' id='word_1_36' title='bbox 1320 791 1398 858; x_wconf 90' lang='lat' dir='ltr'><strong>deae</strong></span> 
     </span>
     <span class='ocr_line' id='line_1_5' title="bbox 210 893 1056 983; baseline 0.002 -23"><span class='ocrx_word' id='word_1_37' title='bbox 210 895 243 960; x_wconf 92' lang='lat' dir='ltr'><strong>in</strong></span> <span class='ocrx_word' id='word_1_38' title='bbox 272 894 378 983; x_wconf 85' lang='lat' dir='ltr'><strong>Vespis</strong></span> <span class='ocrx_word' id='word_1_39' title='bbox 401 917 447 962; x_wconf 84' lang='lat' dir='ltr'><strong>vs.</strong></span> <span class='ocrx_word' id='word_1_40' title='bbox 467 899 544 962; x_wconf 83' lang='grc'><strong>576.</strong></span> <span class='ocrx_word' id='word_1_41' title='bbox 569 893 814 981; x_wconf 75' lang='lat' dir='ltr'><strong>significantur,</strong></span> <span class='ocrx_word' id='word_1_42' title='bbox 839 895 895 961; x_wconf 86' lang='lat' dir='ltr'><strong>uti</strong></span> <span class='ocrx_word' id='word_1_43' title='bbox 921 895 1056 982; x_wconf 76' lang='lat' dir='ltr'><strong>iegitur:</strong></span> 
     </span>
    </p>

    <p class='ocr_par' dir='ltr' id='par_1_3' title="bbox 478 997 870 1085">
     <span class='ocr_line' id='line_1_6' title="bbox 478 997 870 1085; baseline 0 -17"><span class='ocrx_word' id='word_1_44' title='bbox 478 997 515 1068; x_wconf 73' lang='grc' dir='ltr'><strong>ἵν’</strong></span> <span class='ocrx_word' id='word_1_45' title='bbox 537 1003 600 1085; x_wconf 73' lang='lat' dir='ltr'><strong>stop</strong></span> <span class='ocrx_word' id='word_1_46' title='bbox 623 1003 668 1080; x_wconf 69' lang='lat' dir='ltr'><strong>pio</strong></span> <span class='ocrx_word' id='word_1_47' title='bbox 692 1010 804 1068; x_wconf 80' lang='grc' dir='ltr'><strong><em>πατεῖν</em></strong></span> <span class='ocrx_word' id='word_1_48' title='bbox 827 1002 870 1068; x_wconf 76' lang='grc' dir='ltr'><strong><em>τα</em></strong></span> 
     </span>
    </p>

    <p class='ocr_par' dir='ltr' id='par_1_4' title="bbox 208 1109 891 1303">
     <span class='ocr_line' id='line_1_7' title="bbox 479 1109 891 1191; baseline 0 -18"><span class='ocrx_word' id='word_1_49' title='bbox 479 1115 550 1175; x_wconf 86' lang='grc' dir='ltr'><strong><em>ταῖν</em></strong></span> <span class='ocrx_word' id='word_1_50' title='bbox 573 1109 658 1174; x_wconf 81' lang='grc' dir='ltr'><strong><em>ύεαῖν</em></strong></span> <span class='ocrx_word' id='word_1_51' title='bbox 680 1109 891 1191; x_wconf 69' lang='grc' dir='ltr'><strong><em>ψηφίσματα.</em></strong></span> 
     </span>
     <span class='ocr_line' id='line_1_8' title="bbox 208 1213 653 1303; baseline -0.007 -21"><span class='ocrx_word' id='word_1_52' title='bbox 208 1223 240 1282; x_wconf 87' lang='lat' dir='ltr'><strong>et</strong></span> <span class='ocrx_word' id='word_1_53' title='bbox 261 1215 294 1281; x_wconf 92' lang='lat' dir='ltr'><strong>in</strong></span> <span class='ocrx_word' id='word_1_54' title='bbox 323 1213 542 1303; x_wconf 80' lang='grc' dir='ltr'><strong><em>Τύοοικορύον.</em></strong></span> <span class='ocrx_word' id='word_1_55' title='bbox 571 1218 653 1282; x_wconf 75' lang='lat'><strong>285:</strong></span> 
     </span>
    </p>

    <p class='ocr_par' dir='ltr' id='par_1_5' title="bbox 206 1317 1399 2360">
     <span class='ocr_line' id='line_1_9' title="bbox 478 1317 1034 1400; baseline -0.002 -13"><span class='ocrx_word' id='word_1_56' title='bbox 478 1317 557 1395; x_wconf 74' lang='grc' dir='ltr'><strong>ὅπως</strong></span> <span class='ocrx_word' id='word_1_57' title='bbox 581 1321 729 1400; x_wconf 80' lang='grc' dir='ltr'><strong><em>λαβοῦσα</em></strong></span> <span class='ocrx_word' id='word_1_58' title='bbox 753 1321 831 1387; x_wconf 77' lang='lat' dir='ltr'><strong>otoo</strong></span> <span class='ocrx_word' id='word_1_59' title='bbox 856 1329 927 1387; x_wconf 91' lang='grc' dir='ltr'><strong><em>ταῖν</em></strong></span> <span class='ocrx_word' id='word_1_60' title='bbox 950 1321 1034 1386; x_wconf 86' lang='grc' dir='ltr'><strong><em>ύεαῖν</em></strong></span> 
     </span>
     <span class='ocr_line' id='line_1_10' title="bbox 207 1425 1399 1512; baseline -0.002 -16"><span class='ocrx_word' id='word_1_61' title='bbox 207 1437 239 1496; x_wconf 90' lang='lat' dir='ltr'><strong>et</strong></span> <span class='ocrx_word' id='word_1_62' title='bbox 263 1433 325 1496; x_wconf 79' lang='grc'><strong>911</strong></span> <span class='ocrx_word' id='word_1_63' title='bbox 353 1435 385 1494; x_wconf 92' lang='lat' dir='ltr'><strong>et</strong></span> <span class='ocrx_word' id='word_1_64' title='bbox 420 1433 528 1509; x_wconf 77' lang='lat'>11513</span> <span class='ocrx_word' id='word_1_65' title='bbox 559 1428 690 1493; x_wconf 90' lang='lat' dir='ltr'><strong>omnino</strong></span> <span class='ocrx_word' id='word_1_66' title='bbox 721 1425 824 1492; x_wconf 83' lang='lat' dir='ltr'><strong>iorona</strong></span> <span class='ocrx_word' id='word_1_67' title='bbox 856 1435 919 1494; x_wconf 89' lang='grc' dir='ltr'><strong><em>τοῖν</em></strong></span> <span class='ocrx_word' id='word_1_68' title='bbox 951 1427 1026 1492; x_wconf 80' lang='grc' dir='ltr'><strong><em>ύεοῖν</em></strong></span> <span class='ocrx_word' id='word_1_69' title='bbox 1054 1425 1139 1512; x_wconf 86' lang='lat' dir='ltr'><strong>apud</strong></span> <span class='ocrx_word' id='word_1_70' title='bbox 1164 1427 1399 1494; x_wconf 75' lang='lat' dir='ltr'><strong>Aaosrosnmmo</strong></span> 
     </span>
     <span class='ocr_line' id='line_1_11' title="bbox 209 1531 1398 1620; baseline -0.002 -20"><span class='ocrx_word' id='word_1_71' title='bbox 209 1532 355 1600; x_wconf 79' lang='lat' dir='ltr'><strong>funditus</strong></span> <span class='ocrx_word' id='word_1_72' title='bbox 379 1531 482 1601; x_wconf 86' lang='lat' dir='ltr'><strong>deleta</strong></span> <span class='ocrx_word' id='word_1_73' title='bbox 514 1542 583 1611; x_wconf 89' lang='lat' dir='ltr'><strong>est,</strong></span> <span class='ocrx_word' id='word_1_74' title='bbox 616 1533 671 1600; x_wconf 83' lang='lat' dir='ltr'><strong>sed</strong></span> <span class='ocrx_word' id='word_1_75' title='bbox 703 1534 807 1620; x_wconf 92' lang='lat' dir='ltr'><strong>primo</strong></span> <span class='ocrx_word' id='word_1_76' title='bbox 838 1553 965 1620; x_wconf 90' lang='lat' dir='ltr'><strong>quoque</strong></span> <span class='ocrx_word' id='word_1_77' title='bbox 995 1541 1139 1619; x_wconf 88' lang='lat' dir='ltr'><strong>tempore</strong></span> <span class='ocrx_word' id='word_1_78' title='bbox 1165 1531 1342 1598; x_wconf 82' lang='lat' dir='ltr'><strong>revocanda</strong></span> <span class='ocrx_word' id='word_1_79' title='bbox 1366 1543 1398 1599; x_wconf 87' lang='lat' dir='ltr'><strong>at</strong></span> 
     </span>
     <span class='ocr_line' id='line_1_12' title="bbox 208 1637 1399 1724; baseline -0.003 -19"><span class='ocrx_word' id='word_1_80' title='bbox 208 1637 330 1706; x_wconf 79' lang='lat' dir='ltr'><strong>formae</strong></span> <span class='ocrx_word' id='word_1_81' title='bbox 359 1647 450 1718; x_wconf 86' lang='grc' dir='ltr'><strong><em>ταῖν,</em></strong></span> <span class='ocrx_word' id='word_1_82' title='bbox 483 1641 616 1714; x_wconf 85' lang='grc' dir='ltr'><strong><em>αὐταῖν,</em></strong></span> <span class='ocrx_word' id='word_1_83' title='bbox 648 1639 800 1717; x_wconf 86' lang='grc' dir='ltr'><strong><em>ταύταιν,</em></strong></span> <span class='ocrx_word' id='word_1_84' title='bbox 833 1658 915 1724; x_wconf 90' lang='lat' dir='ltr'><strong>quae</strong></span> <span class='ocrx_word' id='word_1_85' title='bbox 943 1658 1005 1704; x_wconf 93' lang='lat' dir='ltr'><strong>non</strong></span> <span class='ocrx_word' id='word_1_86' title='bbox 1031 1640 1139 1704; x_wconf 91' lang='lat' dir='ltr'><strong>miuus</strong></span> <span class='ocrx_word' id='word_1_87' title='bbox 1164 1639 1297 1704; x_wconf 82' lang='lat' dir='ltr'><strong>vitiosae</strong></span> <span class='ocrx_word' id='word_1_88' title='bbox 1321 1649 1399 1705; x_wconf 91' lang='lat' dir='ltr'><strong>sunt</strong></span> 
     </span>
     <span class='ocr_line' id='line_1_13' title="bbox 208 1719 1398 1836; baseline -0.003 -23"><span class='ocrx_word' id='word_1_89' title='bbox 208 1765 305 1836; x_wconf 90' lang='lat' dir='ltr'><strong>quam</strong></span> <span class='ocrx_word' id='word_1_90' title='bbox 328 1744 391 1822; x_wconf 84' lang='grc' dir='ltr'><strong><em>τύ,</em></strong></span> <span class='ocrx_word' id='word_1_91' title='bbox 425 1741 530 1824; x_wconf 83' lang='grc' dir='ltr'><strong><em>αύτύ,</em></strong></span> <span class='ocrx_word' id='word_1_92' title='bbox 562 1744 669 1811; x_wconf 85' lang='grc' dir='ltr'><strong><em>ταύτα</em></strong></span> <span class='ocrx_word' id='word_1_93' title='bbox 693 1743 803 1811; x_wconf 85' lang='lat' dir='ltr'><strong>eodem</strong></span> <span class='ocrx_word' id='word_1_94' title='bbox 835 1743 1056 1809; x_wconf 85' lang='lat' dir='ltr'><strong>amandandae</strong></span> <span class='ocrx_word' id='word_1_95' title='bbox 1078 1719 1248 1829; x_wconf 69' lang='lat' dir='ltr'><strong>quo‘apud</strong></span> <span class='ocrx_word' id='word_1_96' title='bbox 1272 1743 1398 1811; x_wconf 81' lang='lat' dir='ltr'><strong>isounn·</strong></span> 
     </span>
     <span class='ocr_line' id='line_1_14' title="bbox 207 1849 1399 1937; baseline 0.001 -20"><span class='ocrx_word' id='word_1_97' title='bbox 207 1873 267 1918; x_wconf 79' lang='lat' dir='ltr'><strong>neu</strong></span> <span class='ocrx_word' id='word_1_98' title='bbox 291 1852 322 1916; x_wconf 90' lang='lat' dir='ltr'><strong>in</strong></span> <span class='ocrx_word' id='word_1_99' title='bbox 349 1851 506 1937; x_wconf 78' lang='lat' dir='ltr'><strong>Ponepyr.</strong></span> <span class='ocrx_word' id='word_1_100' title='bbox 545 1853 562 1936; x_wconf 88' lang='lat'><em>§</em></span> <span class='ocrx_word' id='word_1_101' title='bbox 591 1854 631 1915; x_wconf 84' lang='grc'><strong>75</strong></span> <span class='ocrx_word' id='word_1_102' title='bbox 658 1869 729 1936; x_wconf 79' lang='lat' dir='ltr'><strong>pag.</strong></span> <span class='ocrx_word' id='word_1_103' title='bbox 747 1857 801 1916; x_wconf 79' lang='lat'><strong>55.</strong></span> <span class='ocrx_word' id='word_1_104' title='bbox 821 1859 893 1916; x_wconf 90' lang='grc' dir='ltr'><strong><em>ταῖν</em></strong></span> <span class='ocrx_word' id='word_1_105' title='bbox 917 1849 1035 1915; x_wconf 78' lang='grc' dir='ltr'><strong><em>πολέων</em></strong></span> <span class='ocrx_word' id='word_1_106' title='bbox 1055 1850 1187 1916; x_wconf 88' lang='grc' dir='ltr'><strong><em>ταύταιυ</em></strong></span> <span class='ocrx_word' id='word_1_107' title='bbox 1211 1859 1242 1915; x_wconf 89' lang='lat' dir='ltr'><strong>et</strong></span> <span class='ocrx_word' id='word_1_108' title='bbox 1263 1850 1302 1916; x_wconf 86' lang='lat' dir='ltr'><strong>de</strong></span> <span class='ocrx_word' id='word_1_109' title='bbox 1315 1850 1399 1918; x_wconf 79' lang='lat' dir='ltr'><strong>Pure</strong></span> 
     </span>
     <span class='ocr_line' id='line_1_15' title="bbox 209 1953 1396 2044; baseline 0.001 -22"><span class='ocrx_word' id='word_1_110' title='bbox 209 1961 227 2044; x_wconf 86' lang='lat'><em>§</em></span> <span class='ocrx_word' id='word_1_111' title='bbox 255 1961 329 2024; x_wconf 79' lang='lat' dir='ltr'><strong>tiu.</strong></span> <span class='ocrx_word' id='word_1_112' title='bbox 355 1956 397 2022; x_wconf 80' lang='grc' dir='ltr'><strong><em>τοὶ</em></strong></span> <span class='ocrx_word' id='word_1_113' title='bbox 421 1957 515 2023; x_wconf 84' lang='grc' dir='ltr'><strong><em>τύλεε</em></strong></span> <span class='ocrx_word' id='word_1_114' title='bbox 534 1957 641 2022; x_wconf 90' lang='grc' dir='ltr'><strong><em>ταύτα</em></strong></span> <span class='ocrx_word' id='word_1_115' title='bbox 658 1953 843 2021; x_wconf 77' lang='lat' dir='ltr'><strong>amandavit</strong></span> <span class='ocrx_word' id='word_1_116' title='bbox 868 1975 952 2022; x_wconf 89' lang='lat' dir='ltr'><strong>unus</strong></span> <span class='ocrx_word' id='word_1_117' title='bbox 972 1957 1116 2020; x_wconf 91' lang='lat' dir='ltr'><strong>omnium</strong></span> <span class='ocrx_word' id='word_1_118' title='bbox 1138 1957 1279 2041; x_wconf 89' lang='lat' dir='ltr'><strong>optimus</strong></span> <span class='ocrx_word' id='word_1_119' title='bbox 1297 1955 1396 2023; x_wconf 81' lang='lat' dir='ltr'><strong>codex</strong></span> 
     </span>
     <span class='ocr_line' id='line_1_16' title="bbox 212 2060 1398 2150; baseline 0 -21"><span class='ocrx_word' id='word_1_120' title='bbox 212 2062 364 2141; x_wconf 76' lang='lat' dir='ltr'><strong><em>Urbinas,</em></strong></span> <span class='ocrx_word' id='word_1_121' title='bbox 394 2063 451 2150; x_wconf 89' lang='lat' dir='ltr'><strong>qui</strong></span> <span class='ocrx_word' id='word_1_122' title='bbox 479 2060 565 2128; x_wconf 83' lang='lat' dir='ltr'><strong>solus</strong></span> <span class='ocrx_word' id='word_1_123' title='bbox 595 2061 637 2127; x_wconf 87' lang='grc' dir='ltr'><strong><em>τύ</em></strong></span> <span class='ocrx_word' id='word_1_124' title='bbox 670 2073 702 2128; x_wconf 88' lang='lat' dir='ltr'><strong>et</strong></span> <span class='ocrx_word' id='word_1_125' title='bbox 733 2062 829 2128; x_wconf 83' lang='grc' dir='ltr'><strong><em>τούτω</em></strong></span> <span class='ocrx_word' id='word_1_126' title='bbox 860 2063 891 2126; x_wconf 94' lang='lat' dir='ltr'><strong>in</strong></span> <span class='ocrx_word' id='word_1_127' title='bbox 918 2060 1036 2126; x_wconf 83' lang='lat' dir='ltr'><strong>talibus</strong></span> <span class='ocrx_word' id='word_1_128' title='bbox 1060 2062 1199 2127; x_wconf 81' lang='lat' dir='ltr'><strong>servavit</strong></span> <span class='ocrx_word' id='word_1_129' title='bbox 1223 2072 1254 2127; x_wconf 89' lang='lat' dir='ltr'><strong>et</strong></span> <span class='ocrx_word' id='word_1_130' title='bbox 1277 2071 1341 2128; x_wconf 86' lang='grc' dir='ltr'><strong><em>τοῖν</em></strong></span> <span class='ocrx_word' id='word_1_131' title='bbox 1364 2073 1398 2129; x_wconf 85' lang='lat' dir='ltr'><strong>et</strong></span> 
     </span>
     <span class='ocr_line' id='line_1_17' title="bbox 206 2166 1397 2254; baseline -0.002 -17"><span class='ocrx_word' id='word_1_132' title='bbox 206 2169 333 2238; x_wconf 87' lang='grc' dir='ltr'><strong><em>τούτοιν.</em></strong></span> <span class='ocrx_word' id='word_1_133' title='bbox 382 2166 621 2254; x_wconf 80' lang='lat' dir='ltr'><strong>inPoneqyrioo</strong></span> <span class='ocrx_word' id='word_1_134' title='bbox 644 2171 661 2253; x_wconf 88' lang='lat'>§</span> <span class='ocrx_word' id='word_1_135' title='bbox 687 2171 737 2234; x_wconf 83' lang='lat'><strong>17.</strong></span> <span class='ocrx_word' id='word_1_136' title='bbox 765 2167 838 2232; x_wconf 83' lang='lat' dir='ltr'><strong>iibri</strong></span> <span class='ocrx_word' id='word_1_137' title='bbox 853 2186 964 2233; x_wconf 88' lang='lat' dir='ltr'><strong>omnes</strong></span> <span class='ocrx_word' id='word_1_138' title='bbox 983 2167 1043 2241; x_wconf 76' lang='grc' dir='ltr'><strong><em>τοὶς</em></strong></span> <span class='ocrx_word' id='word_1_139' title='bbox 1066 2168 1172 2240; x_wconf 78' lang='grc' dir='ltr'><strong><em>πόλεις</em></strong></span> <span class='ocrx_word' id='word_1_140' title='bbox 1196 2169 1318 2242; x_wconf 85' lang='grc' dir='ltr'><strong><em>ταύτας</em></strong></span> <span class='ocrx_word' id='word_1_141' title='bbox 1341 2189 1397 2235; x_wconf 85' lang='lat' dir='ltr'><strong>ex·</strong></span> 
     </span>
     <span class='ocr_line' id='line_1_18' title="bbox 208 2271 1397 2360; baseline -0.002 -18"><span class='ocrx_word' id='word_1_142' title='bbox 208 2275 338 2354; x_wconf 77' lang='lat' dir='ltr'><strong>hibent,</strong></span> <span class='ocrx_word' id='word_1_143' title='bbox 357 2272 491 2340; x_wconf 76' lang='lat' dir='ltr'><em>Urbinas</em></span> <span class='ocrx_word' id='word_1_144' title='bbox 503 2274 675 2360; x_wconf 73' lang='lat' dir='ltr'><strong>optineret</strong></span> <span class='ocrx_word' id='word_1_145' title='bbox 687 2271 768 2349; x_wconf 81' lang='grc' dir='ltr'><strong><em>τύλν</em></strong></span> <span class='ocrx_word' id='word_1_146' title='bbox 788 2273 903 2348; x_wconf 86' lang='grc' dir='ltr'><strong><em>τούτω,</em></strong></span> <span class='ocrx_word' id='word_1_147' title='bbox 923 2272 994 2340; x_wconf 87' lang='lat' dir='ltr'><strong>coll.</strong></span> <span class='ocrx_word' id='word_1_148' title='bbox 1011 2273 1222 2339; x_wconf 83' lang='lat' dir='ltr'><strong>Caoaaoaosoo</strong></span> <span class='ocrx_word' id='word_1_149' title='bbox 1234 2273 1397 2342; x_wconf 82' lang='lat' dir='ltr'><strong>Gorsrosor</strong></span> 
     </span>
    </p>
   </div>
   <div class='ocr_carea' id='block_1_3' title="bbox 207 2376 1396 2470">
    <p class='ocr_par' dir='ltr' id='par_1_6' title="bbox 207 2376 1396 2470">
     <span class='ocr_line' id='line_1_19' title="bbox 207 2376 1396 2470; baseline 0 -23"><span class='ocrx_word' id='word_1_150' title='bbox 207 2402 238 2470; x_wconf 85' lang='lat' dir='ltr'><strong>p.</strong></span> <span class='ocrx_word' id='word_1_151' title='bbox 257 2385 343 2460; x_wconf 87' lang='grc'><strong>557,</strong></span> <span class='ocrx_word' id='word_1_152' title='bbox 367 2385 423 2446; x_wconf 75' lang='lat' dir='ltr'><strong>tu:</strong></span> <span class='ocrx_word' id='word_1_153' title='bbox 448 2383 520 2460; x_wconf 82' lang='grc' dir='ltr'><strong>παρ’</strong></span> <span class='ocrx_word' id='word_1_154' title='bbox 536 2381 723 2460; x_wconf 77' lang='grc' dir='ltr'><strong><em>Αύτχύνρτῷ</em></strong></span> <span class='ocrx_word' id='word_1_155' title='bbox 742 2378 924 2460; x_wconf 75' lang='grc' dir='ltr'><strong><em>Σωκρατικῷ</em></strong></span> <span class='ocrx_word' id='word_1_156' title='bbox 945 2376 1070 2444; x_wconf 86' lang='grc' dir='ltr'><strong><em>τούτω</em></strong></span> <span class='ocrx_word' id='word_1_157' title='bbox 1093 2381 1142 2444; x_wconf 78' lang='grc' dir='ltr'><strong><em>τὼ</em></strong></span> <span class='ocrx_word' id='word_1_158' title='bbox 1166 2378 1283 2456; x_wconf 77' lang='grc' dir='ltr'><strong><em>πύλη,</em></strong></span> <span class='ocrx_word' id='word_1_159' title='bbox 1307 2381 1396 2460; x_wconf 77' lang='grc' dir='ltr'><strong><em>λέγει</em></strong></span> 
     </span>
    </p>
   </div>
   <div class='ocr_carea' id='block_1_4' title="bbox 202 2483 1397 4482">
    <p class='ocr_par' dir='ltr' id='par_1_7' title="bbox 202 2483 1397 4482">
     <span class='ocr_line' id='line_1_20' title="bbox 205 2483 1396 2570; baseline -0.001 -15"><span class='ocrx_word' id='word_1_160' title='bbox 205 2489 236 2555; x_wconf 78' lang='grc' dir='ltr'><strong>δὲ</strong></span> <span class='ocrx_word' id='word_1_161' title='bbox 269 2485 334 2570; x_wconf 74' lang='grc' dir='ltr'><strong><em>τερ)</em></strong></span> <span class='ocrx_word' id='word_1_162' title='bbox 366 2485 533 2560; x_wconf 76' lang='grc' dir='ltr'><strong><em>Ἀθηναίων</em></strong></span> <span class='ocrx_word' id='word_1_163' title='bbox 564 2485 614 2550; x_wconf 84' lang='grc' dir='ltr'><strong>κού</strong></span> <span class='ocrx_word' id='word_1_164' title='bbox 644 2483 904 2564; x_wconf 76' lang='grc' dir='ltr'><strong><em>Λακεδαιμονίων.</em></strong></span> <span class='ocrx_word' id='word_1_165' title='bbox 957 2483 1111 2569; x_wconf 80' lang='lat' dir='ltr'>Equidem</span> <span class='ocrx_word' id='word_1_166' title='bbox 1143 2487 1293 2553; x_wconf 77' lang='lat' dir='ltr'><strong>notioribus</strong></span> <span class='ocrx_word' id='word_1_167' title='bbox 1316 2488 1396 2554; x_wconf 86' lang='lat' dir='ltr'><strong>louis</strong></span> 
     </span>
     <span class='ocr_line' id='line_1_21' title="bbox 206 2589 1395 2677; baseline -0.003 -16"><span class='ocrx_word' id='word_1_168' title='bbox 206 2603 238 2661; x_wconf 91' lang='lat' dir='ltr'><strong>et</strong></span> <span class='ocrx_word' id='word_1_169' title='bbox 268 2593 461 2660; x_wconf 72' lang='lat' dir='ltr'><strong>{estimoniis</strong></span> <span class='ocrx_word' id='word_1_170' title='bbox 494 2601 636 2657; x_wconf 76' lang='lat' dir='ltr'><strong>veterum</strong></span> <span class='ocrx_word' id='word_1_171' title='bbox 660 2589 714 2655; x_wconf 84' lang='grc' dir='ltr'><strong><em>ιΙιιι</em></strong></span> <span class='ocrx_word' id='word_1_172' title='bbox 739 2601 771 2656; x_wconf 89' lang='lat' dir='ltr'><strong>et</strong></span> <span class='ocrx_word' id='word_1_173' title='bbox 797 2591 934 2655; x_wconf 77' lang='lat' dir='ltr'><strong>intritum</strong></span> <span class='ocrx_word' id='word_1_174' title='bbox 959 2591 1125 2677; x_wconf 78' lang='lat' dir='ltr'><strong>perpensis</strong></span> <span class='ocrx_word' id='word_1_175' title='bbox 1151 2591 1184 2658; x_wconf 94' lang='lat' dir='ltr'><strong>in</strong></span> <span class='ocrx_word' id='word_1_176' title='bbox 1210 2591 1292 2659; x_wconf 77' lang='lat' dir='ltr'><strong>itane</strong></span> <span class='ocrx_word' id='word_1_177' title='bbox 1320 2614 1395 2659; x_wconf 90' lang='lat' dir='ltr'><strong>sen·</strong></span> 
     </span>
     <span class='ocr_line' id='line_1_22' title="bbox 205 2695 1396 2785; baseline -0.001 -20"><span class='ocrx_word' id='word_1_178' title='bbox 205 2701 339 2767; x_wconf 87' lang='lat' dir='ltr'><strong>tentiam</strong></span> <span class='ocrx_word' id='word_1_179' title='bbox 365 2696 494 2765; x_wconf 87' lang='lat' dir='ltr'><strong>taudem</strong></span> <span class='ocrx_word' id='word_1_180' title='bbox 517 2695 677 2764; x_wconf 80' lang='lat' dir='ltr'><strong>adductus</strong></span> <span class='ocrx_word' id='word_1_181' title='bbox 701 2716 792 2774; x_wconf 88' lang='lat' dir='ltr'><strong>sum,</strong></span> <span class='ocrx_word' id='word_1_182' title='bbox 816 2715 914 2782; x_wconf 86' lang='lat' dir='ltr'><strong>quam</strong></span> <span class='ocrx_word' id='word_1_183' title='bbox 935 2715 1021 2763; x_wconf 89' lang='lat' dir='ltr'><strong>nuno</strong></span> <span class='ocrx_word' id='word_1_184' title='bbox 1046 2698 1125 2764; x_wconf 86' lang='lat' dir='ltr'><strong>satis</strong></span> <span class='ocrx_word' id='word_1_185' title='bbox 1146 2696 1267 2765; x_wconf 85' lang='lat' dir='ltr'><strong>habebo</strong></span> <span class='ocrx_word' id='word_1_186' title='bbox 1284 2699 1396 2785; x_wconf 85' lang='lat' dir='ltr'><strong>paucis</strong></span> 
     </span>
     <span class='ocr_line' id='line_1_23' title="bbox 206 2802 1395 2891; baseline -0.002 -18"><span class='ocrx_word' id='word_1_187' title='bbox 206 2806 342 2874; x_wconf 84' lang='lat' dir='ltr'><strong>dixisse:</strong></span> <span class='ocrx_word' id='word_1_188' title='bbox 370 2807 401 2871; x_wconf 91' lang='lat' dir='ltr'><strong>in</strong></span> <span class='ocrx_word' id='word_1_189' title='bbox 431 2802 691 2891; x_wconf 79' lang='lat' dir='ltr'><strong>pronominibus,</strong></span> <span class='ocrx_word' id='word_1_190' title='bbox 715 2802 904 2882; x_wconf 84' lang='lat' dir='ltr'><strong>adieetivis,</strong></span> <span class='ocrx_word' id='word_1_191' title='bbox 929 2805 1109 2890; x_wconf 83' lang='lat' dir='ltr'><strong>participiis</strong></span> <span class='ocrx_word' id='word_1_192' title='bbox 1136 2824 1197 2869; x_wconf 89' lang='lat' dir='ltr'><strong>uua</strong></span> <span class='ocrx_word' id='word_1_193' title='bbox 1221 2814 1318 2890; x_wconf 88' lang='lat' dir='ltr'><strong>atque</strong></span> <span class='ocrx_word' id='word_1_194' title='bbox 1341 2827 1395 2872; x_wconf 93' lang='lat' dir='ltr'><strong>ea-</strong></span> 
     </span>
     <span class='ocr_line' id='line_1_24' title="bbox 206 2908 1395 2997; baseline 0.001 -19"><span class='ocrx_word' id='word_1_195' title='bbox 206 2913 276 2980; x_wconf 87' lang='lat' dir='ltr'><strong>dem</strong></span> <span class='ocrx_word' id='word_1_196' title='bbox 303 2912 403 2978; x_wconf 80' lang='lat' dir='ltr'><strong>ioroora</strong></span> <span class='ocrx_word' id='word_1_197' title='bbox 426 2920 475 2978; x_wconf 90' lang='lat' dir='ltr'><strong>est</strong></span> <span class='ocrx_word' id='word_1_198' title='bbox 500 2908 619 2997; x_wconf 86' lang='lat' dir='ltr'><strong>tripiici</strong></span> <span class='ocrx_word' id='word_1_199' title='bbox 648 2910 759 2995; x_wconf 81' lang='lat' dir='ltr'><strong>generi</strong></span> <span class='ocrx_word' id='word_1_200' title='bbox 781 2911 982 2987; x_wconf 87' lang='lat' dir='ltr'><strong>oonnnunis,</strong></span> <span class='ocrx_word' id='word_1_201' title='bbox 1001 2911 1063 2986; x_wconf 80' lang='grc' dir='ltr'><strong><em>τὼ,</em></strong></span> <span class='ocrx_word' id='word_1_202' title='bbox 1089 2908 1131 2988; x_wconf 75' lang='lat' dir='ltr'><strong>ci,</strong></span> <span class='ocrx_word' id='word_1_203' title='bbox 1157 2911 1258 2984; x_wconf 81' lang='grc' dir='ltr'><strong><em>αύτύο.</em></strong></span> <span class='ocrx_word' id='word_1_204' title='bbox 1281 2913 1395 2990; x_wconf 85' lang='grc' dir='ltr'><strong><em>τούτω,</em></strong></span> 
     </span>
     <span class='ocr_line' id='line_1_25' title="bbox 206 3015 1395 3112; baseline -0.002 -26"><span class='ocrx_word' id='word_1_205' title='bbox 206 3019 355 3097; x_wconf 83' lang='grc' dir='ltr'><strong><em>ύλλύλυ,</em></strong></span> <span class='ocrx_word' id='word_1_206' title='bbox 386 3017 428 3083; x_wconf 79' lang='grc' dir='ltr'><strong><em>τύ</em></strong></span> <span class='ocrx_word' id='word_1_207' title='bbox 456 3025 557 3098; x_wconf 80' lang='grc' dir='ltr'><strong><em>χεῖρε,</em></strong></span> <span class='ocrx_word' id='word_1_208' title='bbox 585 3018 630 3112; x_wconf 78' lang='grc' dir='ltr'><strong><em>τύ</em></strong></span> <span class='ocrx_word' id='word_1_209' title='bbox 659 3023 788 3094; x_wconf 72' lang='grc' dir='ltr'><strong><em>νυναῖκε</em></strong></span> <span class='ocrx_word' id='word_1_210' title='bbox 811 3025 872 3081; x_wconf 89' lang='lat' dir='ltr'><strong>oet.</strong></span> <span class='ocrx_word' id='word_1_211' title='bbox 897 3015 938 3080; x_wconf 79' lang='grc' dir='ltr'><strong><em>τύ</em></strong></span> <span class='ocrx_word' id='word_1_212' title='bbox 967 3017 1141 3082; x_wconf 76' lang='grc' dir='ltr'><strong><em>Ἐλευσινίω</em></strong></span> <span class='ocrx_word' id='word_1_213' title='bbox 1166 3018 1237 3092; x_wconf 77' lang='lat' dir='ltr'><strong>isai:</strong></span> <span class='ocrx_word' id='word_1_214' title='bbox 1263 3020 1293 3083; x_wconf 93' lang='lat' dir='ltr'><strong>in</strong></span> <span class='ocrx_word' id='word_1_215' title='bbox 1319 3037 1395 3105; x_wconf 87' lang='lat' dir='ltr'><strong>par·</strong></span> 
     </span>
     <span class='ocr_line' id='line_1_26' title="bbox 207 3121 1394 3211; baseline 0 -21"><span class='ocrx_word' id='word_1_216' title='bbox 207 3125 326 3211; x_wconf 87' lang='lat' dir='ltr'><strong>tioipiis</strong></span> <span class='ocrx_word' id='word_1_217' title='bbox 346 3143 398 3190; x_wconf 91' lang='lat' dir='ltr'><strong>res</strong></span> <span class='ocrx_word' id='word_1_218' title='bbox 419 3121 589 3187; x_wconf 78' lang='lat' dir='ltr'><strong>oroaniiesta</strong></span> <span class='ocrx_word' id='word_1_219' title='bbox 609 3129 674 3186; x_wconf 90' lang='lat' dir='ltr'><strong>est:</strong></span> <span class='ocrx_word' id='word_1_220' title='bbox 700 3131 794 3187; x_wconf 82' lang='lat' dir='ltr'><strong>rootus</strong></span> <span class='ocrx_word' id='word_1_221' title='bbox 815 3130 863 3188; x_wconf 82' lang='lat' dir='ltr'><strong>est</strong></span> <span class='ocrx_word' id='word_1_222' title='bbox 883 3121 971 3187; x_wconf 83' lang='lat' dir='ltr'><strong>iocus</strong></span> <span class='ocrx_word' id='word_1_223' title='bbox 996 3121 1118 3189; x_wconf 82' lang='lat' dir='ltr'><strong>tionem</strong></span> <span class='ocrx_word' id='word_1_224' title='bbox 1138 3121 1234 3189; x_wconf 67' lang='lat' dir='ltr'><strong>[teau.</strong></span> <span class='ocrx_word' id='word_1_225' title='bbox 1257 3135 1293 3189; x_wconf 86' lang='grc' dir='ltr'><strong>Θ.</strong></span> <span class='ocrx_word' id='word_1_226' title='bbox 1317 3129 1394 3192; x_wconf 78' lang='grc'><strong>155.</strong></span> 
     </span>
     <span class='ocr_line' id='line_1_27' title="bbox 205 3227 1393 3310; baseline 0.003 -16"><span class='ocrx_word' id='word_1_227' title='bbox 205 3229 278 3294; x_wconf 85' lang='lat' dir='ltr'><strong>luno</strong></span> <span class='ocrx_word' id='word_1_228' title='bbox 301 3239 332 3296; x_wconf 92' lang='lat' dir='ltr'><strong>et</strong></span> <span class='ocrx_word' id='word_1_229' title='bbox 357 3227 496 3294; x_wconf 76' lang='lat' dir='ltr'><strong>Misenus</strong></span> <span class='ocrx_word' id='word_1_230' title='bbox 525 3227 728 3306; x_wconf 74' lang='grc' dir='ltr'><strong><em>πληγέντε</em></strong></span> <span class='ocrx_word' id='word_1_231' title='bbox 754 3229 884 3310; x_wconf 81' lang='grc' dir='ltr'><strong><em>κεραυνῷ</em></strong></span> <span class='ocrx_word' id='word_1_232' title='bbox 912 3237 944 3294; x_wconf 90' lang='lat' dir='ltr'><strong>et</strong></span> <span class='ocrx_word' id='word_1_233' title='bbox 978 3227 1101 3293; x_wconf 84' lang='lat' dir='ltr'><strong>Hesoom</strong></span> <span class='ocrx_word' id='word_1_234' title='bbox 1137 3227 1170 3292; x_wconf 89' lang='lat'><strong>0.</strong></span> <span class='ocrx_word' id='word_1_235' title='bbox 1197 3240 1225 3294; x_wconf 86' lang='lat' dir='ltr'><strong>et</strong></span> <span class='ocrx_word' id='word_1_236' title='bbox 1253 3229 1290 3295; x_wconf 85' lang='lat' dir='ltr'><strong>D.</strong></span> <span class='ocrx_word' id='word_1_237' title='bbox 1320 3235 1393 3297; x_wconf 87' lang='grc'><strong>197.</strong></span> 
     </span>
     <span class='ocr_line' id='line_1_28' title="bbox 203 3331 1394 3415; baseline 0.001 -14"><span class='ocrx_word' id='word_1_238' title='bbox 203 3335 300 3410; x_wconf 72' lang='grc' dir='ltr'>Αἰδὼς</span> <span class='ocrx_word' id='word_1_239' title='bbox 323 3335 375 3400; x_wconf 75' lang='grc' dir='ltr'><strong>καὶ</strong></span> <span class='ocrx_word' id='word_1_240' title='bbox 400 3332 534 3413; x_wconf 77' lang='grc' dir='ltr'><strong><em>Νέμεσις</em></strong></span> <span class='ocrx_word' id='word_1_241' title='bbox 560 3331 791 3412; x_wconf 70' lang='grc' dir='ltr'><strong><em>τρολιτύντ*</em></strong></span> <span class='ocrx_word' id='word_1_242' title='bbox 813 3334 982 3415; x_wconf 78' lang='grc' dir='ltr'><strong><em>οὶνύρούοτουτ</em></strong></span> <span class='ocrx_word' id='word_1_243' title='bbox 1013 3342 1046 3399; x_wconf 86' lang='lat' dir='ltr'><strong>et</strong></span> <span class='ocrx_word' id='word_1_244' title='bbox 1069 3333 1215 3400; x_wconf 75' lang='lat' dir='ltr'><strong>Pannonis</strong></span> <span class='ocrx_word' id='word_1_245' title='bbox 1237 3337 1267 3400; x_wconf 91' lang='lat' dir='ltr'><strong>in</strong></span> <span class='ocrx_word' id='word_1_246' title='bbox 1294 3335 1394 3402; x_wconf 78' lang='lat' dir='ltr'><strong>Pione·</strong></span> 
     </span>
     <span class='ocr_line' id='line_1_29' title="bbox 203 3423 1394 3528; baseline 0 -21"><span class='ocrx_word' id='word_1_247' title='bbox 203 3441 260 3507; x_wconf 82' lang='lat' dir='ltr'><strong>dro</strong></span> <span class='ocrx_word' id='word_1_248' title='bbox 293 3461 321 3528; x_wconf 88' lang='lat' dir='ltr'><strong>p.</strong></span> <span class='ocrx_word' id='word_1_249' title='bbox 339 3444 415 3507; x_wconf 74' lang='lat'><strong>237.</strong></span> <span class='ocrx_word' id='word_1_250' title='bbox 448 3439 484 3505; x_wconf 86' lang='lat' dir='ltr'><strong>D.</strong></span> <span class='ocrx_word' id='word_1_251' title='bbox 509 3437 560 3505; x_wconf 78' lang='grc' dir='ltr'><strong>δύο</strong></span> <span class='ocrx_word' id='word_1_252' title='bbox 589 3439 651 3506; x_wconf 76' lang='grc' dir='ltr'><strong><em>τινέ</em></strong></span> <span class='ocrx_word' id='word_1_253' title='bbox 682 3438 750 3506; x_wconf 73' lang='grc' dir='ltr'><strong>ἰδέα</strong></span> <span class='ocrx_word' id='word_1_254' title='bbox 773 3439 906 3523; x_wconf 74' lang='grc' dir='ltr'><strong><em>ἄρχοντε</em></strong></span> <span class='ocrx_word' id='word_1_255' title='bbox 929 3423 981 3506; x_wconf 79' lang='grc' dir='ltr'><strong>καὶ</strong></span> <span class='ocrx_word' id='word_1_256' title='bbox 1007 3437 1141 3520; x_wconf 71' lang='grc' dir='ltr'><strong><em>ἄγοντε,</em></strong></span> <span class='ocrx_word' id='word_1_257' title='bbox 1167 3437 1210 3507; x_wconf 78' lang='lat' dir='ltr'><strong>oio</strong></span> <span class='ocrx_word' id='word_1_258' title='bbox 1236 3443 1394 3522; x_wconf 82' lang='grc' dir='ltr'><strong><em>ἓτύροεύα,</em></strong></span> 
     </span>
     <span class='ocr_line' id='line_1_30' title="bbox 203 3544 1394 3634; baseline 0.003 -22"><span class='ocrx_word' id='word_1_259' title='bbox 203 3545 320 3634; x_wconf 83' lang='lat' dir='ltr'><strong>quihus</strong></span> <span class='ocrx_word' id='word_1_260' title='bbox 340 3546 441 3614; x_wconf 87' lang='lat' dir='ltr'><strong>nonita</strong></span> <span class='ocrx_word' id='word_1_261' title='bbox 465 3545 583 3612; x_wconf 77' lang='lat' dir='ltr'><strong>similia</strong></span> <span class='ocrx_word' id='word_1_262' title='bbox 606 3552 639 3610; x_wconf 89' lang='lat' dir='ltr'><strong>et</strong></span> <span class='ocrx_word' id='word_1_263' title='bbox 662 3544 746 3632; x_wconf 86' lang='lat' dir='ltr'><strong>apud</strong></span> <span class='ocrx_word' id='word_1_264' title='bbox 771 3546 850 3612; x_wconf 85' lang='lat' dir='ltr'><strong>aiios</strong></span> <span class='ocrx_word' id='word_1_265' title='bbox 872 3555 904 3613; x_wconf 92' lang='lat' dir='ltr'><strong>et</strong></span> <span class='ocrx_word' id='word_1_266' title='bbox 925 3546 957 3612; x_wconf 94' lang='lat' dir='ltr'><strong>in</strong></span> <span class='ocrx_word' id='word_1_267' title='bbox 984 3545 1122 3612; x_wconf 78' lang='lat' dir='ltr'><strong>Pannona</strong></span> <span class='ocrx_word' id='word_1_268' title='bbox 1144 3547 1307 3633; x_wconf 82' lang='lat' dir='ltr'><strong>teguntur.</strong></span> <span class='ocrx_word' id='word_1_269' title='bbox 1356 3549 1394 3615; x_wconf 89' lang='lat' dir='ltr'><strong>ln</strong></span> 
     </span>
     <span class='ocr_line' id='line_1_31' title="bbox 203 3650 1392 3741; baseline 0.003 -23"><span class='ocrx_word' id='word_1_270' title='bbox 203 3653 254 3720; x_wconf 90' lang='lat' dir='ltr'><strong>his</strong></span> <span class='ocrx_word' id='word_1_271' title='bbox 283 3660 391 3720; x_wconf 87' lang='lat' dir='ltr'><strong>autem</strong></span> <span class='ocrx_word' id='word_1_272' title='bbox 422 3650 572 3719; x_wconf 86' lang='lat' dir='ltr'><strong>oonnibus</strong></span> <span class='ocrx_word' id='word_1_273' title='bbox 603 3650 687 3717; x_wconf 86' lang='lat' dir='ltr'><strong>idam</strong></span> <span class='ocrx_word' id='word_1_274' title='bbox 713 3651 872 3738; x_wconf 90' lang='lat' dir='ltr'><strong>opinionis</strong></span> <span class='ocrx_word' id='word_1_275' title='bbox 896 3661 1044 3719; x_wconf 85' lang='lat' dir='ltr'><strong>versatur</strong></span> <span class='ocrx_word' id='word_1_276' title='bbox 1067 3672 1158 3718; x_wconf 87' lang='lat' dir='ltr'><strong>error</strong></span> <span class='ocrx_word' id='word_1_277' title='bbox 1182 3655 1392 3741; x_wconf 85' lang='lat' dir='ltr'><strong>antiquorum</strong></span> 
     </span>
     <span class='ocr_line' id='line_1_32' title="bbox 202 3757 1394 3846; baseline 0.002 -20"><span class='ocrx_word' id='word_1_278' title='bbox 202 3759 494 3826; x_wconf 67' lang='lat' dir='ltr'><strong>Grammaticorum</strong></span> <span class='ocrx_word' id='word_1_279' title='bbox 528 3766 560 3824; x_wconf 94' lang='lat' dir='ltr'><strong>et</strong></span> <span class='ocrx_word' id='word_1_280' title='bbox 591 3757 795 3843; x_wconf 78' lang='lat' dir='ltr'><strong>aequalium,</strong></span> <span class='ocrx_word' id='word_1_281' title='bbox 827 3759 882 3844; x_wconf 93' lang='lat' dir='ltr'><strong>qui</strong></span> <span class='ocrx_word' id='word_1_282' title='bbox 914 3765 1046 3845; x_wconf 87' lang='lat' dir='ltr'><strong>apparet</strong></span> <span class='ocrx_word' id='word_1_283' title='bbox 1077 3760 1115 3823; x_wconf 80' lang='grc'><strong>111</strong></span> <span class='ocrx_word' id='word_1_284' title='bbox 1136 3769 1313 3846; x_wconf 71' lang='grc' dir='ltr'><strong><em>Συναγωγῇ</em></strong></span> <span class='ocrx_word' id='word_1_285' title='bbox 1339 3761 1394 3828; x_wconf 76' lang='grc' dir='ltr'><strong>λύ-</strong></span> 
     </span>
     <span class='ocr_line' id='line_1_33' title="bbox 204 3863 1393 3951; baseline 0.003 -19"><span class='ocrx_word' id='word_1_286' title='bbox 204 3864 278 3943; x_wconf 79' lang='grc' dir='ltr'><strong><em>ξεων</em></strong></span> <span class='ocrx_word' id='word_1_287' title='bbox 301 3867 461 3947; x_wconf 73' lang='grc' dir='ltr'><strong><em>χρησίμων</em></strong></span> <span class='ocrx_word' id='word_1_288' title='bbox 485 3865 517 3928; x_wconf 92' lang='lat' dir='ltr'><strong>iu</strong></span> <span class='ocrx_word' id='word_1_289' title='bbox 549 3863 683 3928; x_wconf 75' lang='lat' dir='ltr'><strong>Beuumu</strong></span> <span class='ocrx_word' id='word_1_290' title='bbox 707 3863 821 3929; x_wconf 81' lang='grc' dir='ltr'><strong><em>Αιιοού.</em></strong></span> <span class='ocrx_word' id='word_1_291' title='bbox 849 3863 872 3928; x_wconf 92' lang='grc' dir='ltr'><strong>Ι.</strong></span> <span class='ocrx_word' id='word_1_292' title='bbox 898 3884 929 3951; x_wconf 89' lang='lat' dir='ltr'><strong>p.</strong></span> <span class='ocrx_word' id='word_1_293' title='bbox 952 3869 1033 3942; x_wconf 85' lang='lat'><strong>567,</strong></span> <span class='ocrx_word' id='word_1_294' title='bbox 1059 3869 1111 3931; x_wconf 80' lang='lat'><strong>55.</strong></span> <span class='ocrx_word' id='word_1_295' title='bbox 1135 3867 1393 3935; x_wconf 68' lang='grc' dir='ltr'><strong><em>ἀκολουθοῦν-</em></strong></span> 
     </span>
     <span class='ocr_line' id='line_1_34' title="bbox 204 3969 1393 4059; baseline 0.003 -21"><span class='ocrx_word' id='word_1_296' title='bbox 204 3995 261 4039; x_wconf 81' lang='lat' dir='ltr'><strong>ra:</strong></span> <span class='ocrx_word' id='word_1_297' title='bbox 293 3971 362 4036; x_wconf 74' lang='grc' dir='ltr'><strong><em>αντὶ</em></strong></span> <span class='ocrx_word' id='word_1_298' title='bbox 386 3975 440 4036; x_wconf 79' lang='grc' dir='ltr'><strong><em>τοῦ</em></strong></span> <span class='ocrx_word' id='word_1_299' title='bbox 469 3969 748 4036; x_wconf 74' lang='grc' dir='ltr'><strong><em>ακολουύούτα</em></strong></span> <span class='ocrx_word' id='word_1_300' title='bbox 770 3972 894 4047; x_wconf 77' lang='grc' dir='ltr'><strong><em>δυῖκῶς,</em></strong></span> <span class='ocrx_word' id='word_1_301' title='bbox 920 3969 1013 4046; x_wconf 82' lang='grc' dir='ltr'><strong><em>οὕτως</em></strong></span> <span class='ocrx_word' id='word_1_302' title='bbox 1035 3974 1225 4054; x_wconf 76' lang='grc' dir='ltr'><strong><em>Ἕρμιππος.</em></strong></span> <span class='ocrx_word' id='word_1_303' title='bbox 1249 3975 1302 4040; x_wconf 75' lang='grc' dir='ltr'><strong>καὶ</strong></span> <span class='ocrx_word' id='word_1_304' title='bbox 1329 3976 1393 4059; x_wconf 69' lang='grc' dir='ltr'><strong>γὰρ</strong></span> 
     </span>
     <span class='ocr_line' id='line_1_35' title="bbox 203 4076 1394 4162; baseline 0.003 -18"><span class='ocrx_word' id='word_1_305' title='bbox 203 4080 371 4160; x_wconf 73' lang='grc' dir='ltr'><strong><em>κέχρηνται</em></strong></span> <span class='ocrx_word' id='word_1_306' title='bbox 389 4084 459 4148; x_wconf 82' lang='grc' dir='ltr'><strong><em>ταῖς</em></strong></span> <span class='ocrx_word' id='word_1_307' title='bbox 479 4077 654 4156; x_wconf 78' lang='grc' dir='ltr'><strong><em>αρτινικαῖς</em></strong></span> <span class='ocrx_word' id='word_1_308' title='bbox 673 4083 830 4158; x_wconf 81' lang='grc' dir='ltr'><strong><em>μετοχαῖς</em></strong></span> <span class='ocrx_word' id='word_1_309' title='bbox 842 4076 912 4141; x_wconf 77' lang='lat' dir='ltr'><strong>riori</strong></span> <span class='ocrx_word' id='word_1_310' title='bbox 933 4079 1066 4152; x_wconf 77' lang='grc' dir='ltr'><strong><em>ύνλυκιῖν</em></strong></span> <span class='ocrx_word' id='word_1_311' title='bbox 1088 4078 1250 4154; x_wconf 72' lang='grc' dir='ltr'><strong><em>πολλάκις.</em></strong></span> <span class='ocrx_word' id='word_1_312' title='bbox 1276 4079 1394 4162; x_wconf 83' lang='lat' dir='ltr'><strong>Quam·</strong></span> 
     </span>
     <span class='ocr_line' id='line_1_36' title="bbox 203 4181 1395 4272; baseline 0.003 -22"><span class='ocrx_word' id='word_1_313' title='bbox 203 4203 299 4271; x_wconf 89' lang='lat' dir='ltr'><strong>quam</strong></span> <span class='ocrx_word' id='word_1_314' title='bbox 332 4182 410 4249; x_wconf 85' lang='lat' dir='ltr'><strong>haee</strong></span> <span class='ocrx_word' id='word_1_315' title='bbox 442 4181 688 4250; x_wconf 83' lang='lat' dir='ltr'><strong>absurdasunt</strong></span> <span class='ocrx_word' id='word_1_316' title='bbox 720 4189 827 4248; x_wconf 87' lang='lat' dir='ltr'><strong>tamen</strong></span> <span class='ocrx_word' id='word_1_317' title='bbox 863 4203 899 4249; x_wconf 89' lang='lat' dir='ltr'><strong>ea</strong></span> <span class='ocrx_word' id='word_1_318' title='bbox 931 4203 982 4250; x_wconf 91' lang='lat' dir='ltr'><strong>res</strong></span> <span class='ocrx_word' id='word_1_319' title='bbox 1015 4185 1174 4251; x_wconf 88' lang='lat' dir='ltr'><strong>neminem</strong></span> <span class='ocrx_word' id='word_1_320' title='bbox 1201 4204 1395 4272; x_wconf 81' lang='lat' dir='ltr'><strong>magnopere</strong></span> 
     </span>
     <span class='ocr_line' id='line_1_37' title="bbox 203 4285 1396 4380; baseline 0 -20"><span class='ocrx_word' id='word_1_321' title='bbox 203 4310 329 4360; x_wconf 82' lang='lat' dir='ltr'><strong>movere</strong></span> <span class='ocrx_word' id='word_1_322' title='bbox 360 4287 498 4355; x_wconf 78' lang='lat' dir='ltr'><strong>violetur.</strong></span> <span class='ocrx_word' id='word_1_323' title='bbox 551 4285 686 4352; x_wconf 84' lang='lat' dir='ltr'><strong>Utuntur</strong></span> <span class='ocrx_word' id='word_1_324' title='bbox 713 4289 895 4354; x_wconf 85' lang='lat' dir='ltr'><strong>ooosoutinis</strong></span> <span class='ocrx_word' id='word_1_325' title='bbox 915 4311 974 4375; x_wconf 84' lang='lat' dir='ltr'><strong>pro</strong></span> <span class='ocrx_word' id='word_1_326' title='bbox 998 4291 1160 4378; x_wconf 71' lang='lat' dir='ltr'><strong>femininis</strong></span> <span class='ocrx_word' id='word_1_327' title='bbox 1184 4291 1279 4378; x_wconf 82' lang='lat' dir='ltr'><strong>ioque</strong></span> <span class='ocrx_word' id='word_1_328' title='bbox 1304 4315 1396 4380; x_wconf 87' lang='lat' dir='ltr'><strong>soepe</strong></span> 
     </span>
     <span class='ocr_line' id='line_1_38' title="bbox 202 4391 1397 4482; baseline 0.001 -19"><span class='ocrx_word' id='word_1_329' title='bbox 202 4395 348 4464; x_wconf 81' lang='lat' dir='ltr'><strong>iaciunt:</strong></span> <span class='ocrx_word' id='word_1_330' title='bbox 375 4393 467 4481; x_wconf 89' lang='lat' dir='ltr'><strong>quasi</strong></span> <span class='ocrx_word' id='word_1_331' title='bbox 492 4412 569 4460; x_wconf 84' lang='lat' dir='ltr'><strong>vero</strong></span> <span class='ocrx_word' id='word_1_332' title='bbox 595 4391 671 4461; x_wconf 75' lang='lat' dir='ltr'><strong>isaeo</strong></span> <span class='ocrx_word' id='word_1_333' title='bbox 692 4394 866 4462; x_wconf 79' lang='lat' dir='ltr'><strong>moretolioo</strong></span> <span class='ocrx_word' id='word_1_334' title='bbox 890 4397 955 4461; x_wconf 88' lang='lat' dir='ltr'><strong>siut</strong></span> <span class='ocrx_word' id='word_1_335' title='bbox 979 4405 1011 4462; x_wconf 89' lang='lat' dir='ltr'><strong>et</strong></span> <span class='ocrx_word' id='word_1_336' title='bbox 1037 4416 1277 4482; x_wconf 89' lang='lat' dir='ltr'><strong>nonnumquam</strong></span> <span class='ocrx_word' id='word_1_337' title='bbox 1302 4398 1397 4465; x_wconf 83' lang='lat' dir='ltr'><strong>aliter</strong></span> 
     </span>
    </p>
   </div>
   <div class='ocr_carea' id='block_1_5' title="bbox 0 0 1580 4972">
    <p class='ocr_par' dir='ltr' id='par_1_8' title="bbox 0 0 1580 4972">
     <span class='ocr_line' id='line_1_39' title="bbox 0 0 1580 4972; baseline 0 1"><span class='ocrx_word' id='word_1_338' title='bbox 0 0 1580 4972; x_wconf 95' lang='lat' dir='ltr'><strong> </strong></span> 
     </span>
    </p>
   </div>
  </div>
 </body>
</html>
