3086 4974
589 1173 767 1244 CAPUT
803 1175 857 1244 lV.

211 1403 420 1452 osuosrosms
442 1385 507 1470 περὶ
533 1388 805 1472 Παραπρεσβείας.
856 1407 1024 1455 rsoumros.
1045 1467 1051 1477 ι
1072 1389 1229 1456 Lucrinus.

547 1515 639 1562 rutro
661 1496 700 1562 de
723 1493 901 1583 Reprtbliro.

633 1794 822 1818 ..θ’-

176 2029 390 2096 'l’ransiturus
421 2028 460 2096 ad
488 2028 657 2097 Aeschinis
687 2030 863 2097 orationem
887 2029 954 2114 περὶ
978 2036 1032 2104 τῆς
1056 2029 1315 2112 παραπρεσβείας

132 2134 272 2222 primum
298 2135 523 2204 Demosthenis
547 2136 785 2204 accusationem
811 2135 982 2220 diligenter
1006 2134 1125 2220 relegi,
1151 2137 1183 2202 in
1203 2155 1267 2222 qua
1288 2137 1315 2202 si

130 2240 208 2328 quid
239 2251 296 2308 aut
319 2261 337 2307 a
361 2239 477 2306 scrihis
509 2241 657 2308 vitiatum
686 2251 742 2307 aut
767 2260 785 2307 a
809 2241 917 2306 sciolis
949 2239 1176 2327 interpolatum
1205 2241 1315 2328 depre-

131 2343 226 2410 hendi
252 2347 363 2432 paucis
386 2364 583 2433 expromam.
619 2345 726 2432 Longe
750 2345 811 2412 alia
837 2343 998 2432 plerisque
1017 2345 1234 2415 videturesse
1254 2349 1315 2413 eri·

130 2469 201 2516 seos
223 2450 419 2518 desohioeae
441 2453 525 2518 ratio
548 2457 581 2517 et
605 2449 867 2524 lleruostheoeae.
918 2450 1087 2518 Aeschinis
1110 2451 1208 2520 libros
1231 2453 1317 2520 inter

128 2575 242 2623 omnes
274 2567 397 2623 coristut
430 2576 533 2644 neque
565 2559 714 2644 antiquos
745 2577 813 2623 esse
835 2555 1010 2622 admodum
1044 2577 1146 2644 neque
1172 2559 1317 2644 integrae

131 2659 214 2728 lidei.
263 2661 345 2730 Sunt
368 2672 475 2729 autem
502 2661 565 2728 duo
591 2662 766 2750 pervetusti
791 2662 958 2728 Parisinus
978 2684 1007 2749 g.
1029 2662 1114 2749 apud
1135 2663 1314 2730 Bellorum

127 2775 159 2834 et
183 2767 399 2835 (loislinianus
420 2767 459 2845 l.,
483 2769 538 2855 qui
566 2767 646 2834 mihi
672 2769 799 2856 saepius
824 2769 1008 2854 inspicienti
1034 2767 1162 2834 saeculo
1185 2770 1317 2838 circiter

126 2874 251 2940 decimo
272 2875 395 2941 exarati
420 2893 491 2940 esse
515 2872 722 2950 videbantur,
746 2873 802 2941 sed
827 2871 923 2940 iidem
948 2873 1114 2941 erroribus
1136 2883 1168 2940 et
1191 2874 1316 2942 mendis

126 2999 220 3046 omne
244 2999 348 3066 genus
374 2981 431 3046 toti
456 2978 551 3045 obsiti
573 2987 607 3046 et
629 2982 788 3066 cooperti,
814 2979 961 3047 meliores
988 2987 1096 3046 autern
1119 2985 1217 3046 testes
1236 2979 1315 3045 eth·

125 3083 263 3152 deliores
284 3105 311 3152 a.
338 3085 367 3151 h.
395 3085 427 3153 h.
453 3085 476 3152 l.
502 3093 608 3153 aetate
629 3086 844 3152 recentissimi
865 3095 954 3152 sunt.
991 3085 1107 3154 Contra
1131 3087 1314 3154 Dernosthe·

126 3192 176 3256 nis
200 3189 273 3257 lihri
307 3192 382 3258 lise.
417 3199 592 3279 supersunt
616 3199 649 3257 et
673 3193 774 3258 urirae
797 3191 968 3258 vetustatis
992 3201 1024 3259 et
1051 3191 1122 3260 fidei
1148 3194 1314 3280 spectatis·

125 3297 244 3376 simae,
277 3298 308 3363 in
335 3296 452 3384 quihus
486 3298 701 3386 principatum
736 3296 828 3364 laoile
856 3296 977 3364 ohtinet
1014 3298 1195 3366 celebratus
1230 3299 1314 3386 apud

124 3422 237 3470 onmes
259 3403 426 3472 Parisinus
451 3401 490 3480 S,
514 3423 610 3490 quem
636 3412 726 3469 tauto
749 3422 844 3489 opere
870 3402 1014 3470 nonnulli
1035 3403 1256 3484 admiruntur,
1281 3414 1315 3471 ut

124 3507 343 3593 ἀναμάρτητον
367 3517 399 3574 et
423 3510 510 3574 ononi
536 3507 652 3576 ruendo
675 3527 811 3576 vacuum
837 3528 906 3574 esse
928 3509 1132 3595 praedicent,
1157 3530 1237 3597 quos
1256 3531 1316 3598 ego

126 3623 183 3698 qut
214 3634 392 3703 numquam
424 3614 604 3681 excussisse
639 3614 820 3680 Parisioum
855 3601 889 3680 S,
912 3614 1079 3702 suspicor,
1112 3623 1169 3680 aut
1200 3616 1232 3681 iu
1257 3616 1315 3683 tali

126 3739 222 3787 causa
248 3719 370 3788 iudices
394 3741 463 3788 esse
487 3718 690 3788 reiiciendos.
737 3719 847 3806 Neque
872 3719 1038 3791 homiuum
1064 3723 1235 3808 quisquam
1262 3743 1315 3789 ue·

126 3844 189 3912 que
219 3824 374 3892 librorum
408 3825 448 3892 ab
478 3845 587 3894 errore
620 3826 775 3892 immunis
809 3834 865 3891 ant
895 3843 980 3892 nuuc
1005 3836 1054 3893 est
1078 3837 1134 3894 aut
1160 3847 1313 3914 umquem

126 3929 198 4000 luit.
246 3930 402 4018 Equidem
426 3933 555 4020 saepius
580 3931 714 3997 Parisiis
739 3931 857 3997 librum
883 3933 1049 4018 egregium
1077 3935 1219 4012 versavi,
1251 3953 1313 4000 non

126 4045 161 4104 nt
186 4037 291 4104 varias
315 4039 494 4126 scripturas
519 4036 723 4123 colligerem,
748 4037 853 4104 inanis
873 4039 959 4104 enim
982 4037 1036 4105 ille
1055 4037 1145 4104 lobor
1161 4048 1210 4105 est
1233 4049 1315 4127 post·

124 4163 220 4232 quam
259 4143 423 4212 lieltherus
457 4143 634 4212 demessuit
672 4151 838 4227 segetem,
874 4141 1046 4211 lluhneros
1081 4165 1174 4212 meus
1208 4147 1315 4233 spicas

123 4251 220 4316 etiarn
247 4245 455 4319 tenuissimas
479 4249 573 4338 legit,
598 4247 654 4316 sed
674 4251 749 4336 quie
773 4246 851 4312 nihil
869 4249 1018 4316 criticam
1041 4251 1108 4316 sive
1128 4249 1314 4318 facultatem

124 4354 218 4422 medis
250 4357 317 4424 sire
348 4365 450 4433 artem
486 4355 601 4424 niellus
631 4365 663 4423 et
695 4355 803 4422 acrius
827 4354 966 4431 excitat,
992 4353 1067 4432 alit,
1099 4357 1189 4424 acuit
1217 4375 1313 4443 quam

124 4470 269 4530 veterum
296 4461 451 4530 librorum
479 4463 629 4530 tractatio
652 4469 683 4530 et
703 4461 749 4527 rei
773 4458 1054 4548 palaeographicae
1074 4459 1203 4530 assidua
1227 4481 1316 4530 exer·
