3160 4972
870 291 943 360 464

309 494 344 550 ut
367 505 407 550 ea
431 493 461 550 te
483 482 594 550 ordire
617 484 717 562 soleo,
746 505 807 549 ooo
830 483 908 550 sotir
930 487 1063 554 scienter
1085 482 1187 548 rr'rum
1212 479 1324 546 bosom
1346 489 1373 546 rt
1394 479 1475 544 cison

310 589 471 678 eprapium
496 589 640 676 [censor]
664 588 697 654 C.
731 587 856 656 Ateium
887 593 1021 671 notovit,
1051 590 1134 680 quod
1156 588 1336 657 ementitum
1358 583 1476 669 euspicio

309 695 504 782 subscripsit.
550 692 648 760 Esto:
685 695 784 782 snserit
815 695 872 762 boc
891 718 1052 778 consonis,
1076 697 1105 762 ri
1129 694 1285 762 iudicabat
1307 689 1475 760 ementitum.

312 801 351 868 Ar
382 799 466 866 iliud
494 800 621 866 minime
650 802 781 890 nupseris
805 803 887 888 qood
909 803 1076 891 adscripsit
1100 801 1137 867 ob
1161 821 1230 866 eom
1253 817 1379 866 cousom
1396 813 1478 880 popu·

311 906 377 972 lom
421 889 597 974 Bomoor'rm
628 905 838 974 calamitatem
870 909 1045 976 mosimom
1076 927 1206 974 esrum.
1254 903 1343 986 Quae
1376 908 1420 968 est
1451 916 1479 964 et

310 1031 461 1100 perversa
495 1020 528 1080 et
551 1010 691 1080 absurde
716 1012 885 1081 verborum
911 1015 1116 1102 compositio:
1141 1011 1246 1078 circem
1269 1009 1380 1074 bonum
1402 1015 1428 1072 ct
1447 1003 1480 1070 ci·

312 1139 382 1186 uem
412 1119 574 1207 eprcpiom
602 1137 718 1186 censor
753 1119 786 1186 b'.
819 1118 943 1186 Ateium
966 1120 1104 1188 notovit!
1135 1118 1307 1185 Poteratne
1327 1133 1428 1181 censor
1448 1108 1480 1174 ibi

311 1225 497 1312 interponit
524 1225 637 1311 itaque
661 1232 717 1290 aut
743 1224 1003 1293 transferendum
1028 1233 1078 1294 est
1100 1233 1157 1292 out
1180 1219 1370 1290 toliendum.
1402 1213 1481 1304 Equi·

310 1329 383 1400 dem
415 1329 592 1398 tollendum
624 1349 786 1398 censeam.
839 1329 886 1398 Ab
923 1333 1024 1420 Appio
1057 1351 1180 1398 cesion
1211 1327 1244 1397 G.
1277 1326 1406 1394 Ateium
1428 1339 1481 1388 esse

311 1446 457 1506 notatum
491 1456 548 1524 per
579 1456 614 1504 se
648 1445 733 1522 patet
758 1445 791 1504 ct
815 1439 923 1504 statim
949 1436 1101 1506 additur:
1127 1435 1224 1526 suerit
1260 1433 1319 1500 boc
1353 1447 1481 1500 consono.

311 1543 481 1612 Praeterea
510 1543 543 1608 in
569 1541 683 1610 ultimo
705 1543 860 1610 voooouto
885 1543 1000 1610 vitium
1025 1551 1084 1610 est.
1120 1541 1270 1611 Latinum
1296 1549 1349 1608 est
1369 1533 1480 1604 calami·

311 1657 410 1718 tatem
442 1649 596 1734 occipere,
631 1655 665 1714 nt
697 1639 866 1730 iniuriam,
899 1649 1037 1730 vuinus,
1071 1647 1227 1716 damnum
1253 1647 1411 1733 occipere,
1432 1657 1478 1708 mu

311 1775 431 1844 copore.
468 1753 656 1822 umenuovn
684 1753 759 1822 oiim
785 1755 982 1834 Lambinus,
1006 1754 1162 1832 idoneus.
1185 1755 1212 1820 si
1238 1749 1433 1840 quisalius,
1457 1747 1479 1810 in

310 1859 367 1928 tati
402 1880 436 1928 re
467 1859 581 1940 iudex,
612 1859 668 1928 scd
699 1869 788 1928 certa
816 1861 1001 1929 emendatio
1032 1857 1269 1928 inconsiderate
1301 1867 1410 1946 spreta
1436 1861 1479 1920 est.

313 1965 477 2054 Scriptum
501 1975 572 2033 erat
596 1957 885 2045 austisiodorensi,
918 1967 1037 2036 omissa
1060 1975 1138 2034 suot
1161 1964 1201 2034 de
1225 1983 1316 2032 more
1341 1985 1377 2030 no
1399 1971 1428 2029 et
1447 1960 1479 2026 sic
1512 1975 1514 2014 Ι

313 2081 425 2140 natum
446 2072 561 2138 vitium
586 2081 645 2140 est.

358 2178 394 2247 in
418 2177 548 2247 librol.
572 2180 668 2264 531.
696 2176 810 2246 Cicero
830 2179 980 2250 dederat.
1005 2181 1114 2248 multis
1133 2178 1225 2246 nnsis
1241 2187 1313 2265 post
1335 2173 1478 2244 Romoton

311 2282 421 2352 Prisco
451 2293 617 2371 reprobato,
648 2282 821 2372 adscripsit
851 2289 959 2355 nescio
983 2277 1057 2375 duis
1080 2287 1112 2353 in
1138 2286 1285 2372 margine
1314 2279 1514 2371 Tarquinio

312 2391 422 2477 itaque
453 2389 547 2457 bodie
579 2389 699 2476 tegitur
731 2389 840 2460 Prisco
869 2405 1019 2482 reponere
1055 2393 1233 2482 Tarquinio.
1273 2391 1350 2478 Ipsa
1376 2403 1478 2472 compr

311 2497 387 2563 sitio
419 2494 564 2564 fraudem
595 2499 717 2584 arguit.
764 2499 838 2565 Post
864 2520 982 2588 pauca:
1006 2503 1273 2588 capessentum
1299 2507 1348 2562 ast
1374 2505 1407 2562 ot
1428 2509 1477 2560 cun

311 2601 353 2670 od
379 2623 413 2669 so
440 2623 498 2668 roc
531 2602 692 2690 [Priscus]
723 2617 911 2686 arcesseret,
944 2627 1059 2674 nornen
1084 2604 1214 2674 Priscus
1238 2603 1415 2670 insiticium
1435 2603 1477 2664 est·

312 2708 430 2776 Contra
467 2707 587 2775 excidit
619 2707 740 2796 aliquid
767 2711 800 2776 in
832 2732 901 2800 sqq.
930 2713 1025 2780 Guirrs
1048 2733 1144 2804 quum
1169 2720 1308 2778 tentum
1341 2705 1478 2775 scientior

310 2826 501 2902 onpurotor.
528 2815 691 2882 imovero
714 2837 810 2902 quum
833 2826 953 2886 tentum
977 2839 1100 2886 vannos.

357 2926 393 2988 ln
418 2919 498 2988 Attii
522 2918 703 3006 fragmento
726 2921 764 2988 de
791 2921 897 2992 bivio.
923 2929 945 2992 1.
973 2927 990 3010 §
1017 2929 1072 2992 tt.

452 3025 559 3091 Virum
583 3036 628 3092 est
650 3027 684 3091 io
707 3028 824 3093 somnis
844 3040 1001 3116 pastorem
1021 3030 1062 3096 od
1087 3050 1137 3095 me
1160 3025 1317 3116 oppetiere
1509 3105 1510 3112 ἵ

447 3152 542 3220 pecus
564 3132 742 3220 inciperam
765 3135 884 3200 eximio
904 3135 1159 3225 pototrtrottoc:

446 3238 524 3304 duos
546 3238 788 3325 emrsoopuiners
810 3241 922 3308 arietes
944 3241 1018 3309 todo
1041 3241 1134 3330 altpt,

443 3345 745 3432 pruectorimempue
767 3344 902 3413 ottemrm
925 3348 1090 3416 immolare
1113 3367 1174 3415 me.

311 3450 435 3519 scribae
457 3451 629 3537 antiquum
653 3450 813 3521 obtinent:
838 3473 939 3540 quum
964 3463 1048 3522 esset
1073 3454 1232 3541 scriptum

448 3557 592 3624 Visosn
579 3580 613 3622 m
636 3559 753 3624 somnis
774 3567 883 3645 parton
907 3559 948 3625 od
971 3583 1021 3626 mo
1043 3560 1222 3648 appellere,

310 3674 344 3735 et
370 3662 636 3752 insequentibus
665 3663 857 3732 indirectam
888 3667 1067 3733 orationem
1096 3665 1260 3744 viderent,
1295 3627 1508 3748 exaequabit

310 3771 390 3838 haec
414 3790 484 3838 esse
507 3771 629 3857 opinati
656 3778 742 3837 sunt.
790 3770 912 3838 Graeco
934 3774 1062 3841 senario
1084 3771 1222 3839 dixeris:

542 3873 623 3953 ἔδοξε
650 3879 764 3958 ποιμὴν
787 3903 827 3960 rrp
828 3878 921 3960 t’ssoc
946 3879 1125 3946 ἐλαύνειν
1106 3906 1145 3955 coc
1169 3879 1235 3961 ἐμέ.

309 3981 367 4050 ubi
392 3982 419 4048 si
445 3982 517 4069 quis
537 3981 619 4062 ἔδοξε
640 3986 816 4063 ποιμένα
835 3983 1032 4053 substituere
1051 3985 1163 4066 vellet,
1191 3985 1324 4073 perinde
1345 3975 1475 4052 essetab
1505 4009 1506 4085 i

311 4087 446 4156 surdum
478 4107 516 4154 ao
547 4089 574 4153 si
606 4090 680 4176 quis
713 4090 825 4158 Latine
857 4091 996 4158 diceret:
1032 4113 1123 4160 visun
1143 4103 1188 4160 est
1211 4113 1365 4160 roaronur
1388 4087 1426 4156 od
1443 4099 1476 4147 ru

311 4194 469 4284 oppetiere
491 4215 597 4281 pecus.
1504 4237 1505 4244 κ

365 4299 443 4366 Ibid.
476 4305 499 4364 L
537 4305 554 4384 t
588 4304 639 4368 46.
666 4300 849 4369 Heroobdcs
872 4302 979 4370 doctius
1000 4305 1066 4382 uir,
1089 4303 1213 4370 auditor
1242 4306 1289 4391 [et
1309 4259 1505 4390 disciputus]

312 4407 462 4474 Platonis.
510 4409 716 4495 Interstropit
740 4408 879 4489 sciolus,
904 4410 959 4478 sed
986 4409 1147 4478 neminem
1172 4409 1320 4500 decipiet.
1503 4451 1504 4490 p
