<?xml version="1.0" encoding="UTF-8"?>
<!DOCTYPE html PUBLIC "-//W3C//DTD XHTML 1.0 Transitional//EN"
    "http://www.w3.org/TR/xhtml1/DTD/xhtml1-transitional.dtd">
<html xmlns="http://www.w3.org/1999/xhtml" xml:lang="en" lang="en">
 <head>
  <title>
</title>
<meta http-equiv="Content-Type" content="text/html;charset=utf-8" />
  <meta name='ocr-system' content='tesseract 3.04.00' />
  <meta name='ocr-capabilities' content='ocr_page ocr_carea ocr_par ocr_line ocrx_word'/>
</head>
<body>
  <div class='ocr_page' id='page_1' title='image "./variaelectiones04cobegoog_0104.png"; bbox 0 0 3150 4972; ppageno 0'>
   <div class='ocr_carea' id='block_1_1' title="bbox 700 395 747 466">
    <p class='ocr_par' dir='ltr' id='par_1_1' title="bbox 700 395 747 466">
     <span class='ocr_line' id='line_1_1' title="bbox 700 395 747 466; baseline 0 0"><span class='ocrx_word' id='word_1_1' title='bbox 700 395 747 466; x_wconf 81' lang='lat'><strong>63</strong></span> 
     </span>
    </p>
   </div>
   <div class='ocr_carea' id='block_1_2' title="bbox 127 588 1326 2150">
    <p class='ocr_par' dir='ltr' id='par_1_2' title="bbox 127 588 1326 2150">
     <span class='ocr_line' id='line_1_2' title="bbox 127 588 1320 678; baseline -0.003 -21"><span class='ocrx_word' id='word_1_2' title='bbox 127 592 207 669; x_wconf 71' lang='lat' dir='ltr'><strong>nlo,</strong></span> <span class='ocrx_word' id='word_1_3' title='bbox 233 588 387 672; x_wconf 73' lang='grc' dir='ltr'><strong><em>ἡσυχίαν,</em></strong></span> <span class='ocrx_word' id='word_1_4' title='bbox 419 593 543 675; x_wconf 69' lang='grc' dir='ltr'><strong>εἰρήνην.</strong></span> <span class='ocrx_word' id='word_1_5' title='bbox 582 595 653 678; x_wconf 75' lang='lat' dir='ltr'><strong>§tn</strong></span> <span class='ocrx_word' id='word_1_6' title='bbox 680 591 819 671; x_wconf 68' lang='grc' dir='ltr'><strong>ἀμοιβήν</strong></span> <span class='ocrx_word' id='word_1_7' title='bbox 856 597 941 656; x_wconf 89' lang='lat' dir='ltr'><strong>recte</strong></span> <span class='ocrx_word' id='word_1_8' title='bbox 966 608 984 654; x_wconf 85' lang='lat' dir='ltr'><strong>a</strong></span> <span class='ocrx_word' id='word_1_9' title='bbox 1009 589 1175 674; x_wconf 74' lang='lat' dir='ltr'><strong>magistris</strong></span> <span class='ocrx_word' id='word_1_10' title='bbox 1198 588 1320 673; x_wconf 86' lang='lat' dir='ltr'><strong>impro-</strong></span> 
     </span>
     <span class='ocr_line' id='line_1_3' title="bbox 129 691 1321 785; baseline -0.003 -22"><span class='ocrx_word' id='word_1_11' title='bbox 129 696 229 763; x_wconf 81' lang='lat' dir='ltr'><strong>balur</strong></span> <span class='ocrx_word' id='word_1_12' title='bbox 252 695 293 762; x_wconf 83' lang='lat' dir='ltr'><strong>ol.</strong></span> <span class='ocrx_word' id='word_1_13' title='bbox 318 696 454 776; x_wconf 73' lang='lat' dir='ltr'><strong>blesum,</strong></span> <span class='ocrx_word' id='word_1_14' title='bbox 480 719 510 785; x_wconf 88' lang='lat' dir='ltr'><strong>p.</strong></span> <span class='ocrx_word' id='word_1_15' title='bbox 531 701 585 764; x_wconf 80' lang='lat'><strong>80.</strong></span> <span class='ocrx_word' id='word_1_16' title='bbox 622 700 640 783; x_wconf 90' lang='lat'><em>§</em></span> <span class='ocrx_word' id='word_1_17' title='bbox 666 703 697 762; x_wconf 74' lang='grc' dir='ltr'><strong>ὅ.</strong></span> <span class='ocrx_word' id='word_1_18' title='bbox 722 701 806 777; x_wconf 70' lang='grc' dir='ltr'><strong>μήτε</strong></span> <span class='ocrx_word' id='word_1_19' title='bbox 829 691 877 763; x_wconf 80' lang='grc' dir='ltr'><strong>οὖν</strong></span> <span class='ocrx_word' id='word_1_20' title='bbox 896 697 927 769; x_wconf 72' lang='grc' dir='ltr'><strong>ἐς</strong></span> <span class='ocrx_word' id='word_1_21' title='bbox 947 695 1044 762; x_wconf 77' lang='grc' dir='ltr'><strong><em>νέοντο</em></strong></span> <span class='ocrx_word' id='word_1_22' title='bbox 1063 694 1126 771; x_wconf 76' lang='lat' dir='ltr'><strong>ein:</strong></span> <span class='ocrx_word' id='word_1_23' title='bbox 1149 695 1321 760; x_wconf 77' lang='lat' dir='ltr'><strong>Atticorum</strong></span> 
     </span>
     <span class='ocr_line' id='line_1_4' title="bbox 129 798 1321 889; baseline -0.002 -21"><span class='ocrx_word' id='word_1_24' title='bbox 129 802 251 869; x_wconf 87' lang='lat' dir='ltr'><strong>oblitus</strong></span> <span class='ocrx_word' id='word_1_25' title='bbox 281 809 330 867; x_wconf 87' lang='lat' dir='ltr'><strong>ast</strong></span> <span class='ocrx_word' id='word_1_26' title='bbox 354 804 540 882; x_wconf 79' lang='lat' dir='ltr'><strong>nncrrnnon,</strong></span> <span class='ocrx_word' id='word_1_27' title='bbox 572 802 690 889; x_wconf 86' lang='lat' dir='ltr'><strong>quibus</strong></span> <span class='ocrx_word' id='word_1_28' title='bbox 715 805 746 869; x_wconf 93' lang='lat' dir='ltr'><strong>ln</strong></span> <span class='ocrx_word' id='word_1_29' title='bbox 770 824 807 870; x_wconf 90' lang='lat' dir='ltr'><strong>ea</strong></span> <span class='ocrx_word' id='word_1_30' title='bbox 833 823 866 868; x_wconf 92' lang='lat' dir='ltr'><strong>re</strong></span> <span class='ocrx_word' id='word_1_31' title='bbox 890 801 1031 867; x_wconf 79' lang='lat' dir='ltr'><strong>solemne</strong></span> <span class='ocrx_word' id='word_1_32' title='bbox 1051 811 1097 866; x_wconf 90' lang='lat' dir='ltr'><strong>est</strong></span> <span class='ocrx_word' id='word_1_33' title='bbox 1123 798 1249 866; x_wconf 82' lang='lat' dir='ltr'>dicere:</span> <span class='ocrx_word' id='word_1_34' title='bbox 1276 801 1321 880; x_wconf 70' lang='lat' dir='ltr'><strong>ul</strong></span> 
     </span>
     <span class='ocr_line' id='line_1_5' title="bbox 129 905 1322 996; baseline -0.003 -23"><span class='ocrx_word' id='word_1_35' title='bbox 129 906 240 991; x_wconf 74' lang='lat' dir='ltr'><strong>b&#39;paco</strong></span> <span class='ocrx_word' id='word_1_36' title='bbox 263 905 365 974; x_wconf 81' lang='grc' dir='ltr'><strong><em>ἵκοντο.</em></strong></span> <span class='ocrx_word' id='word_1_37' title='bbox 413 909 523 996; x_wconf 82' lang='lat' dir='ltr'>Neque</span> <span class='ocrx_word' id='word_1_38' title='bbox 540 919 647 975; x_wconf 85' lang='lat' dir='ltr'><strong>tamen</strong></span> <span class='ocrx_word' id='word_1_39' title='bbox 675 911 845 976; x_wconf 72' lang='lat' dir='ltr'><strong>Acerranos</strong></span> <span class='ocrx_word' id='word_1_40' title='bbox 863 911 1080 995; x_wconf 86' lang='lat' dir='ltr'><strong>potiusquam</strong></span> <span class='ocrx_word' id='word_1_41' title='bbox 1103 905 1193 971; x_wconf 86' lang='lat' dir='ltr'><strong>scioli</strong></span> <span class='ocrx_word' id='word_1_42' title='bbox 1211 905 1322 973; x_wconf 77' lang='lat' dir='ltr'><strong>vitlen-</strong></span> 
     </span>
     <span class='ocr_line' id='line_1_6' title="bbox 130 1011 1322 1101; baseline -0.002 -21"><span class='ocrx_word' id='word_1_43' title='bbox 130 1023 188 1080; x_wconf 86' lang='lat' dir='ltr'><strong>tur</strong></span> <span class='ocrx_word' id='word_1_44' title='bbox 207 1011 375 1101; x_wconf 83' lang='lat' dir='ltr'><strong>culpandi,</strong></span> <span class='ocrx_word' id='word_1_45' title='bbox 393 1015 449 1100; x_wconf 84' lang='lat' dir='ltr'><strong>qui</strong></span> <span class='ocrx_word' id='word_1_46' title='bbox 471 1023 624 1082; x_wconf 78' lang='lat' dir='ltr'><strong>venustae</strong></span> <span class='ocrx_word' id='word_1_47' title='bbox 643 1024 675 1081; x_wconf 88' lang='lat' dir='ltr'><strong>et</strong></span> <span class='ocrx_word' id='word_1_48' title='bbox 696 1016 875 1101; x_wconf 79' lang='lat' dir='ltr'><strong>exquisitae</strong></span> <span class='ocrx_word' id='word_1_49' title='bbox 894 1012 1051 1080; x_wconf 80' lang='lat' dir='ltr'><strong>formulae</strong></span> <span class='ocrx_word' id='word_1_50' title='bbox 1070 1011 1205 1091; x_wconf 81' lang='lat' dir='ltr'><strong>Atticae,</strong></span> <span class='ocrx_word' id='word_1_51' title='bbox 1224 1031 1322 1098; x_wconf 89' lang='lat' dir='ltr'><strong>quam</strong></span> 
     </span>
     <span class='ocr_line' id='line_1_7' title="bbox 131 1117 1323 1207; baseline -0.001 -22"><span class='ocrx_word' id='word_1_52' title='bbox 131 1120 285 1207; x_wconf 88' lang='lat' dir='ltr'><strong>perpauci</strong></span> <span class='ocrx_word' id='word_1_53' title='bbox 310 1119 548 1206; x_wconf 76' lang='lat' dir='ltr'><strong>intelligebant,</strong></span> <span class='ocrx_word' id='word_1_54' title='bbox 570 1120 800 1187; x_wconf 80' lang='lat' dir='ltr'><strong>substituerint</strong></span> <span class='ocrx_word' id='word_1_55' title='bbox 824 1121 1151 1207; x_wconf 83' lang='lat' dir='ltr'><strong>interpretamentum</strong></span> <span class='ocrx_word' id='word_1_56' title='bbox 1174 1117 1323 1204; x_wconf 79' lang='lat' dir='ltr'><strong>uulgare,</strong></span> 
     </span>
     <span class='ocr_line' id='line_1_8' title="bbox 130 1223 1323 1309; baseline -0.001 -21"><span class='ocrx_word' id='word_1_57' title='bbox 130 1223 239 1290; x_wconf 82' lang='lat' dir='ltr'><strong>uerbis</strong></span> <span class='ocrx_word' id='word_1_58' title='bbox 262 1223 301 1292; x_wconf 88' lang='lat' dir='ltr'><strong>de</strong></span> <span class='ocrx_word' id='word_1_59' title='bbox 325 1226 421 1292; x_wconf 88' lang='lat' dir='ltr'><strong>trivio</strong></span> <span class='ocrx_word' id='word_1_60' title='bbox 444 1228 574 1293; x_wconf 89' lang='lat' dir='ltr'><strong>sumtis.</strong></span> <span class='ocrx_word' id='word_1_61' title='bbox 611 1229 667 1304; x_wconf 73' lang='lat' dir='ltr'><strong>Mi</strong></span> <span class='ocrx_word' id='word_1_62' title='bbox 691 1223 799 1309; x_wconf 75' lang='grc' dir='ltr'><strong><em>ὄρνισιν</em></strong></span> <span class='ocrx_word' id='word_1_63' title='bbox 818 1224 890 1293; x_wconf 79' lang='grc' dir='ltr'><strong><em>ἵκοιο</em></strong></span> <span class='ocrx_word' id='word_1_64' title='bbox 911 1225 1022 1291; x_wconf 83' lang='lat' dir='ltr'><strong>Atticis</strong></span> <span class='ocrx_word' id='word_1_65' title='bbox 1041 1234 1074 1290; x_wconf 84' lang='lat' dir='ltr'><strong>et</strong></span> <span class='ocrx_word' id='word_1_66' title='bbox 1087 1223 1247 1290; x_wconf 74' lang='lat' dir='ltr'><strong>Atticistis</strong></span> <span class='ocrx_word' id='word_1_67' title='bbox 1268 1223 1323 1289; x_wconf 88' lang='lat' dir='ltr'><strong>tri·</strong></span> 
     </span>
     <span class='ocr_line' id='line_1_9' title="bbox 132 1328 1324 1419; baseline -0.003 -23"><span class='ocrx_word' id='word_1_68' title='bbox 132 1330 296 1397; x_wconf 84' lang='lat' dir='ltr'><strong>tissimum</strong></span> <span class='ocrx_word' id='word_1_69' title='bbox 328 1339 389 1397; x_wconf 89' lang='lat' dir='ltr'><strong>est.</strong></span> <span class='ocrx_word' id='word_1_70' title='bbox 438 1331 555 1398; x_wconf 79' lang='lat' dir='ltr'><strong>Tribus</strong></span> <span class='ocrx_word' id='word_1_71' title='bbox 587 1332 666 1398; x_wconf 89' lang='lat' dir='ltr'><strong>locis</strong></span> <span class='ocrx_word' id='word_1_72' title='bbox 699 1333 770 1399; x_wconf 90' lang='lat' dir='ltr'><strong>sine</strong></span> <span class='ocrx_word' id='word_1_73' title='bbox 804 1331 874 1398; x_wconf 88' lang='lat' dir='ltr'><strong>labe</strong></span> <span class='ocrx_word' id='word_1_74' title='bbox 904 1331 987 1419; x_wconf 88' lang='lat' dir='ltr'><strong>apud</strong></span> <span class='ocrx_word' id='word_1_75' title='bbox 1023 1330 1175 1395; x_wconf 86' lang='lat' dir='ltr'><strong>bueranuu</strong></span> <span class='ocrx_word' id='word_1_76' title='bbox 1205 1328 1324 1414; x_wconf 77' lang='lat' dir='ltr'><strong>legitur</strong></span> 
     </span>
     <span class='ocr_line' id='line_1_10' title="bbox 133 1433 1324 1523; baseline -0.002 -23"><span class='ocrx_word' id='word_1_77' title='bbox 133 1435 219 1503; x_wconf 89' lang='lat' dir='ltr'><strong>lllll.</strong></span> <span class='ocrx_word' id='word_1_78' title='bbox 244 1439 277 1503; x_wconf 87' lang='lat'><strong>6.</strong></span> <span class='ocrx_word' id='word_1_79' title='bbox 305 1441 335 1502; x_wconf 80' lang='lat' dir='ltr'><strong>l.</strong></span> <span class='ocrx_word' id='word_1_80' title='bbox 361 1437 507 1504; x_wconf 85' lang='lat' dir='ltr'><strong>xxxnt.</strong></span> <span class='ocrx_word' id='word_1_81' title='bbox 534 1445 565 1504; x_wconf 81' lang='lat' dir='ltr'><strong>li.</strong></span> <span class='ocrx_word' id='word_1_82' title='bbox 597 1438 736 1504; x_wconf 85' lang='lat' dir='ltr'><strong>LXVlll.</strong></span> <span class='ocrx_word' id='word_1_83' title='bbox 767 1441 809 1505; x_wconf 91' lang='grc'><strong>10</strong></span> <span class='ocrx_word' id='word_1_84' title='bbox 854 1442 890 1516; x_wconf 88' lang='grc'><strong>5,</strong></span> <span class='ocrx_word' id='word_1_85' title='bbox 915 1456 995 1523; x_wconf 84' lang='lat' dir='ltr'><strong>quos</strong></span> <span class='ocrx_word' id='word_1_86' title='bbox 1020 1435 1146 1523; x_wconf 89' lang='lat' dir='ltr'><strong>primus</strong></span> <span class='ocrx_word' id='word_1_87' title='bbox 1169 1433 1324 1499; x_wconf 86' lang='lat' dir='ltr'><strong>indicarit</strong></span> 
     </span>
     <span class='ocr_line' id='line_1_11' title="bbox 132 1538 1321 1628; baseline -0.003 -20"><span class='ocrx_word' id='word_1_88' title='bbox 132 1541 325 1608; x_wconf 71' lang='lat' dir='ltr'><strong>casaubonus</strong></span> <span class='ocrx_word' id='word_1_89' title='bbox 347 1541 387 1608; x_wconf 77' lang='lat' dir='ltr'><strong>all</strong></span> <span class='ocrx_word' id='word_1_90' title='bbox 410 1545 596 1611; x_wconf 78' lang='lat' dir='ltr'><strong>nrncnacun</strong></span> <span class='ocrx_word' id='word_1_91' title='bbox 621 1565 650 1628; x_wconf 91' lang='lat' dir='ltr'><strong>p.</strong></span> <span class='ocrx_word' id='word_1_92' title='bbox 679 1549 751 1611; x_wconf 79' lang='lat'>112.</span> <span class='ocrx_word' id='word_1_93' title='bbox 776 1545 855 1610; x_wconf 91' lang='lat' dir='ltr'><strong>alios</strong></span> <span class='ocrx_word' id='word_1_94' title='bbox 880 1543 999 1610; x_wconf 89' lang='lat' dir='ltr'><strong>multos</strong></span> <span class='ocrx_word' id='word_1_95' title='bbox 1019 1541 1149 1607; x_wconf 88' lang='lat' dir='ltr'><strong>aliumle</strong></span> <span class='ocrx_word' id='word_1_96' title='bbox 1172 1538 1321 1607; x_wconf 89' lang='lat' dir='ltr'><strong>allerens.</strong></span> 
     </span>
     <span class='ocr_line' id='line_1_12' title="bbox 133 1645 1323 1736; baseline -0.002 -23"><span class='ocrx_word' id='word_1_97' title='bbox 133 1647 232 1714; x_wconf 87' lang='lat' dir='ltr'><strong>llecte</strong></span> <span class='ocrx_word' id='word_1_98' title='bbox 263 1655 371 1714; x_wconf 87' lang='lat' dir='ltr'><strong>autem</strong></span> <span class='ocrx_word' id='word_1_99' title='bbox 404 1649 540 1726; x_wconf 89' lang='lat' dir='ltr'><strong>sciolus,</strong></span> <span class='ocrx_word' id='word_1_100' title='bbox 575 1648 660 1736; x_wconf 87' lang='lat' dir='ltr'><strong>quod</strong></span> <span class='ocrx_word' id='word_1_101' title='bbox 691 1649 799 1731; x_wconf 72' lang='grc' dir='ltr'><strong><em>ὥρασιν</em></strong></span> <span class='ocrx_word' id='word_1_102' title='bbox 824 1652 1055 1735; x_wconf 88' lang='lat' dir='ltr'><strong>interpretatus</strong></span> <span class='ocrx_word' id='word_1_103' title='bbox 1079 1656 1126 1714; x_wconf 87' lang='lat' dir='ltr'><strong>est</strong></span> <span class='ocrx_word' id='word_1_104' title='bbox 1152 1647 1182 1721; x_wconf 77' lang='grc' dir='ltr'><strong>ἐς</strong></span> <span class='ocrx_word' id='word_1_105' title='bbox 1207 1645 1323 1725; x_wconf 78' lang='grc' dir='ltr'><strong><em>νέοντο,</em></strong></span> 
     </span>
     <span class='ocr_line' id='line_1_13' title="bbox 132 1752 1325 1842; baseline -0.001 -23"><span class='ocrx_word' id='word_1_106' title='bbox 132 1772 208 1819; x_wconf 85' lang='lat' dir='ltr'><strong>nam</strong></span> <span class='ocrx_word' id='word_1_107' title='bbox 231 1757 413 1839; x_wconf 90' lang='lat' dir='ltr'><strong>promiscue</strong></span> <span class='ocrx_word' id='word_1_108' title='bbox 434 1753 512 1822; x_wconf 90' lang='lat' dir='ltr'><strong>baec</strong></span> <span class='ocrx_word' id='word_1_109' title='bbox 534 1754 598 1822; x_wconf 88' lang='lat' dir='ltr'><strong>dici</strong></span> <span class='ocrx_word' id='word_1_110' title='bbox 624 1756 786 1832; x_wconf 89' lang='lat' dir='ltr'><strong>solebant,</strong></span> <span class='ocrx_word' id='word_1_111' title='bbox 810 1756 872 1821; x_wconf 88' lang='lat' dir='ltr'><strong>nisi</strong></span> <span class='ocrx_word' id='word_1_112' title='bbox 898 1753 981 1842; x_wconf 89' lang='lat' dir='ltr'><strong>quod</strong></span> <span class='ocrx_word' id='word_1_113' title='bbox 1006 1753 1114 1837; x_wconf 74' lang='grc' dir='ltr'><strong><em>ὥροσνν</em></strong></span> <span class='ocrx_word' id='word_1_114' title='bbox 1134 1752 1325 1839; x_wconf 88' lang='lat' dir='ltr'><strong>antiquiori-</strong></span> 
     </span>
     <span class='ocr_line' id='line_1_14' title="bbox 132 1858 1326 1948; baseline -0.003 -22"><span class='ocrx_word' id='word_1_115' title='bbox 132 1858 195 1926; x_wconf 92' lang='lat' dir='ltr'><strong>bus</strong></span> <span class='ocrx_word' id='word_1_116' title='bbox 224 1859 363 1946; x_wconf 84' lang='lat' dir='ltr'><strong>placuit,</strong></span> <span class='ocrx_word' id='word_1_117' title='bbox 395 1863 426 1935; x_wconf 79' lang='grc' dir='ltr'><strong>ἐς</strong></span> <span class='ocrx_word' id='word_1_118' title='bbox 458 1861 555 1928; x_wconf 75' lang='grc' dir='ltr'><strong><em>νέοντο</em></strong></span> <span class='ocrx_word' id='word_1_119' title='bbox 588 1863 697 1928; x_wconf 89' lang='lat' dir='ltr'><strong>minus</strong></span> <span class='ocrx_word' id='word_1_120' title='bbox 730 1863 885 1948; x_wconf 87' lang='lat' dir='ltr'><strong>antiquis.</strong></span> <span class='ocrx_word' id='word_1_121' title='bbox 935 1861 1039 1927; x_wconf 90' lang='lat' dir='ltr'><strong>Huius</strong></span> <span class='ocrx_word' id='word_1_122' title='bbox 1070 1861 1117 1926; x_wconf 92' lang='lat' dir='ltr'><strong>rei</strong></span> <span class='ocrx_word' id='word_1_123' title='bbox 1145 1859 1326 1926; x_wconf 85' lang='lat' dir='ltr'><strong>observatio</strong></span> 
     </span>
     <span class='ocr_line' id='line_1_15' title="bbox 132 1963 1323 2055; baseline 0 -25"><span class='ocrx_word' id='word_1_124' title='bbox 132 1963 285 2052; x_wconf 82' lang='lat' dir='ltr'><strong>prodesse</strong></span> <span class='ocrx_word' id='word_1_125' title='bbox 307 1967 423 2052; x_wconf 90' lang='lat' dir='ltr'><strong>poterit</strong></span> <span class='ocrx_word' id='word_1_126' title='bbox 446 1966 602 2048; x_wconf 84' lang='lat' dir='ltr'><strong>Sraonror,</strong></span> <span class='ocrx_word' id='word_1_127' title='bbox 624 1968 656 2033; x_wconf 95' lang='lat' dir='ltr'><strong>in</strong></span> <span class='ocrx_word' id='word_1_128' title='bbox 676 1971 770 2035; x_wconf 89' lang='lat' dir='ltr'><strong>cuius</strong></span> <span class='ocrx_word' id='word_1_129' title='bbox 791 1967 907 2034; x_wconf 89' lang='lat' dir='ltr'><strong>iambis</strong></span> <span class='ocrx_word' id='word_1_130' title='bbox 923 1966 1009 2055; x_wconf 78' lang='lat' dir='ltr'><strong>aputl</strong></span> <span class='ocrx_word' id='word_1_131' title='bbox 1030 1963 1190 2033; x_wconf 80' lang='lat' dir='ltr'><strong>Sroranurr</strong></span> <span class='ocrx_word' id='word_1_132' title='bbox 1209 1964 1323 2030; x_wconf 79' lang='lat' dir='ltr'><strong>Floril.</strong></span> 
     </span>
     <span class='ocr_line' id='line_1_16' title="bbox 132 2068 747 2150; baseline 0.005 -13"><span class='ocrx_word' id='word_1_133' title='bbox 132 2068 272 2137; x_wconf 86' lang='lat' dir='ltr'><strong>xcvttt.</strong></span> <span class='ocrx_word' id='word_1_134' title='bbox 303 2074 342 2137; x_wconf 86' lang='grc'><strong>16</strong></span> <span class='ocrx_word' id='word_1_135' title='bbox 366 2091 412 2138; x_wconf 89' lang='lat' dir='ltr'><strong>vs.</strong></span> <span class='ocrx_word' id='word_1_136' title='bbox 438 2077 477 2150; x_wconf 88' lang='grc'><strong>9,</strong></span> <span class='ocrx_word' id='word_1_137' title='bbox 506 2079 546 2140; x_wconf 89' lang='grc'><strong>10</strong></span> <span class='ocrx_word' id='word_1_138' title='bbox 570 2073 747 2140; x_wconf 86' lang='lat' dir='ltr'><strong>scribitur:</strong></span> 
     </span>
    </p>
   </div>
   <div class='ocr_carea' id='block_1_3' title="bbox 317 2177 1035 2260">
    <p class='ocr_par' dir='ltr' id='par_1_3' title="bbox 317 2177 1035 2260">
     <span class='ocr_line' id='line_1_17' title="bbox 317 2177 1035 2260; baseline 0.001 -18"><span class='ocrx_word' id='word_1_139' title='bbox 317 2177 348 2252; x_wconf 77' lang='grc' dir='ltr'><strong>ἐς</strong></span> <span class='ocrx_word' id='word_1_140' title='bbox 369 2177 466 2244; x_wconf 71' lang='lat' dir='ltr'><strong>vicora</strong></span> <span class='ocrx_word' id='word_1_141' title='bbox 490 2179 515 2245; x_wconf 70' lang='grc' dir='ltr'><strong>δ’</strong></span> <span class='ocrx_word' id='word_1_142' title='bbox 538 2180 634 2253; x_wconf 74' lang='grc' dir='ltr'><strong><em>οὐδεὶς</em></strong></span> <span class='ocrx_word' id='word_1_143' title='bbox 657 2177 721 2255; x_wconf 68' lang='grc' dir='ltr'><strong>ἔτος</strong></span> <span class='ocrx_word' id='word_1_144' title='bbox 744 2181 777 2246; x_wconf 82' lang='grc' dir='ltr'><strong>οὔ</strong></span> <span class='ocrx_word' id='word_1_145' title='bbox 802 2177 896 2246; x_wconf 75' lang='grc' dir='ltr'><strong><em>δοκέει</em></strong></span> <span class='ocrx_word' id='word_1_146' title='bbox 919 2179 1035 2260; x_wconf 79' lang='grc' dir='ltr'><strong><em>βροτῶν</em></strong></span> 
     </span>
    </p>
   </div>
   <div class='ocr_carea' id='block_1_4' title="bbox 132 2285 1322 2476">
    <p class='ocr_par' dir='ltr' id='par_1_4' title="bbox 132 2285 1322 2476">
     <span class='ocr_line' id='line_1_18' title="bbox 317 2285 979 2368; baseline 0.011 -19"><span class='ocrx_word' id='word_1_147' title='bbox 317 2287 442 2367; x_wconf 76' lang='grc' dir='ltr'><strong><em>πλούτῳ</em></strong></span> <span class='ocrx_word' id='word_1_148' title='bbox 464 2310 498 2351; x_wconf 84' lang='grc' dir='ltr'><strong>τε</strong></span> <span class='ocrx_word' id='word_1_149' title='bbox 523 2286 575 2352; x_wconf 75' lang='grc' dir='ltr'><strong>κον)</strong></span> <span class='ocrx_word' id='word_1_150' title='bbox 599 2287 706 2353; x_wconf 73' lang='grc' dir='ltr'><strong><em>θεοῖσιν</em></strong></span> <span class='ocrx_word' id='word_1_151' title='bbox 729 2285 847 2364; x_wconf 72' lang='grc' dir='ltr'><strong>ἵξεσθαι</strong></span> <span class='ocrx_word' id='word_1_152' title='bbox 870 2285 979 2368; x_wconf 72' lang='grc' dir='ltr'><strong><em>φίλος,</em></strong></span> 
     </span>
     <span class='ocr_line' id='line_1_19' title="bbox 132 2386 1322 2476; baseline -0.003 -22"><span class='ocrx_word' id='word_1_153' title='bbox 132 2389 163 2463; x_wconf 75' lang='grc' dir='ltr'><strong>ἐς</strong></span> <span class='ocrx_word' id='word_1_154' title='bbox 190 2387 288 2456; x_wconf 78' lang='grc' dir='ltr'><strong><em>νέοντο</em></strong></span> <span class='ocrx_word' id='word_1_155' title='bbox 308 2389 477 2458; x_wconf 83' lang='lat' dir='ltr'><strong>Mrrncanus</strong></span> <span class='ocrx_word' id='word_1_156' title='bbox 499 2391 585 2458; x_wconf 89' lang='lat' dir='ltr'><strong>eruit</strong></span> <span class='ocrx_word' id='word_1_157' title='bbox 602 2411 643 2458; x_wconf 82' lang='lat' dir='ltr'><strong>ex</strong></span> <span class='ocrx_word' id='word_1_158' title='bbox 661 2393 776 2467; x_wconf 77' lang='grc' dir='ltr'><strong><em>νέοτον;</em></strong></span> <span class='ocrx_word' id='word_1_159' title='bbox 799 2392 961 2467; x_wconf 87' lang='lat' dir='ltr'><strong>restituit,</strong></span> <span class='ocrx_word' id='word_1_160' title='bbox 982 2391 1007 2454; x_wconf 90' lang='lat' dir='ltr'><strong>si</strong></span> <span class='ocrx_word' id='word_1_161' title='bbox 1029 2387 1108 2476; x_wconf 78' lang='lat' dir='ltr'><strong>quill</strong></span> <span class='ocrx_word' id='word_1_162' title='bbox 1126 2387 1251 2466; x_wconf 80' lang='lat' dir='ltr'><strong>iutlico,</strong></span> <span class='ocrx_word' id='word_1_163' title='bbox 1272 2386 1322 2452; x_wconf 93' lang='lat' dir='ltr'><strong>in-</strong></span> 
     </span>
    </p>
   </div>
   <div class='ocr_carea' id='block_1_5' title="bbox 132 2497 1333 4487">
    <p class='ocr_par' dir='ltr' id='par_1_5' title="bbox 132 2497 1333 4487">
     <span class='ocr_line' id='line_1_20' title="bbox 132 2497 701 2584; baseline 0 -20"><span class='ocrx_word' id='word_1_164' title='bbox 132 2505 438 2584; x_wconf 85' lang='lat' dir='ltr'><strong>terpretamentum.</strong></span> <span class='ocrx_word' id='word_1_165' title='bbox 487 2497 608 2564; x_wconf 88' lang='lat' dir='ltr'><strong>Verum</strong></span> <span class='ocrx_word' id='word_1_166' title='bbox 633 2506 701 2565; x_wconf 83' lang='lat' dir='ltr'><strong>est:</strong></span> 
     </span>
     <span class='ocr_line' id='line_1_21' title="bbox 319 2599 666 2683; baseline 0.003 -15"><span class='ocrx_word' id='word_1_167' title='bbox 319 2599 411 2683; x_wconf 80' lang='grc' dir='ltr'><strong><em>ἶνόοοσο</em></strong></span> <span class='ocrx_word' id='word_1_168' title='bbox 432 2604 460 2669; x_wconf 73' lang='grc' dir='ltr'><strong>δ’</strong></span> <span class='ocrx_word' id='word_1_169' title='bbox 482 2604 578 2679; x_wconf 72' lang='grc' dir='ltr'><strong><em>οὐδεὶς</em></strong></span> <span class='ocrx_word' id='word_1_170' title='bbox 601 2606 666 2671; x_wconf 75' lang='lat' dir='ltr'><strong>cri.</strong></span> 
     </span>
     <span class='ocr_line' id='line_1_22' title="bbox 135 2706 1185 2796; baseline -0.002 -22"><span class='ocrx_word' id='word_1_171' title='bbox 135 2707 220 2796; x_wconf 83' lang='lat' dir='ltr'><strong>quod</strong></span> <span class='ocrx_word' id='word_1_172' title='bbox 243 2707 370 2775; x_wconf 86' lang='lat' dir='ltr'><strong>dietum</strong></span> <span class='ocrx_word' id='word_1_173' title='bbox 394 2718 443 2776; x_wconf 89' lang='lat' dir='ltr'><strong>est</strong></span> <span class='ocrx_word' id='word_1_174' title='bbox 467 2709 576 2776; x_wconf 88' lang='lat' dir='ltr'><strong>eodem</strong></span> <span class='ocrx_word' id='word_1_175' title='bbox 602 2729 698 2776; x_wconf 90' lang='lat' dir='ltr'><strong>sensu</strong></span> <span class='ocrx_word' id='word_1_176' title='bbox 723 2717 820 2795; x_wconf 86' lang='lat' dir='ltr'><strong>atque</strong></span> <span class='ocrx_word' id='word_1_177' title='bbox 845 2710 875 2774; x_wconf 93' lang='lat' dir='ltr'><strong>in</strong></span> <span class='ocrx_word' id='word_1_178' title='bbox 902 2719 975 2775; x_wconf 91' lang='lat' dir='ltr'><strong>noto</strong></span> <span class='ocrx_word' id='word_1_179' title='bbox 1000 2706 1185 2796; x_wconf 83' lang='lat' dir='ltr'><strong>proverbio:</strong></span> 
     </span>
     <span class='ocr_line' id='line_1_23' title="bbox 317 2801 878 2897; baseline 0 -17"><span class='ocrx_word' id='word_1_180' title='bbox 317 2815 367 2880; x_wconf 78' lang='lat' dir='ltr'><strong>olel</strong></span> <span class='ocrx_word' id='word_1_181' title='bbox 389 2801 528 2897; x_wconf 57' lang='lat' dir='ltr'><strong>rcapti</strong></span> <span class='ocrx_word' id='word_1_182' title='bbox 549 2818 579 2890; x_wconf 70' lang='lat' dir='ltr'><strong>li·</strong></span> <span class='ocrx_word' id='word_1_183' title='bbox 603 2815 701 2881; x_wconf 78' lang='grc' dir='ltr'><strong><em>νέοντο</em></strong></span> <span class='ocrx_word' id='word_1_184' title='bbox 725 2817 878 2889; x_wconf 78' lang='grc' dir='ltr'><strong><em>πλούσιος.</em></strong></span> 
     </span>
     <span class='ocr_line' id='line_1_24' title="bbox 137 2917 1281 3008; baseline -0.003 -22"><span class='ocrx_word' id='word_1_185' title='bbox 137 2921 341 2988; x_wconf 76' lang='grc' dir='ltr'><strong><em>Τιιοοοιοοτι</em></strong></span> <span class='ocrx_word' id='word_1_186' title='bbox 366 2920 485 2987; x_wconf 80' lang='lat' dir='ltr'><strong>illudio</strong></span> <span class='ocrx_word' id='word_1_187' title='bbox 505 2921 590 3008; x_wconf 88' lang='lat' dir='ltr'><strong>apud</strong></span> <span class='ocrx_word' id='word_1_188' title='bbox 611 2922 814 2988; x_wconf 82' lang='lat' dir='ltr'><strong>Puurnnunorr</strong></span> <span class='ocrx_word' id='word_1_189' title='bbox 839 2922 871 2986; x_wconf 91' lang='lat' dir='ltr'><strong>in</strong></span> <span class='ocrx_word' id='word_1_190' title='bbox 895 2919 1099 2986; x_wconf 77' lang='lat' dir='ltr'><strong>Themistocle</strong></span> <span class='ocrx_word' id='word_1_191' title='bbox 1119 2917 1281 3004; x_wconf 90' lang='lat' dir='ltr'><strong>lllll,pro</strong></span> 
     </span>
     <span class='ocr_line' id='line_1_25' title="bbox 318 3025 1070 3110; baseline -0.001 -17"><span class='ocrx_word' id='word_1_192' title='bbox 318 3025 469 3108; x_wconf 78' lang='grc' dir='ltr'><strong><em>κηῦχοντο</em></strong></span> <span class='ocrx_word' id='word_1_193' title='bbox 490 3029 537 3108; x_wconf 67' lang='grc' dir='ltr'><strong>μὴ</strong></span> <span class='ocrx_word' id='word_1_194' title='bbox 559 3025 636 3110; x_wconf 70' lang='grc' dir='ltr'><strong><em>ὅροιν</em></strong></span> <span class='ocrx_word' id='word_1_195' title='bbox 661 3027 884 3108; x_wconf 72' lang='grc' dir='ltr'><strong><em>Θεμντοκλέονς</em></strong></span> <span class='ocrx_word' id='word_1_196' title='bbox 907 3025 1070 3105; x_wconf 62' lang='lat' dir='ltr'><strong>periotes,</strong></span> 
     </span>
     <span class='ocr_line' id='line_1_26' title="bbox 140 3131 497 3201; baseline 0.006 -3"><span class='ocrx_word' id='word_1_197' title='bbox 140 3131 337 3201; x_wconf 80' lang='lat' dir='ltr'><strong>reddendum</strong></span> <span class='ocrx_word' id='word_1_198' title='bbox 362 3153 497 3200; x_wconf 86' lang='lat' dir='ltr'><strong>censeo:</strong></span> 
     </span>
     <span class='ocr_line' id='line_1_27' title="bbox 318 3237 1002 3323; baseline 0 -17"><span class='ocrx_word' id='word_1_199' title='bbox 318 3239 469 3323; x_wconf 75' lang='grc' dir='ltr'><strong><em>κηῦχοντο</em></strong></span> <span class='ocrx_word' id='word_1_200' title='bbox 491 3242 536 3319; x_wconf 66' lang='grc' dir='ltr'><strong>μὴ</strong></span> <span class='ocrx_word' id='word_1_201' title='bbox 560 3237 637 3322; x_wconf 70' lang='grc' dir='ltr'><strong>ὅρος</strong></span> <span class='ocrx_word' id='word_1_202' title='bbox 661 3241 850 3318; x_wconf 70' lang='grc' dir='ltr'><strong><em>Θομνςοκλνῗ</em></strong></span> <span class='ocrx_word' id='word_1_203' title='bbox 874 3237 1002 3307; x_wconf 68' lang='lat' dir='ltr'><strong>lairico.</strong></span> 
     </span>
     <span class='ocr_line' id='line_1_28' title="bbox 140 3343 1195 3433; baseline 0 -22"><span class='ocrx_word' id='word_1_204' title='bbox 140 3347 197 3413; x_wconf 87' lang='lat' dir='ltr'><strong>nisi</strong></span> <span class='ocrx_word' id='word_1_205' title='bbox 222 3345 267 3426; x_wconf 72' lang='lat' dir='ltr'><strong>pi</strong></span> <span class='ocrx_word' id='word_1_206' title='bbox 293 3350 318 3420; x_wconf 76' lang='grc' dir='ltr'><strong>’ς</strong></span> <span class='ocrx_word' id='word_1_207' title='bbox 343 3343 419 3428; x_wconf 73' lang='grc' dir='ltr'><strong><em>ὥροις</em></strong></span> <span class='ocrx_word' id='word_1_208' title='bbox 441 3345 553 3422; x_wconf 89' lang='lat' dir='ltr'><strong>malls,</strong></span> <span class='ocrx_word' id='word_1_209' title='bbox 579 3353 615 3412; x_wconf 93' lang='lat' dir='ltr'><strong>ut</strong></span> <span class='ocrx_word' id='word_1_210' title='bbox 638 3343 724 3433; x_wconf 85' lang='lat' dir='ltr'><strong>apud</strong></span> <span class='ocrx_word' id='word_1_211' title='bbox 749 3345 944 3412; x_wconf 82' lang='lat' dir='ltr'><strong>Turocnrruu</strong></span> <span class='ocrx_word' id='word_1_212' title='bbox 968 3353 1017 3411; x_wconf 88' lang='lat' dir='ltr'><strong>est</strong></span> <span class='ocrx_word' id='word_1_213' title='bbox 1038 3343 1105 3412; x_wconf 87' lang='lat' dir='ltr'><strong>XV.</strong></span> <span class='ocrx_word' id='word_1_214' title='bbox 1132 3349 1195 3411; x_wconf 83' lang='lat'><strong>73:</strong></span> 
     </span>
     <span class='ocr_line' id='line_1_29' title="bbox 318 3449 1174 3534; baseline 0 -17"><span class='ocrx_word' id='word_1_215' title='bbox 318 3449 474 3533; x_wconf 66' lang='lat' dir='ltr'><strong>aristipos</strong></span> <span class='ocrx_word' id='word_1_216' title='bbox 498 3453 652 3532; x_wconf 77' lang='grc' dir='ltr'><strong><em>κῆτεοτοο,</em></strong></span> <span class='ocrx_word' id='word_1_217' title='bbox 676 3452 748 3533; x_wconf 77' lang='lat' dir='ltr'><strong>ols’</strong></span> <span class='ocrx_word' id='word_1_218' title='bbox 771 3451 900 3534; x_wconf 71' lang='grc' dir='ltr'><strong><em>ἀνδρῶν,</em></strong></span> <span class='ocrx_word' id='word_1_219' title='bbox 926 3453 957 3517; x_wconf 76' lang='grc' dir='ltr'><strong>ἐν</strong></span> <span class='ocrx_word' id='word_1_220' title='bbox 980 3454 1066 3532; x_wconf 60' lang='lat' dir='ltr'><strong>aab&amp;</strong></span> <span class='ocrx_word' id='word_1_221' title='bbox 1091 3449 1174 3529; x_wconf 72' lang='lat' dir='ltr'><strong>elac,</strong></span> 
     </span>
     <span class='ocr_line' id='line_1_30' title="bbox 181 3556 1329 3644; baseline -0.003 -20"><span class='ocrx_word' id='word_1_222' title='bbox 181 3558 309 3625; x_wconf 83' lang='lat' dir='ltr'><strong>beriter</strong></span> <span class='ocrx_word' id='word_1_223' title='bbox 339 3566 428 3624; x_wconf 87' lang='lat' dir='ltr'><strong>errat</strong></span> <span class='ocrx_word' id='word_1_224' title='bbox 459 3557 652 3624; x_wconf 84' lang='lat' dir='ltr'><strong>Gasauconus</strong></span> <span class='ocrx_word' id='word_1_225' title='bbox 684 3556 768 3624; x_wconf 89' lang='lat' dir='ltr'><strong>banc</strong></span> <span class='ocrx_word' id='word_1_226' title='bbox 801 3558 1063 3644; x_wconf 82' lang='lat' dir='ltr'><strong>imprecationem</strong></span> <span class='ocrx_word' id='word_1_227' title='bbox 1097 3558 1143 3622; x_wconf 88' lang='lat' dir='ltr'><strong>sie</strong></span> <span class='ocrx_word' id='word_1_228' title='bbox 1171 3557 1329 3642; x_wconf 88' lang='lat' dir='ltr'><strong>interpre-</strong></span> 
     </span>
     <span class='ocr_line' id='line_1_31' title="bbox 141 3661 1328 3752; baseline -0.002 -24"><span class='ocrx_word' id='word_1_229' title='bbox 141 3669 229 3730; x_wconf 87' lang='lat' dir='ltr'><strong>laus:</strong></span> <span class='ocrx_word' id='word_1_230' title='bbox 256 3683 296 3728; x_wconf 82' lang='lat' dir='ltr'><strong>ne</strong></span> <span class='ocrx_word' id='word_1_231' title='bbox 318 3662 360 3728; x_wconf 83' lang='lat' dir='ltr'><strong>orl</strong></span> <span class='ocrx_word' id='word_1_232' title='bbox 382 3665 458 3729; x_wconf 84' lang='lat' dir='ltr'><strong>unni</strong></span> <span class='ocrx_word' id='word_1_233' title='bbox 479 3664 575 3750; x_wconf 80' lang='lat' dir='ltr'><strong>finem</strong></span> <span class='ocrx_word' id='word_1_234' title='bbox 592 3663 770 3751; x_wconf 80' lang='lat' dir='ltr'><strong>peruenire,</strong></span> <span class='ocrx_word' id='word_1_235' title='bbox 795 3661 853 3729; x_wconf 88' lang='lat' dir='ltr'><strong>boc</strong></span> <span class='ocrx_word' id='word_1_236' title='bbox 874 3672 940 3729; x_wconf 84' lang='lat' dir='ltr'><strong>est:</strong></span> <span class='ocrx_word' id='word_1_237' title='bbox 963 3661 1095 3752; x_wconf 83' lang='lat' dir='ltr'><strong>(lnquit)</strong></span> <span class='ocrx_word' id='word_1_238' title='bbox 1120 3673 1191 3726; x_wconf 84' lang='lat' dir='ltr'><strong>unte</strong></span> <span class='ocrx_word' id='word_1_239' title='bbox 1211 3681 1328 3726; x_wconf 75' lang='lat' dir='ltr'><strong>uranum</strong></span> 
     </span>
     <span class='ocr_line' id='line_1_32' title="bbox 140 3768 1328 3855; baseline -0.001 -23"><span class='ocrx_word' id='word_1_240' title='bbox 140 3778 304 3834; x_wconf 68' lang='lat' dir='ltr'><strong>unientem</strong></span> <span class='ocrx_word' id='word_1_241' title='bbox 336 3770 493 3836; x_wconf 77' lang='lat' dir='ltr'><strong>morioris.</strong></span> <span class='ocrx_word' id='word_1_242' title='bbox 542 3769 710 3855; x_wconf 83' lang='lat' dir='ltr'><strong>Significat</strong></span> <span class='ocrx_word' id='word_1_243' title='bbox 740 3789 846 3835; x_wconf 90' lang='lat' dir='ltr'><strong>enrm:</strong></span> <span class='ocrx_word' id='word_1_244' title='bbox 881 3791 921 3834; x_wconf 80' lang='lat' dir='ltr'><strong>ue</strong></span> <span class='ocrx_word' id='word_1_245' title='bbox 941 3769 983 3835; x_wconf 83' lang='lat' dir='ltr'><strong>ocl</strong></span> <span class='ocrx_word' id='word_1_246' title='bbox 1011 3769 1082 3834; x_wconf 83' lang='lat' dir='ltr'><strong>noui</strong></span> <span class='ocrx_word' id='word_1_247' title='bbox 1105 3769 1180 3833; x_wconf 83' lang='lat' dir='ltr'><strong>ocni</strong></span> <span class='ocrx_word' id='word_1_248' title='bbox 1202 3768 1328 3832; x_wconf 84' lang='lat' dir='ltr'><strong>initium</strong></span> 
     </span>
     <span class='ocr_line' id='line_1_33' title="bbox 139 3870 1330 3961; baseline -0.002 -21"><span class='ocrx_word' id='word_1_249' title='bbox 139 3877 320 3961; x_wconf 74' lang='lat' dir='ltr'><strong>peruenim,</strong></span> <span class='ocrx_word' id='word_1_250' title='bbox 353 3873 412 3940; x_wconf 90' lang='lat' dir='ltr'><strong>boc</strong></span> <span class='ocrx_word' id='word_1_251' title='bbox 443 3884 510 3955; x_wconf 89' lang='lat' dir='ltr'><strong>est,</strong></span> <span class='ocrx_word' id='word_1_252' title='bbox 543 3897 623 3942; x_wconf 84' lang='lat' dir='ltr'><strong>cuno</strong></span> <span class='ocrx_word' id='word_1_253' title='bbox 655 3883 791 3941; x_wconf 74' lang='lat' dir='ltr'><strong>verteme</strong></span> <span class='ocrx_word' id='word_1_254' title='bbox 810 3896 932 3961; x_wconf 82' lang='lat' dir='ltr'><strong>percus.</strong></span> <span class='ocrx_word' id='word_1_255' title='bbox 980 3872 1072 3940; x_wconf 87' lang='lat' dir='ltr'><strong>Haud</strong></span> <span class='ocrx_word' id='word_1_256' title='bbox 1096 3873 1268 3940; x_wconf 84' lang='lat' dir='ltr'><strong>difficulter</strong></span> <span class='ocrx_word' id='word_1_257' title='bbox 1299 3870 1330 3938; x_wconf 90' lang='lat' dir='ltr'><strong>id</strong></span> 
     </span>
     <span class='ocr_line' id='line_1_34' title="bbox 143 3979 1079 4068; baseline 0 -23"><span class='ocrx_word' id='word_1_258' title='bbox 143 3979 270 4067; x_wconf 78' lang='lat' dir='ltr'><strong>colligas</strong></span> <span class='ocrx_word' id='word_1_259' title='bbox 294 3999 333 4046; x_wconf 85' lang='lat' dir='ltr'><strong>ex</strong></span> <span class='ocrx_word' id='word_1_260' title='bbox 360 3983 578 4048; x_wconf 77' lang='lat' dir='ltr'><strong>lnrsroruanrs</strong></span> <span class='ocrx_word' id='word_1_261' title='bbox 600 3979 761 4047; x_wconf 85' lang='lat' dir='ltr'><strong>versiculo</strong></span> <span class='ocrx_word' id='word_1_262' title='bbox 786 3981 819 4045; x_wconf 91' lang='lat' dir='ltr'><strong>iu</strong></span> <span class='ocrx_word' id='word_1_263' title='bbox 846 3980 968 4068; x_wconf 79' lang='lat' dir='ltr'><strong>Equiti.</strong></span> <span class='ocrx_word' id='word_1_264' title='bbox 995 3985 1079 4048; x_wconf 79' lang='lat'>419:</span> 
     </span>
     <span class='ocr_line' id='line_1_35' title="bbox 324 4085 1195 4168; baseline 0.002 -17"><span class='ocrx_word' id='word_1_265' title='bbox 324 4086 498 4167; x_wconf 71' lang='grc' dir='ltr'><strong><em>σκέψασθε,</em></strong></span> <span class='ocrx_word' id='word_1_266' title='bbox 522 4087 648 4165; x_wconf 71' lang='lat' dir='ltr'><strong>seniles,</strong></span> <span class='ocrx_word' id='word_1_267' title='bbox 672 4085 1028 4168; x_wconf 77' lang='grc' dir='ltr'><strong>οὒχὸοᾶ1’,ὡ’ροονέο,</strong></span> <span class='ocrx_word' id='word_1_268' title='bbox 1050 4085 1195 4167; x_wconf 76' lang='grc' dir='ltr'><strong><em>χελιδών.</em></strong></span> 
     </span>
     <span class='ocr_line' id='line_1_36' title="bbox 147 4191 1333 4282; baseline 0.003 -26"><span class='ocrx_word' id='word_1_269' title='bbox 147 4193 320 4282; x_wconf 82' lang='lat' dir='ltr'><strong>composito</strong></span> <span class='ocrx_word' id='word_1_270' title='bbox 337 4213 411 4260; x_wconf 87' lang='lat' dir='ltr'><strong>cum</strong></span> <span class='ocrx_word' id='word_1_271' title='bbox 433 4192 593 4260; x_wconf 87' lang='lat' dir='ltr'><strong>cantilena</strong></span> <span class='ocrx_word' id='word_1_272' title='bbox 610 4193 799 4258; x_wconf 76' lang='lat' dir='ltr'><strong>llbodiomm</strong></span> <span class='ocrx_word' id='word_1_273' title='bbox 813 4193 898 4280; x_wconf 88' lang='lat' dir='ltr'><strong>apud</strong></span> <span class='ocrx_word' id='word_1_274' title='bbox 913 4194 1099 4259; x_wconf 76' lang='lat' dir='ltr'><strong>Araennuun</strong></span> <span class='ocrx_word' id='word_1_275' title='bbox 1112 4192 1195 4258; x_wconf 88' lang='lat' dir='ltr'><strong>Vlll.</strong></span> <span class='ocrx_word' id='word_1_276' title='bbox 1209 4195 1287 4259; x_wconf 84' lang='lat'><strong>560.</strong></span> <span class='ocrx_word' id='word_1_277' title='bbox 1301 4191 1333 4260; x_wconf 81' lang='lat' dir='ltr'><strong>ll.</strong></span> 
     </span>
     <span class='ocr_line' id='line_1_37' title="bbox 510 4295 827 4380; baseline -0.003 -15"><span class='ocrx_word' id='word_1_278' title='bbox 510 4295 583 4379; x_wconf 63' lang='grc' dir='ltr'><strong>Μ’,</strong></span> <span class='ocrx_word' id='word_1_279' title='bbox 609 4296 827 4380; x_wconf 62' lang='lat' dir='ltr'><strong>intextione</strong></span> 
     </span>
     <span class='ocr_line' id='line_1_38' title="bbox 507 4402 870 4487; baseline 0.003 -16"><span class='ocrx_word' id='word_1_280' title='bbox 507 4406 609 4482; x_wconf 75' lang='grc' dir='ltr'><strong><em>κοιλὰς</em></strong></span> <span class='ocrx_word' id='word_1_281' title='bbox 633 4402 710 4487; x_wconf 79' lang='grc' dir='ltr'><strong><em>ὦοοος</em></strong></span> <span class='ocrx_word' id='word_1_282' title='bbox 733 4403 870 4484; x_wconf 64' lang='grc' dir='ltr'><strong><em>οἴχοντο.</em></strong></span> 
     </span>
    </p>
   </div>
   <div class='ocr_carea' id='block_1_6' title="bbox 0 0 1590 4972">
    <p class='ocr_par' dir='ltr' id='par_1_6' title="bbox 0 0 1590 4972">
     <span class='ocr_line' id='line_1_39' title="bbox 0 0 1590 4972; baseline 0 0"><span class='ocrx_word' id='word_1_283' title='bbox 0 0 1590 4972; x_wconf 95' lang='lat' dir='ltr'><strong> </strong></span> 
     </span>
    </p>
   </div>
  </div>
 </body>
</html>
