3150 4972
857 375 902 446 76

286 573 357 658 guit
381 580 412 638 et
436 570 578 654 exagitat
601 565 858 654 impudentiam,
888 585 981 653 saepe
1001 564 1124 632 urbane
1143 573 1176 632 et
1198 567 1301 632 iocose
1321 565 1373 634 sed
1387 586 1459 632 mor·

285 676 469 743 dacioribus
497 676 593 752 iocis,
624 675 751 759 saepius
777 671 1036 758 indignabundus
1061 681 1093 738 et
1122 672 1243 748 iratus,
1268 681 1303 738 ot
1327 679 1459 738 coutem-

286 792 340 849 tus
364 789 516 867 appareat
540 789 572 847 et
595 780 714 846 odium.
763 779 871 858 Idem,
907 789 940 844 ut
966 787 1089 865 oportet
1114 780 1264 844 vitiorum
1290 798 1407 845 osorem
1432 787 1460 842 et

286 889 532 965 insectatorem,
569 907 695 953 summo
728 906 786 972 ope
819 887 954 961 nititur,
986 905 1025 951 ne
1048 885 1124 970 quid
1149 883 1379 951 eiusdemmodi
1402 885 1461 970 ipsc

286 995 486 1067 committat:
520 990 662 1064 imbibit,
696 1000 854 1077 quantuni
880 991 1000 1078 potuit,
1026 1001 1170 1057 veterum
1196 989 1331 1055 nitidam
1356 1000 1386 1055 ct
1408 998 1460 1054 ter·

286 1121 354 1166 sam
395 1099 588 1172 dictionem,
628 1098 789 1182 cogitandi
831 1099 1059 1172 serenitatem,
1100 1095 1247 1182 loquendi
1291 1098 1460 1161 sanitatem.

286 1204 377 1286 Quod
409 1205 481 1271 aliis
513 1203 625 1270 suadet
657 1214 688 1270 et
720 1203 945 1285 pommendat,
980 1205 1046 1289 ipse
1070 1205 1196 1289 primus
1219 1203 1344 1269 intento
1367 1201 1461 1268 studio
1541 1268 1542 1308 1

285 1312 425 1399 peregit:
450 1330 546 1396 quarn
578 1311 660 1374 viam
684 1309 810 1394 longam
836 1320 867 1376 et
893 1307 1028 1374 arduam
1051 1307 1091 1373 ad
1117 1329 1224 1374 veram
1249 1307 1373 1376 dicendi
1393 1309 1460 1373 scri·
1541 1313 1542 1352 l

286 1415 445 1502 beodiquc
476 1415 601 1482 laudem
636 1415 802 1482 contendit
834 1414 932 1482 solam
962 1413 1097 1493 ducere,
1129 1435 1198 1480 eam
1226 1416 1294 1501 ipsc
1318 1413 1462 1480 indefesso

285 1523 392 1590 labore
416 1541 567 1588 emensus
590 1531 654 1599 est,
679 1542 781 1608 neqrre
805 1540 978 1587 aerumnas
1000 1531 1165 1606 pertaesos
1186 1539 1289 1606 oeque
1311 1522 1462 1608 imperito

286 1649 358 1694 rorn
384 1627 505 1694 voculis
530 1627 722 1702 deterritus,
742 1647 845 1714 neque
865 1628 983 1694 stultae
1007 1625 1226 1692 multitudinis
1251 1627 1371 1694 iudicio
1382 1624 1460 1714 quid·

287 1753 382 1820 quam
409 1733 571 1811 tribuens,
594 1733 648 1799 sed
671 1754 729 1798 suo
749 1733 852 1800 fretus
874 1743 1018 1799 veterum
1040 1732 1177 1800 lectione
1197 1732 1340 1800 subacto.
1375 1732 1462 1800 ttulu

287 1848 364 1905 sunt
395 1837 480 1925 apud
512 1858 585 1904 eum
619 1837 657 1906 de
681 1859 718 1904 eo
743 1849 934 1925 argumento
965 1840 1093 1925 egregie
1117 1838 1203 1904 dicta
1226 1848 1259 1906 et
1283 1848 1460 1928 praccepta,
1542 1878 1543 1956 p

160 2015 168 2031 ,
287 1966 325 2012 cx
350 1945 467 2031 quibus
489 1965 589 2011 utrum
612 1945 805 2012 adscribam.
855 1944 951 2011 Docet
973 1945 1169 2012 lnxrnnnucn
1190 1948 1264 2035 (ὅθι,
1289 1949 1344 2034 θθ)
1365 1965 1462 2033 quem·

287 2051 459 2118 admodum
486 2051 564 2117 bene
588 2051 750 2117 scribendi
779 2051 965 2118 facultatem
991 2052 1052 2117 sibi
1078 2061 1260 2139 comparet:
1285 2053 1463 2134 θρξθμενος,
1542 2033 1543 2044 ἶ

288 2159 415 2244 inquil,
441 2159 504 2223 θπδ
528 2164 587 2224 τῶν
610 2159 720 2238 anteco
744 2159 949 2234 ποιητῶνκαὶ
978 2158 1045 2224 ὑπὸ
1067 2158 1321 2233 διδασκάλοις
1342 2157 1463 2227 αὐτοὺς

287 2266 486 2343 οὶνοογνοὺς
516 2265 617 2343 μέτιθι
644 2265 695 2328 ἐπὶ
719 2264 789 2337 τοὺς
813 2265 939 2345 ῥήτορας
962 2265 1013 2330 κοιὶ
1036 2275 1074 2347 τῇ
1099 2265 1217 2330 θκεθνιιν
1240 2272 1328 2348 φωνῇ
1351 2287 1463 2344 σνντοοι·

287 2371 358 2454 <dela
382 2370 432 2435 tat
454 2370 496 2436 τοὶ
520 2370 699 2437 Θουκυδίδου
720 2370 773 2436 arti
798 2368 962 2444 Ποιοθτωνοο
987 2373 1017 2435 ἕν
1040 2373 1132 2452 κοοιρῷ
1151 2370 1272 2450 μέτιθι,
1298 2373 1402 2439 πολλοὶ
1419 2367 1463 2434 nal

286 2487 326 2561 τῇ
350 2488 431 2559 κοιλῇ
452 2477 594 2561 κωμῳδθμ
617 2477 670 2543 κοοὶ
692 2487 732 2561 τῇ
753 2487 849 2560 σεμνῇ
870 2477 1028 2562 τροιγῳδθμ
1050 2479 1368 2557 ἔννεγνμνοοσμένος·
1388 2474 1464 2557 πορθ

285 2585 348 2666 γὰρ
380 2585 492 2650 τούτων
525 2581 656 2651 θποοντοο
686 2585 730 2650 τοὶ
763 2584 902 2654 κθλλιτοο
935 2584 1184 2662 ἀπανθισάμενος
1211 2586 1272 2652 ἔσει
1295 2609 1343 2660 τις
1371 2585 1400 2648 ἕν
1420 2579 1464 2646 λθ-

283 2715 361 2771 νοις.
409 2689 488 2770 Quis
519 2701 627 2758 autem
655 2691 713 2756 boc
739 2689 854 2756 melios
878 2699 910 2755 et
934 2687 1122 2775 diligentius
1144 2690 1219 2756 iecit
1244 2710 1344 2777 quam
1365 2689 1464 2755 Locri·
1543 2709 1544 2738 1

283 2817 338 2863 uus
362 2799 447 2884 ipsc,
480 2799 534 2884 qui
573 2796 693 2863 nullam
725 2796 820 2862 aliani
855 2795 983 2861 laudern
1016 2799 1124 2862 acrius
1157 2799 1279 2882 expetit
1310 2816 1403 2883 quam
1434 2799 1464 2858 ut

282 2903 353 2969 illos
386 2902 522 2970 lelicitcr
563 2903 711 2970 videatur
750 2901 894 2968 referre?
943 2901 1045 2983 Quam
1079 2903 1121 2966 sit
1153 2902 1236 2968 idern
1272 2901 1409 2988 diligens
1436 2905 1464 2964 et

283 3012 397 3075 anxius
422 3011 576 3074 orationis
601 3029 697 3075 sarrae
717 3017 750 3074 et
771 3009 916 3095 propriae
939 3019 1068 3074 exactor
1089 3009 1353 3094 observatorque‚
1376 3023 1463 3093 quam

285 3113 434 3180 lubenter
459 3117 489 3178 in
513 3113 699 3178 huiusmodi
725 3123 916 3199 argomento
945 3123 1109 3190 versetur,
1139 3124 1173 3180 ot
1203 3134 1296 3179 usum
1322 3109 1462 3200 loquendi

282 3228 376 3284 acute
406 3219 539 3283 deliniat
569 3227 602 3285 et
634 3220 730 3304 proba
754 3241 771 3285 a
798 3221 920 3286 vitiosis
948 3222 1017 3285 sinc
1043 3222 1171 3308 ineptiis
1196 3219 1396 3306 distinguat,
1420 3215 1461 3282 rel

283 3345 368 3392 uotis
400 3323 525 3390 libellos
554 3324 680 3392 abunde
710 3325 932 3392 demonstrare
967 3327 1085 3410 possit,
1112 3328 1166 3411 qui
1193 3328 1418 3410 ψευδοσοφιτδο
1448 3323 1461 3396 i

282 3433 450 3508 σολοικιςθς
486 3431 686 3498 inscribitur.
735 3431 823 3512 Quod
858 3434 890 3497 iu
921 3433 990 3497 eius
1019 3431 1091 3497 libri
1121 3432 1182 3498 line
1209 3433 1358 3518 scripsit,
1384 3437 1461 3517 post-

282 3557 377 3624 quam
411 3537 565 3624 exomplis
601 3539 831 3626 corrrplusculis
863 3545 1034 3624 aperuerat
1061 3558 1099 3604 ex
1126 3557 1184 3603 uso
1212 3547 1356 3604 veterum
1382 3541 1461 3602 certa

281 3645 469 3712 discrimina
494 3644 681 3721 verborum,
715 3645 831 3731 quibus
853 3643 1002 3730 aequales
1021 3663 1133 3710 ornnes
1153 3646 1334 3730 promiscue
1358 3641 1461 3708 abute-

281 3753 419 3832 bantur,
454 3752 537 3816 riam
570 3751 648 3816 milri
681 3753 800 3838 optime
835 3751 958 3816 croniet
993 3748 1032 3815 ad
1066 3748 1096 3813 id
1133 3748 1217 3834 quod
1249 3748 1462 3814 demonstrare

282 3877 373 3944 paro:
408 3862 531 3933 τοῦτον,
564 3857 670 3942 inquit
704 3857 776 3946 (76,
813 3857 885 3946 to),
919 3855 989 3930 θσοος
1021 3856 1077 3934 μὲν
1102 3857 1375 3936 ὑποσυγκέχυται,
1399 3854 1462 3924 loct

285 3963 317 4029 δὲ
340 3963 394 4029 κοοὶ
419 3963 601 4044 οθκμβοῦτοοι
626 3962 713 4047 capri
732 3987 810 4039 τισι,
834 3963 959 4042 βέλτιον
983 3962 1014 4027 δὲ
1033 3963 1067 4027 τὸ
1087 3963 1233 4042 οθκριβοῦν
1257 3961 1366 4046 inrisui.
1402 3959 1462 4026 lloc

281 4071 387 4156 ipsum
414 4069 445 4133 io
470 4069 538 4155 ipso
561 4068 693 4135 Lucrino
716 4069 898 4135 luculenter
921 4069 1078 4134 cernitur.
1127 4068 1159 4134 Si
1189 4069 1266 4154 quid
1291 4068 1329 4134 de
1354 4083 1462 4152 genere

282 4174 341 4240 boc
366 4181 511 4239 notatum
544 4183 576 4240 et
600 4174 803 4240 observatum
825 4173 973 4253 baberet,
1001 4195 1063 4240 oon
1090 4177 1121 4239 io
1148 4184 1296 4240 naturam
1326 4171 1463 4240 vertebat

282 4280 336 4348 scd
359 4279 533 4346 identidem
561 4281 749 4367 imprudens
771 4281 807 4346 ad
831 4282 1012 4368 aequalium
1039 4280 1268 4366 negligentiam
1291 4278 1394 4346 delabi
1417 4294 1462 4342 so·

281 4388 376 4456 lebat.
424 4385 517 4474 Apud
540 4389 706 4476 aequiores
726 4388 821 4454 innato
839 4398 923 4474 potet
941 4385 1062 4453 dicitur
1082 4388 1214 4469 ἀνέῳγεν
1237 4389 1254 4464 ἦ
1279 4389 1368 4470 luipo,
1384 4379 1462 4470 apud

281 4504 426 4571 veteres,
451 4493 479 4559 si
503 4492 632 4579 quando
655 4495 789 4578 θνθῳνεν
811 4495 972 4572 occurrit,
1006 4491 1231 4581 imperfectum
1266 4501 1315 4561 est
1348 4484 1463 4578 signid-
