3208 4972
745 365 816 437 182

155 615 157 618 .
194 557 245 624 eat
280 560 323 641 τῷ
358 561 505 645 μειρακίῳ
539 561 591 629 nai
623 569 662 642 rai
693 560 837 644 παρθένῳ.
887 561 949 626 Pru
979 561 1103 627 ἐκινεῖτο
1127 561 1159 626 iu
1190 558 1308 627 (lodice
1334 571 1383 629 est

196 666 424 733 venustissima
444 667 538 735 lectio
561 669 704 734 letrae
726 670 743 744 ἠ
767 666 877 746 πόλις,
903 685 1000 753 quam
1020 666 1175 733 ambabus
1189 665 1383 754 annpleeten·

194 766 269 835 dam
297 791 368 838 esse
399 791 525 840 censeo.
576 774 609 839 P.
641 776 715 839 180.
739 780 885 850 praeiere
909 773 1025 839 ronnei
1049 771 1200 856 ipolrcoro
1225 773 1301 848 decia
1325 775 1384 840 cai·

191 875 254 948 reia
295 880 472 956 πνςευθῆννν
515 878 651 961 μητέρας
687 878 838 960 θυγατρὸς
880 875 956 944 οὕτω
990 887 1103 956 καλῆς.
1153 877 1244 961 Quod
1279 879 1382 946 solum

192 978 274 1050 bene
298 983 419 1051 Graece
443 984 506 1051 dici
532 987 635 1072 potuit
660 985 692 1050 in
721 983 837 1051 Godioe
862 987 1030 1071 perspicue
1055 985 1189 1072 legitur:
1213 985 1308 1051 edrai
1333 1009 1383 1052 rr·

191 1090 332 1164 stultiam
360 1091 503 1171 μητέρες.
534 1129 579 1140 -
608 1089 794 1170 ἀποθέμενον
823 1091 908 1172 παρὰ
931 1093 986 1168 τὴν
1009 1091 1177 1174 Φριρέτρνν.
1201 1093 1383 1159 rectissime

192 1191 299 1262 codex
324 1195 411 1279 πνρὶ
434 1197 568 1263 omittit.
597 1197 631 1264 P.
654 1202 729 1264 tea.
752 1194 872 1281 προνοίᾳ
894 1195 974 1263 trev.
996 1195 1073 1266 cod.
1090 1203 1227 1282 νυμφῶν.
1248 1197 1282 1264 Ρ.
1307 1202 1381 1264 186.

189 1297 297 1368 ἔδοσαν
332 1301 402 1369 riori
433 1311 489 1379 τῆς
519 1303 626 1377 πίτυος
658 1305 748 1370 οἰκεῖν
779 1303 860 1369 νεών.
895 1300 972 1369 (lud.
998 1303 1088 1370 aiecio
1111 1304 1252 1382 outittit,
1276 1309 1382 1380 recle,

191 1416 229 1472 ut
252 1409 376 1495 opinor.

236 1517 340 1601 Atque
362 1513 422 1582 hae
443 1514 573 1601 quidem
595 1525 671 1582 sunt
693 1514 838 1582 utiliores
857 1523 890 1581 et
903 1515 1097 1602 insigniores
1111 1515 1281 1593 lectiones,
1301 1535 1382 1602 quas

189 1619 271 1685 mihi
302 1621 334 1686 in
368 1619 469 1687 Lurco
498 1641 594 1688 nonas
624 1620 731 1689 Codex
755 1620 958 1688 Florentiam
980 1620 1215 1709 suppeditavit,
1237 1632 1381 1688 caeteras

192 1744 303 1792 ornnes
332 1724 525 1794 thsourunus
549 1725 650 1794 dabit.

235 1831 271 1898 ln
307 1830 417 1899 eodem
455 1832 571 1901 Codice
606 1835 718 1900 insunt
751 1833 880 1922 sedulae
913 1833 1100 1920 Aesopiam,
1137 1852 1218 1920 quas
1258 1833 1382 1920 primus

189 1935 290 2005 edidit
325 1937 417 2005 Furni
446 1960 521 2006 cum
545 1939 617 2007 aliis
640 1939 770 2007 aliunde
793 1950 825 2008 et
849 1939 946 2007 editis
969 1949 1001 2007 et
1026 1938 1157 2006 ineditis
1179 1941 1380 2007 coniunctas.

190 2041 337 2131 Scriptae
360 2054 438 2112 sunt
461 2067 498 2112 eo
522 2066 669 2113 sermone
694 2046 824 2133 putido,
850 2066 914 2134 quo
939 2045 1091 2113 utebatur
1113 2046 1248 2112 Graecia
1272 2045 1379 2112 decre·

188 2149 273 2237 pita,
306 2150 395 2216 senio
426 2150 569 2218 conlecta
603 2162 635 2218 et
667 2151 809 2218 delirans
832 2151 877 2241 ¹),
902 2160 934 2218 et
963 2151 1104 2238 scriptae
1127 2161 1205 2217 sunt
1229 2171 1379 2237 magnam

189 2263 313 2342 partem
346 2257 503 2336 eunius,
537 2277 733 2345 quamquam
767 2258 798 2323 id
830 2277 924 2325 nemo
954 2275 1107 2343 umquam
1140 2257 1379 2324 animadvertit.

189 2359 271 2427 Sunt
296 2370 404 2429 autem
429 2363 483 2429 isti
503 2383 617 2430 versus
639 2364 699 2430 ista
720 2363 901 2431 uraaoitate
924 2362 1126 2449 dignissimi,
1154 2373 1188 2428 ut
1201 2363 1377 2430 ostendam.

188 2466 380 2554 iampridem
407 2467 554 2536 Graeculi
575 2479 746 2557 coeperant
767 2471 932 2556 antiquam
951 2467 1094 2554 linguam
1117 2470 1214 2535 etiam
1236 2469 1283 2534 sio
1306 2488 1379 2535 oon·

188 2575 364 2651 taminare,
398 2583 434 2641 ut
457 2575 490 2638 in
516 2575 753 2660 pronuntiando
776 2584 809 2642 et
834 2571 1036 2641 lunensibus
1061 2573 1291 2660 componendis
1316 2593 1378 2640 non

188 2681 402 2766 quiantitatem
436 2678 632 2768 syllabarum
665 2679 719 2748 sed
746 2689 939 2747 accentuum
966 2679 1124 2746 rationem
1150 2679 1241 2745 stulti
1265 2699 1380 2768 seque·

188 2796 320 2861 rentur,
352 2784 490 2852 nudtuur
524 2785 768 2872 indignantibus
799 2786 911 2873 paucis
945 2782 1138 2870 quibusdam
1175 2785 1378 2865 sanioribus,

188 2891 244 2978 qui
280 2890 476 2957 malesanam
512 2891 755 2958 multitudinem
791 2889 1007 2979 nequidquam
1040 2890 1272 2970 admonebant,
1303 2911 1380 2978 quo·

188 3016 328 3084 rumque
356 2997 506 3084 querelae
538 2998 583 3064 ita
620 2999 731 3064 statim
756 3016 926 3086 oppressae
950 3005 1045 3073 sunt,
1071 3004 1106 3062 ut
1131 2999 1228 3063 unius
1252 3005 1379 3063 tanatum

189 3103 430 3179 testimonium,
462 3101 547 3188 quod
579 3104 695 3182 sciam,
721 3104 759 3168 ad
791 3123 847 3169 nos
871 3103 1065 3190 pervenerit.
1115 3101 1155 3168 lit
1179 3101 1276 3168 liuius
1300 3122 1379 3189 quo·

189 3229 253 3296 que
285 3208 382 3273 unius
412 3207 451 3272 ed
485 3206 570 3273 hanno
600 3208 684 3276 diem
722 3207 782 3274 luit
807 3229 866 3275 von
889 3210 1020 3290 βοῶντος
1044 3210 1076 3273 ἐν
1100 3218 1138 3291 τῇ
1162 3209 1279 3291 ἐρήμῳ,
1305 3209 1379 3294 quia

190 3312 335 3381 abditum
366 3321 415 3380 est
438 3315 658 3380 testimonium
685 3323 717 3380 et
743 3313 972 3402 propemodum
998 3313 1160 3400 sepultum
1186 3315 1218 3379 in
1243 3333 1279 3380 ea
1304 3313 1380 3379 soli·

191 3419 318 3498 tudine,
350 3417 406 3485 ubi
438 3437 614 3506 numquam
644 3418 708 3487 iere
734 3422 837 3488 uiator
862 3421 1034 3507 vestigium
1060 3419 1139 3486 solet
1164 3439 1293 3507 ponere.
1317 3419 1379 3485 lta·

190 3546 254 3616 que
278 3529 310 3593 in
334 3525 476 3593 medium
499 3523 675 3612 proteram,
701 3534 736 3593 ut
752 3526 902 3592 omnibus
922 3525 976 3592 liat
995 3524 1207 3612 cognoscendi
1229 3533 1379 3613 potestas.

193 3636 252 3701 Vir
280 3633 395 3702 doctus
426 3641 458 3700 et
489 3632 617 3719 elegans
649 3633 756 3700 nescio
786 3635 859 3719 quis
886 3630 925 3699 ad
950 3631 1093 3697 anticum
1114 3630 1319 3698 Neonunorunr
1342 3629 1381 3697 de

192 3763 228 3810 ea
252 3742 437 3809 litterarum
458 3747 489 3806 et
515 3747 644 3826 poeseos
668 3738 737 3806 labe
757 3748 789 3805 et
809 3739 907 3806 exitio
927 3746 958 3804 et
982 3737 1113 3804 omnino
1137 3737 1177 3804 de
1198 3737 1380 3824 aequalium

193 3847 315 3916 iudicio
341 3854 494 3933 corrupto
520 3847 670 3932 queritur
692 3848 725 3911 in
753 3845 938 3933 decerptis,
962 3863 1044 3931 quae
1069 3843 1292 3934 Etymologico
1317 3843 1381 3909 du·

192 3955 286 4022 dione
329 3953 475 4020 Sroaztus
515 3951 653 4020 subiecit
696 3973 725 4040 p.
763 3956 832 4022 set
876 3971 946 4039 sqq.
992 3949 1216 4038 «Antiquitas,
1259 3948 1384 4040 inquit,

192 4093 396 4112 μ

231 4179 256 4244 l)
280 4178 364 4240 Quam
388 4177 451 4228 bene
472 4177 499 4226 in
525 4177 594 4227 illem
619 4175 752 4228 Graeciam
774 4176 892 4227 convenit
911 4175 1020 4234 dictum,
1038 4175 1105 4240 qnod
1121 4175 1183 4226 olim
1200 4176 1226 4226 in
1243 4175 1311 4227 eires
1327 4187 1385 4224 suos

194 4258 319 4311 Demades
336 4261 438 4310 iecerat:
456 4256 619 4325 acupilcsser
635 4261 686 4325 τὴν
702 4258 784 4308 πόλιν
802 4257 833 4307 οὗ
857 4259 908 4323 τὴν
927 4256 973 4306 tart
992 4257 1046 4306 νῦν
1064 4255 1203 4322 προγόνων
1217 4259 1269 4325 τὴν
1284 4257 1386 4327 Μαρα-

196 4341 375 4409 θωνομάχον,
402 4339 473 4389 elta
497 4343 586 4408 γραῦν
610 4341 747 4392 σανδάλια
772 4339 986 4405 ῠποδνδνρνέννρν
1012 4340 1060 4390 uel
1083 4340 1217 4407 πτισάνην
1242 4339 1387 4406 depedace.

195 4427 239 4478 Sic
261 4427 328 4478 enim
351 4425 399 4475 hoe
416 4424 511 4475 dictum
527 4427 726 4489 componendum
744 4434 781 4476 est
797 4441 811 4476 o
829 4425 977 4476 Daunrmo
994 4423 1061 4491 eropi
1078 4421 1137 4492 lpp.
1156 4425 1171 4486 ξ
1187 4430 1243 4476 28⁵.
1261 4423 1343 4475 Goell.
1360 4432 1386 4475 et

195 4511 296 4563 Puoru
314 4506 375 4558 Lex.
393 4523 417 4560 v.
434 4505 599 4575 παρέλαβεν
615 4508 719 4558 sublatio
736 4507 834 4557 mendis
855 4503 1034 4573 παρόλαβςν,
1051 4505 1196 4572 ναύμαχον
1213 4512 1237 4558 et
1255 4501 1386 4570 ῥορὸσαν.
