3160 4972
708 363 778 435 379

155 564 215 624 τῶν
237 559 352 626 οίκείων
375 567 407 627 et
432 579 488 646 pro
512 557 625 639 πιέσω,
650 557 735 646 quod
759 555 851 622 nihili
877 565 945 634 est,
972 556 1105 622 restitue
1126 555 1243 622 πίετοοι.
1267 555 1344 621 Gon·

158 667 294 732 tranium
328 686 470 733 errorem
503 667 607 733 obiter
638 668 742 732 exime
773 684 812 730 ex
842 662 1050 750 lepidissimis
1075 661 1243 728 versiculis
1266 661 1347 728 lorrs

156 771 242 858 apud
265 775 380 840 Arnen.
407 774 445 840 Χ.
471 791 501 859 p.
528 778 603 839 165.
628 793 658 840 c.

383 877 485 946 ίντινον
506 877 532 945 δ’
555 881 671 955 εὐειδὴς
694 878 799 958 μίμνει
825 877 931 953 doluere
954 873 1100 956 πάρευνος

430 991 525 1060 κεῖνος
548 987 609 1052 τῶν
630 983 735 1051 ἄλλων
760 981 914 1065 ἁδρότερον
937 982 1055 1048 πίετοιι.

156 1087 210 1154 ubi
242 1097 274 1158 ct
306 1092 466 1158 sententia
499 1098 532 1158 et
566 1099 706 1158 metrum
742 1091 829 1179 (nam
862 1088 974 1168 πίομοιι
1010 1088 1149 1174 primam
1183 1085 1344 1174 producit)

154 1195 327 1264 emendare
351 1183 461 1262 iubam
486 1197 642 1282 οίδρίτερον
666 1197 771 1264 πιέσω.

200 1301 320 1369 Eadem
346 1303 505 1370 medicina
525 1304 706 1371 adhibenda
727 1313 775 1369 est
799 1303 867 1367 loco
891 1300 1121 1378 Xenoruonrrs,
1149 1298 1232 1365 undo
1254 1317 1346 1385 egro-

154 1407 206 1490 gio
237 1407 484 1476 confirmabitur
515 1411 599 1498 quod
635 1411 674 1477 de
705 1429 765 1475 usu
798 1406 886 1472 verbi
918 1405 1083 1487 κερδαίνειν
1116 1403 1259 1470 diximus
1288 1425 1346 1490 pro

154 1514 431 1601 compendisaocrc.
479 1517 612 1603 Legitur
643 1520 675 1583 in
708 1507 860 1604 Apoiopr'o
891 1511 1028 1578 Socratis
1061 1516 1079 1596 §
1112 1513 1142 1576 9.
1181 1510 1346 1592 οιίριίσομοιι

154 1619 309 1686 τελευτᾶν
335 1626 459 1700 μᾶλλον
491 1623 508 1700 ἢ
543 1623 740 1706 ἀνελευθέρως
770 1622 805 1687 τὸ
837 1619 890 1702 ζῆν
923 1608 967 1684 έτι
1003 1622 1172 1699 προσαιτῶν
1202 1618 1344 1700 κερδᾶνονι

155 1725 207 1792 τὸν
237 1725 317 1792 πολὺ
348 1731 442 1811 χείρω
473 1729 542 1809 βίον
572 1731 641 1796 οίντί
678 1727 822 1810 teodone
871 1724 1007 1791 [librarii
1040 1723 1157 1810 duplex
1191 1722 1344 1790 rrtettdutu

155 1834 359 1902 invexerunt.
408 1835 478 1902 Non
504 1837 567 1902 erit
591 1855 671 1922 opus
692 1833 804 1900 multis
825 1829 995 1898 ostendere
1016 1837 1187 1916 corruptae
1207 1831 1346 1916 scriptu·

155 1957 210 2005 rae
241 1940 490 2016 absurditatem,
522 1943 550 2006 si
581 1961 689 2006 veram
724 1939 918 2005 indicavero.
974 1936 1158 2023 tegendum
1195 1943 1346 2003 τελευτῶν

157 2064 215 2132 pro
241 2052 416 2127 τελευτῖον,
451 2056 487 2112 ut
520 2048 607 2112 iulet·
637 2067 670 2113 se
701 2054 904 2135 opponentur
926 2049 1078 2110 τελευτῶν
1105 2049 1137 2108 el
1166 2043 1201 2109 τί
1225 2041 1279 2125 ζῆν
1302 2041 1347 2108 ἔτι

156 2160 328 2232 προσκιτῶν
351 2161 385 2220 et
417 2155 486 2220 οίντί
512 2154 644 2220 ίιονοίτου
671 2151 942 2241 expungendum,
975 2170 1038 2236 quo
1068 2148 1152 2215 laeto
1182 2149 1346 2237 apparebit

158 2259 300 2339 κερδᾶνοι
330 2259 382 2326 τὸν
409 2259 489 2327 πολὺ
513 2259 606 2343 χείρω
635 2260 703 2340 βίον
727 2279 796 2326 osse
820 2256 1086 2343 compendisocere
1115 2256 1231 2321 malam
1264 2264 1347 2322 aeta·

157 2371 237 2430 lem.
286 2365 369 2432 Sunt
400 2368 431 2432 in
465 2367 524 2433 boc
548 2367 740 2433 suavissimo
769 2367 981 2432 llunoruonrrs
1010 2363 1152 2448 scripto,
1182 2361 1266 2449 quod
1298 2382 1347 2427 re-

119 2463 122 2468 ’
158 2469 303 2536 ctissime
333 2473 392 2537 viri
420 2471 505 2539 docti
536 2472 788 2539 Memorabilium
818 2469 968 2535 ultimum
1002 2476 1115 2554 caput.
1133 2466 1230 2534 luisse
1262 2466 1347 2534 arbi-

161 2583 309 2654 trentur,
345 2585 377 2643 et
408 2577 469 2645 alia
494 2579 704 2657 emblemata,
738 2577 851 2642 insunt
880 2583 912 2641 et
942 2572 1042 2640 multo
1073 2572 1165 2660 plura
1195 2594 1292 2660 quam
1314 2575 1346 2638 in

157 2681 430 2763 Μοιιιοιοίνίίίίυι,
450 2705 533 2772 quae
549 2684 812 2752 emendatissima
831 2689 926 2759 sunt,
950 2680 1227 2752 scribarumvitia
1243 2689 1275 2745 et
1295 2699 1347 2746 er-

158 2808 257 2855 rores.
305 2788 388 2870 Quid
415 2799 500 2857 vetat
526 2791 689 2878 perhanc
717 2789 918 2856 occasionem
949 2784 1118 2852 nortnullos
1148 2785 1347 2872 patefacere?

156 2895 190 2961 ln
214 2897 266 2980 §3
290 2915 350 2983 pro
373 2897 426 2963 κοιί
451 2893 469 2962 ὅ
488 2921 519 2962 τι
539 2897 739 2980 ἀπολογηση,
760 2895 887 2981 corrige
910 2890 929 2960 ί
941 2917 972 2959 τι
992 2893 1045 2959 nol
1069 2894 1271 2972 οίπολογνίσει.
1309 2892 1345 2958 ln

157 3001 231 3084 §7.
258 2997 333 3068 ίτονν
356 3039 401 3052 -
431 3003 515 3083 ὑγιές
548 3006 583 3071 τὸ
610 3010 701 3083 σῶμοι
726 3000 806 3082 ἔχων
831 3039 872 3052 -
898 2999 1167 3082 οίπυμοιροοίνητιοι,
1199 3005 1262 3072 πῶς
1293 2999 1349 3065 οὐκ

157 3105 283 3186 οίνοίγκη
315 3113 421 3176 τοῦτον
451 3110 583 3175 ποθεινὸν
620 3107 715 3187 sinam
752 3106 864 3195 supple
897 3105 1154 3189 οίπομονροιίνητοιί
1184 3129 1252 3181 τις.
1312 3106 1347 3171 ln

157 3218 249 3300 511.
279 3214 427 3296 ίοιυμοίζω
458 3217 606 3291 Μελητου
634 3212 692 3299 ὅπερ
720 3215 796 3280 ποτὲ
826 3212 917 3293 γνοὺς
948 3211 1036 3291 λέγει
1067 3215 1104 3287 νίς
1137 3213 1202 3281 ari.
1236 3211 1348 3299 supple

157 3307 320 3402 drp‘nori
351 3322 442 3401 γνοὺς
469 3322 622 3404 τεκμηρίῳ
653 3323 753 3401 λέγει.
791 3321 827 3387 ln
861 3323 954 3405 512.
987 3319 1120 3399 βροντὰς
1147 3319 1179 3385 δέ
1208 3320 1349 3403 ἀμφιλέ-

157 3426 203 3502 ξει
223 3449 271 3501 τις
298 3427 343 3507 μίν
370 3435 498 3510 φωνεῖν,
532 3437 658 3494 mutato
685 3435 822 3494 accentu
847 3425 972 3509 corrige
994 3425 1054 3498 τίς.
1102 3425 1139 3490 1η
1165 3427 1254 3510 §tn
1276 3427 1348 3510 <pdo-

159 3537 277 3607 νοῦντεο
307 3534 332 3599 εί
360 3533 413 3599 κοιί
444 3535 531 3615 πυροί
555 3537 625 3600 θεῶν
652 3532 834 3616 μενζίνωνῆ
861 3532 948 3598 edroi
973 3530 1128 3613 τυγχάνοι
1160 3551 1217 3617 pro
1245 3535 1270 3598 εί
1294 3533 1350 3599 κοιί

160 3637 294 3704 emenda
314 3638 344 3706 εί
365 3663 421 3713 τις.
479 3639 646 3707 Emblema
671 3651 720 3707 cst
746 3641 779 3705 in
805 3643 822 3725 §
847 3644 897 3705 15.
929 3641 1022 3704 τωῦτ’
1046 3637 1235 3712 οίκοίσοιντες
1258 3639 1284 3704 ol
1308 3639 1348 3704 δι·

159 3745 256 3814 κκιοιί
280 3743 324 3812 ἔτι
348 3751 471 3826 μᾶλλον
495 3746 653 3828 ἐθορύβουν
682 3745 846 3834 [είκίτυο].
895 3745 1038 3810 lectoris
1069 3751 1118 3810 est
1146 3743 1349 3812 additamen-

161 3860 230 3917 tum
263 3834 318 3918 nee
352 3855 489 3933 mirinn,
526 3853 611 3940 quod
648 3852 810 3918 Xenoruon
840 3853 908 3938 ipse
939 3871 1002 3916 non
1030 3858 1096 3917 tam
1129 3849 1246 3936 frigide
1277 3853 1350 3918 istic

159 3957 346 4025 addidisset.
395 3960 431 4025 lu
466 3961 484 4044 §
512 3961 563 4025 16.
595 3957 779 4040 δικαιότερον
806 3958 838 4025 δέ
867 3955 938 4024 πίνω
968 3955 1008 4022 ait
1038 3943 1159 4031 εἰκότως
1191 3959 1351 4038 νομίσαιτε

156 4071 211 4133 τοῦ
236 4066 309 4149 πρὸς
333 4067 377 4133 τίν
403 4065 545 4150 ποιρίντοο
574 4064 839 4148 συνηρμοσμένου,
872 4066 911 4138 aie
941 4070 999 4129 τῶν
1030 4064 1196 4146 ἀλλοτρίων
1223 4064 1350 4144 μηδενὸς

158 4173 372 4254 προσδεῖσθαι,
406 4173 527 4240 excidit
560 4182 631 4260 post
660 4177 715 4240 τοῦ
747 4169 973 4258 compendium
997 4167 1048 4246 οὕ,
1080 4169 1166 4257 quod
1189 4171 1352 4256 significat

158 4278 236 4346 οὕτω
268 4287 302 4346 el
335 4277 548 4366 supplendum
577 4284 631 4344 τοῦ
666 4275 742 4345 οὕτω
774 4280 846 4362 πρὸς
872 4278 915 4344 τίν
942 4276 1079 4359 πορίντοι
1110 4277 1353 4360 συνηρμοσμένου

157 4389 209 4460 τίς.
259 4385 418 4472 Perpetuo
443 4405 554 4451 errore
577 4384 824 4451 conlunduntur
848 4385 934 4451 inter
957 4403 991 4450 se
1013 4385 1064 4462 od,
1092 4380 1126 4450 οὗ
1149 4395 1181 4451 et.
1204 4383 1279 4452 odon
1306 4383 1351 4474 (οὕ

159 4493 193 4558 in
214 4491 340 4582 dudd).
387 4490 542 4578 llxempla
563 4499 641 4558 sunt
658 4493 690 4557 in
711 4492 826 4576 quavis
846 4492 967 4558 ruaiore
989 4487 1150 4577 farragine
1169 4491 1353 4578 discrepan-
