3150 4972
776 362 847 434 134

219 550 351 620 Luouuo
373 555 463 622 loeus
487 555 519 620 in
547 574 610 621 uno
634 554 743 622 codiee
767 554 850 622 haue
875 553 977 622 tabem
1001 557 1112 641 arguit
1138 559 1195 632 te,
1222 560 1252 621 u.
1276 555 1397 636 μετατί-

220 659 262 724 ύει
294 663 349 738 τὴν
379 660 494 742 Οίτιρν,
516 662 758 729 ἐπικυλινδείσθω
783 664 797 726 ὅ
821 663 999 742 Παρνασύσ,
1027 662 1082 728 uhi
1107 659 1177 728 oud.
1206 662 1240 728 B.
1263 663 1396 729 outniuut

219 763 314 850 longe
343 767 591 854 antiquissimus
623 778 729 835 seruat
763 768 931 834 tentionem
965 767 1197 845 ἐπικυλιδίσίω,
1238 778 1342 834 natatu
1365 787 1398 834 ex

219 860 411 938 ιιτΛῖ-
436 883 613 940 oecon
639 875 659 939 t.
685 895 713 940 e.
738 913 782 924 --
806 875 995 942 ννιινδενον.
1043 876 1278 954 κυλινδούμενον
1300 884 1347 941 est
1370 875 1398 938 tu

219 975 370 1044 omnihus
395 983 432 1056 9,
457 985 495 1056 ὅ,
524 987 552 1046 t.
579 987 611 1045 et
638 984 702 1060 60,
727 986 757 1046 3.
785 981 945 1048 κυλινδεῖν.
983 981 1184 1049 Dissentiunt
1205 983 1236 1047 in
1256 979 1400 1048 καλινδού-

217 1105 301 1160 μενοι
326 1092 358 1149 et
380 1084 604 1164 κυλινδούμενοι
628 1091 692 1165 te,
723 1094 749 1155 l.
774 1098 806 1154 et
831 1089 863 1154 iu
887 1068 998 1170 χαμαί
1022 1089 1232 1156 κυλινδοῦνται
1254 1095 1285 1154 et
1305 1101 1400 1152 καλιν·

218 1186 339 1255 δοῦνιαι
361 1195 420 1268 eo,
451 1196 498 1258 te.
523 1191 692 1279 utrobique
710 1193 851 1261 editores
865 1191 946 1260 tuate
958 1195 1074 1262 κυλινδ.
1090 1201 1293 1279 receperunt.
1307 1191 1400 1260 Κυλίω

218 1302 250 1360 et
273 1300 449 1384 composita
474 1296 559 1385 apud
583 1298 738 1366 Lucrinus
761 1299 962 1386 saepiuscule
985 1309 1179 1377 occurrunt,
1207 1308 1241 1364 ut
1261 1301 1292 1365 in
1307 1295 1403 1384 lepido

218 1397 287 1466 loco
317 1406 379 1482 δύ,
413 1410 445 1471 3.
480 1405 582 1472 ἐκύλιε
612 1407 664 1473 τὸν
687 1405 770 1472 πίίον
794 1415 827 1472 et
851 1405 943 1472 κυλίυ
966 1409 1054 1485 uerat
1077 1407 1129 1474 τδν
1154 1406 1255 1482 πίίσυ,
1281 1403 1331 1471 ubi
1357 1423 1401 1470 te·

218 1513 302 1573 teres
333 1509 469 1578 ἐκύλινδε
497 1520 529 1578 ei
555 1512 681 1580 κυλίνδον
713 1511 882 1578 dixissent.
931 1509 1042 1580 Obiter
1073 1511 1138 1577 illie
1169 1513 1296 1596 corrige
1328 1514 1345 1596 §
1375 1514 1401 1576 4.

217 1611 316 1690 δεήσει
347 1619 411 1699 γαρ
443 1618 560 1683 αύτίκα
590 1617 684 1697 μύλοι
714 1617 785 1700 πρὸς
820 1616 926 1700 μιαρύυ
948 1643 978 1683 τι
1002 1619 1122 1686 λιίίδιον
1149 1619 1403 1700 προσπταίσαντα

217 1720 382 1799 συλλέγειν
400 1723 444 1790 πδι
460 1722 597 1806 ίτρακα,
623 1725 700 1811 quia
719 1745 781 1789 nou
796 1725 863 1810 ipse
877 1723 1044 1803 Lucrinus,
1070 1722 1125 1790 sed
1139 1724 1152 1787 ὁ
1166 1722 1271 1801 nites,
1297 1719 1401 1796 eretlo,

217 1821 340 1892 dieitur
361 1829 571 1909 κυλινδόμενος
595 1839 807 1912 προσπταῖσαι
835 1831 970 1898 restitue
994 1829 1276 1913 προσπταίσαντορ.
1302 1827 1403 1914 Serip-

216 1951 292 2011 tura
323 1946 470 2016 codicum
494 1951 716 2038 antiquiorum
741 1933 956 2034 προσπταίσαύ
981 1951 1105 2038 peperit
1128 1949 1401 2030 προσπταίσανται

218 2058 250 2117 et
281 2054 558 2136 προσπταίσαντα,
590 2056 674 2143 quoti
708 2069 783 2124 ante
817 2057 912 2144 pedes
942 2067 1013 2123 erut
1041 2075 1134 2122 neruo
1160 2054 1250 2124 uidit.
1279 2056 1404 2122 Pronus

222 2157 253 2221 in
286 2157 403 2226 Leaeioo
431 2181 525 2229 usunt
560 2171 698 2229 veterem
733 2171 847 2230 notans
873 2183 934 2230 non
959 2162 1110 2238 κυλινδεῖ,
1135 2164 1252 2240 κυλίει,
1277 2161 1331 2229 sed
1354 2185 1403 2226 κυ·

218 2262 312 2330 λίνδει
335 2265 501 2347 voluerat,
526 2268 609 2356 quoti
629 2269 798 2336 eoniirruat
816 2269 1054 2358 Hesyoirianum
1069 2271 1227 2346 Κυλινδεῖ,
1252 2267 1403 2352 ἐπιφέρει,

218 2370 328 2436 αυλίει.
376 2373 575 2443 Κυλίνδεσύαι
608 2374 735 2455 ὁμοίως,
762 2377 826 2442 iuro
851 2396 925 2444 vero
948 2376 1079 2442 κυλίνδει
1103 2395 1139 2442 ex
1168 2376 1288 2442 Honor
1313 2373 1403 2440 ltine.

217 2474 252 2542 Ρ.
279 2480 356 2545 688.

263 2581 331 2649 Νοιο
362 2584 530 2654 dissimilis
560 2607 652 2654 error
684 2587 739 2654 sert
767 2588 933 2675 aliquantu
965 2589 1071 2654 rarius
1101 2588 1132 2653 iu
1163 2586 1256 2653 tibris
1285 2585 1405 2654 Graecis

217 2691 433 2758 committitur
466 2694 498 2760 in
535 2694 640 2760 veritis
674 2700 832 2777 συννεφεῖν
861 2702 892 2760 et
924 2696 1100 2777 ἐπινεφεῖν,
1132 2713 1269 2780 quorum
1307 2691 1403 2758 forma

218 2802 310 2861 vetus
333 2807 365 2865 et
389 2798 488 2887 proba
512 2801 655 2875 interiit,
680 2809 834 2886 quaeest
859 2799 1018 2883 συνιίφεει
1041 2808 1071 2866 et
1099 2799 1266 2882 ἐπινίφειυ.
1299 2799 1403 2886 Ipsum

217 2901 320 2986 νίφειυ
344 2914 375 2971 et
400 2907 555 2989 νενιφέναι
579 2906 662 2994 apud
695 2907 921 2973 Grammaticos
944 2914 977 2971 et
997 2905 1107 2983 λέξεων
1127 2905 1310 2972 conditores
1322 2923 1405 2972 eom-

218 3019 458 3089 memorantur,
491 3013 523 3077 in
556 3013 687 3100 seriptis
721 3023 865 3078 veterum
896 3011 974 3077 mihi
1001 3011 1082 3078 teuta
1107 3031 1168 3078 non
1193 3021 1285 3089 sunt,
1309 3009 1406 3089 ξυνοί-

218 3120 309 3197 νοφεν
330 3127 433 3183 erstat
452 3119 483 3182 in
506 3117 769 3204 Aristophanem,
795 3118 858 3185 vid.
885 3120 980 3184 Pnor.
1007 3139 1035 3185 υ.
1058 3117 1230 3202 ξυνυίνοφε.
1257 3117 1407 3207 Superest

217 3219 358 3305 ξυννέφει
382 3221 437 3289 setl
462 3223 493 3288 in
519 3221 666 3307 ξυννεφεί
685 3223 895 3312 depravatum
923 3229 953 3290 tn
980 3224 1099 3291 Avibus
1126 3230 1229 3292 1502:

447 3328 641 3412 ἀπαιθριάζει
665 3331 724 3404 τὰς
748 3331 884 3414 νεφέλας
909 3334 926 3408 ἢ
951 3330 1107 3414 ξυννέφεις

217 3445 250 3504 et
273 3436 320 3502 sie
343 3434 565 3504 emendandus
588 3435 752 3504 Eunrrturs
776 3439 808 3502 in
835 3437 963 3503 Electra
991 3442 1094 3504 1077:

448 3543 473 3609 εί
498 3543 555 3623 μίν
577 3544 620 3610 τοὶ
643 3543 752 3625 Τρύιον
776 3544 906 3624 εὐτυχοῖ
926 3542 1141 3626 κεχαρμένην,

444 3652 470 3716 εί
494 3650 521 3716 δ’
546 3647 646 3726 ἥσσον’
672 3649 716 3726 είκ
741 3650 950 3733 συννίφουσαυ
973 3649 1126 3730 ὄμματα,

217 3774 280 3822 non
304 3759 523 3838 συννεφοῦσαν.
573 3755 654 3821 Vera
678 3755 773 3823 lectio
797 3777 874 3823 easu
900 3765 1077 3823 emerserat
1102 3757 1133 3820 in
1155 3754 1302 3822 eiusdem
1321 3754 1408 3842 frag·

218 3870 326 3929 mento
350 3861 435 3947 apud
460 3860 619 3929 Sroauruu
644 3862 715 3930 Εοί.
740 3862 839 3951 Pitye.
865 3863 888 3930 i.
915 3885 946 3951 p.
971 3867 1051 3931 218:

445 3965 521 4034 οὕτω
546 3967 578 4034 δὲ
601 3970 711 4045 ίυερτῶν
734 3969 861 4052 σπέρμα
883 3973 942 4036 τῶν
965 3969 1023 4050 μὲν
1046 3972 1179 4051 εὐτυχεῖ

440 4081 575 4158 λαμπρᾷ
599 4076 738 4159 γαλίνρ,
762 4083 821 4142 τῶν
845 4076 876 4144 δὲ
899 4075 1040 4160 συννέφει
1064 4075 1173 4142 πόύλιν.

219 4181 274 4249 ubi
299 4180 369 4249 eorl.
398 4182 436 4248 Δ.
462 4181 619 4266 συννίφει,
645 4183 832 4250 Gusrouuu's
858 4185 888 4248 iu
916 4183 1089 4249 nouissima
1112 4180 1253 4248 editione
1276 4189 1310 4246 et
1335 4179 1408 4246 urn-

217 4310 341 4357 uourtus
365 4289 403 4356 ad
430 4286 579 4354 Srurauru
607 4287 798 4356 Tiesourum
823 4295 969 4372 συννεφεῑ
990 4289 1194 4365 maluerunt,
1218 4305 1349 4365 errore,
1372 4292 1408 4352 ut

219 4396 297 4463 mihi
324 4394 453 4484 quidem
476 4394 612 4461 videtur.
637 4401 756 4479 Νεφεῖν
777 4395 1058 4483 nequeaualogia,
1083 4413 1186 4481 neque
1200 4413 1260 4460 usu
1273 4393 1408 4480 scripto·

220 4525 293 4574 rum
318 4503 452 4572 nititur:
476 4500 511 4566 τί
535 4501 625 4584 νέφος
649 4510 682 4569 et
704 4502 860 4587 νευοφέναι
885 4509 1027 4589 arguunt
1051 4499 1150 4568 tuisse
1174 4500 1297 4583 νίφειυ,
1323 4495 1408 4586 quot
