3160 4972
673 359 744 430 teo

117 555 278 622 domest.
327 551 459 621 Ostendi
493 561 526 620 et
557 553 705 642 pluribus
737 550 869 639 posthae
901 551 1066 622 ostendam
1093 571 1190 640 quam
1215 549 1308 619 iaoiie

117 662 151 728 in
175 659 232 726 tati
258 679 292 727 re
317 659 487 746 participia
509 662 619 747 spuria
644 668 877 747 supponantur.

164 764 280 832 Herod.
308 765 393 832 Viii.
419 769 473 832 86.
498 768 557 832 τῶν
580 767 735 843 Ἑλλήνιον
754 767 808 833 σὺν
828 766 933 850 κθσμρι
953 765 1195 849 ναυμαχεόντων
1208 762 1311 852 [κατά

119 872 237 961 σάξιν],
246 870 357 940 eodem
370 891 468 940 sensu
481 881 606 940 veteres
618 873 767 940 dicebant
780 873 834 939 σὺν
847 872 965 957 κόσμῳ,
979 873 1098 940 caeteri
1111 871 1196 938 κατά
1208 868 1310 948 τάξιν.

165 979 251 1046 Eece
274 979 392 1045 iterum
418 979 540 1046 ἐκέλευε
565 981 642 1046 νίῑὶο
666 989 779 1046 natum
801 979 917 1046 Herod.
946 979 1030 1046 vrit.
1053 983 1127 1046 101.
1153 980 1188 1046 τδ
1209 979 1311 1044 ἐντεῦ-

121 1090 169 1153 θεν
191 1087 223 1154 δὲ
247 1085 313 1169 περὶ
338 1094 393 1164 τής
417 1087 529 1154 ἐκείνου
553 1086 706 1153 πονέεσθαι
726 1086 781 1162 ήδη
804 1087 856 1154 τὸν
876 1088 986 1166 epam
1007 1086 1174 1173 [έκὲλευε],
1192 1084 1310 1150 omisso

122 1193 313 1262 emblemate
333 1195 441 1262 omnia
459 1194 539 1263 bene
560 1193 691 1261 babent:
713 1195 809 1262 etiam
835 1213 921 1260 nuno
943 1188 1203 1280 perincommoda
1220 1187 1311 1256 sedes

124 1300 268 1368 iraudem
294 1300 413 1386 arguit.

170 1405 285 1474 Herod.
311 1406 398 1474 VHI.
423 1411 497 1474 109.
522 1407 643 1484 άκήκοα
657 1443 700 1458 -
712 1404 822 1490 άνδρας
844 1407 874 1482 ἐς
891 1404 1068 1486 άναρκαίην
1087 1402 1311 1480 ἀπειληθέντας

125 1513 359 1603 [νενικημένους]
397 1513 624 1596 άναμάχεσθαί
654 1538 690 1580 τε
724 1513 777 1580 καί
813 1511 1053 1593 ἀναλαμβάνειν
1082 1513 1137 1588 τήν
1170 1509 1313 1593 προτέρην

124 1619 294 1696 κακθτητα.
342 1618 431 1701 Quod
464 1619 669 1700 νενικημένους
700 1619 862 1706 siguificat
894 1618 995 1686 ruuitu
1026 1618 1142 1686 metius
1169 1617 1253 1683 inest
1278 1616 1311 1680 in

123 1725 388 1808 ἈΝΛμάχεσθαι
412 1735 443 1793 et
474 1728 504 1792 in
529 1729 584 1804 τήν
607 1727 748 1811 προτέρην
771 1726 944 1802 κακέτητα.

170 1830 412 1910 borodrttr:
444 1837 516 1898 111.
550 1833 687 1899 οὐδέκοτε
721 1834 784 1916 γάρ
812 1814 867 1908 τῆς
903 1834 1019 1898 ἑωυτῶν
1052 1831 1224 1910 άδυναμίης
1258 1831 1314 1907 τήν

122 1939 289 2017 Ἀθηναίων
326 1937 454 2017 δύναμιν
483 1935 560 2006 εἶναι
592 1940 729 2022 κρείσσω.
778 1939 943 2006 Sententia
975 1946 1040 2006 est:
1064 1958 1198 2024 nomque
1220 1957 1313 2002 uum·

123 2067 218 2134 qurum
241 2043 371 2122 FOHE,
395 2053 430 2110 υί
449 2055 510 2112 oet.
560 2047 673 2134 itaque
691 2046 897 2113 inserendum
917 2045 1055 2114 οὐδέκοτε
1071 2047 1135 2127 γάρ
1153 2043 1231 2111 “AN
1249 2044 1313 2110 κτέ.

169 2151 286 2219 Herod.
311 2151 395 2218 VHI.
432 2155 505 2219 tae.
540 2154 674 2220 ε’ντεῖιθεν
704 2153 735 2220 δέ
767 2153 941 2235 θρμεθμενοι
975 2155 1027 2240 [ὥς
1058 2151 1177 2229 ταύτην
1205 2147 1312 2236 ἔσχον]

125 2259 350 2342 κατεσρέφοντο
381 2257 434 2324 καί
467 2259 522 2334 τήν
554 2258 656 2336 άλλην
685 2260 887 2338 Μακεδονίην.
935 2258 1084 2326 Sentisne
1113 2277 1210 2344 quam
1237 2256 1314 2322 baec

127 2366 241 2431 vitiose
270 2361 454 2430 abundent?
488 2367 580 2452 quasi
606 2386 680 2433 raro
704 2368 777 2454 quis
802 2373 907 2454 posset
932 2366 1081 2448 ipericius
1106 2364 1139 2430 ἐκ
1161 2362 1260 2446 χοίρου
1284 2357 1315 2426 δν

125 2473 179 2538 οὐκ
202 2468 280 2552 έχει.
1198 2483 1201 2490 ’

175 2574 288 2642 Herod.
314 2574 399 2644 Vidi.
430 2581 501 2644 140.
527 2580 562 2654 ήν
586 2578 686 2658 ήμέας
710 2575 928 2661 ὑπερβάλησθε
952 2577 1017 2667 [καὶ
1035 2577 1203 2665 νικήσητε].
1229 2574 1316 2644 Nihil

126 2681 215 2751 aliud
236 2691 284 2750 est
305 2683 556 2766 ὑπερβάλλεσθαι
575 2704 670 2771 quam
692 2690 796 2764 νικᾶν,
821 2691 853 2752 et
875 2683 1241 2752 uruitoacriusrerbum
1255 2693 1315 2751 est.

170 2787 287 2856 Herod.
304 2788 389 2855 vlit.
406 2795 479 2857 143.
494 2789 691 2871 άπάγγελλε
703 2791 862 2874 Μαρδονίῳ
884 2791 936 2881 [aa
951 2793 1103 2867 Ἀθηναῖοι
1116 2790 1257 2877 λέγουσι]
1273 2829 1316 2839 -

124 2896 241 2977 μήκοτε
266 2897 467 2975 θμολογήσειν
490 2901 648 2965 ‘HMEAC
673 2897 774 2981 Ξέρξη.
824 2897 985 2964 Haeccine
1021 2919 1078 2985 pro
1101 2897 1251 2984 genuinis
1283 2904 1317 2962 et

127 3001 315 3070 Herodoteis
339 3001 464 3070 baberit

171 3108 285 3176 Herod.
311 3109 366 3176 IX.
393 3115 425 3176 2.
450 3111 477 3177 σθ
498 3110 632 3190 Θηβαῖοι
651 3109 895 3192 κατελάμβανον
913 3112 965 3177 τθν
985 3111 1153 3194 Μαρδθνιον
1169 3111 1317 3192 λέγοντες

126 3216 165 3290 ὥς
184 3217 238 3282 οὐκ
257 3213 304 3292 ein
321 3223 417 3299 χῶρος
435 3217 665 3300 έπιτηδειέτερος
687 3218 992 3300 ένςρατοπεδεθεσθαι
1012 3220 1135 3287 έκείνου.
1174 3218 1318 3288 Thebani

126 3320 329 3390 Herdonium
354 3324 387 3388 in
412 3325 554 3390 Atticam
579 3332 803 3412 properantem
830 3323 879 3391 bis
904 3326 1009 3392 verbis
1033 3327 1066 3392 in
1093 3327 1219 3394 boeotia
1243 3327 1317 3393 reti·

127 3427 257 3494 nebant.
307 3427 390 3495 Haeo
416 3449 489 3495 vera
514 3429 611 3496 tectio
635 3439 694 3498 est.
744 3432 779 3498 in
805 3431 896 3498 libris
923 3434 969 3500 sic
990 3431 1128 3520 iegitur:
1155 3433 1317 3515 κατελάμ·

128 3533 223 3614 βανον
246 3533 298 3601 τθυ
320 3533 489 3618 Μαρδόνιον
515 3535 581 3625 [καί
605 3539 823 3619 συνεβούλευον
845 3539 945 3627 αὐτῷ]
970 3540 1128 3619 λέγοντες.

176 3639 290 3706 Herod.
316 3641 374 3708 lx.
402 3645 454 3707 33.
474 3642 715 3724 Λακεδαιμθυιοι
734 3645 798 3735 (riu
817 3647 1006 3735 Τισαμενὸν)
1027 3649 1206 3724 έποιήσοιντο
1225 3662 1319 3713 λευσ-

129 3744 267 3832 φέτερον.
317 3747 495 3815 Monstrum
521 3749 608 3818 verbi
632 3758 681 3817 est
704 3750 912 3835 λεωσφέτερον
936 3761 1006 3820 eta
1028 3753 1210 3820 Graecitate
1231 3773 1319 3840 pror-

130 3871 187 3924 sus
211 3851 361 3919 alienum.
410 3855 576 3922 Sententia
610 3857 750 3944 postulat
775 3859 957 3936 ἐποιήσαντο
981 3861 1130 3937 πολιήτην
1153 3859 1320 3944 σφέτερον,

130 3969 167 4027 ut
201 3961 313 4048 paucis
349 3962 546 4051 interpositis
583 3964 699 4031 iterum
737 3964 818 4032 dixit
848 3967 882 4044 ήι
913 3989 966 4047 μιν
994 3967 1142 4044 πολιήτην
1172 3967 1320 4054 σφέτερον

128 4069 325 4145 ποιήσωνται.

176 4173 291 4243 Herod.
317 4175 374 4242 IX.
406 4182 458 4244 55.
488 4177 589 4262 ταθτη
612 4188 650 4264 τῇ
674 4181 771 4265 ψήφῳ
800 4178 993 4264 ψηφίζεσθαι
1024 4177 1085 4264 ἔφη
1119 4183 1163 4262 μή
1188 4183 1321 4268 φεύγειν

129 4282 199 4357 τοὺς
224 4280 337 4361 ξείνους
367 4281 492 4372 [ξείνους
515 4285 616 4366 λέγων
637 4287 707 4363 τοὺς
731 4288 947 4375 βαρβάρους],
973 4307 1143 4376 perperam
1169 4288 1246 4357 haec
1271 4310 1322 4358 re-

130 4388 232 4478 petita
256 4397 333 4456 sunt
356 4410 396 4456 ex
420 4390 476 4458 id.
507 4396 557 4460 11.
607 4393 645 4460 In
670 4413 740 4482 sqq.
763 4396 806 4462 τά
830 4393 1042 4473 έντεταλμένα
1062 4396 1167 4476 λέγειν
1191 4397 1220 4486 [θ
1238 4405 1322 4463 Παυ·

22 4570 27 4578 ,
130 4496 254 4580 σαυίης]
278 4494 400 4564 ἐκέλευε
425 4517 540 4565 nomen
566 4497 744 4566 Pausaniae
767 4509 813 4567 est
841 4500 1081 4588 interpolatum.
