3160 4972
829 351 899 430 38'4

261 556 336 626 ἀλλ’
361 555 375 620 d
405 555 463 633 μὲν
491 555 563 637 riche
588 549 637 619 ὅδε
669 552 808 634 ανὺρὺς
831 555 871 625 ιὺς
895 549 984 632 με’γα
1007 577 1038 620 τι
1057 553 1110 619 καῖ
1135 549 1232 620 καλὸν
1253 550 1458 632 διαπεπραγ-

261 660 361 740 μένος.
398 659 509 741 Κνὺςὺς
534 659 574 725 ab
600 660 782 726 Atticorum
809 678 870 726 usu
888 658 1056 727 abhorret:
1081 659 1185 745 potuit
1208 654 1268 723 hoc
1292 655 1460 722 Xruoruou

263 770 294 831 in
321 766 409 832 Ionia
434 764 597 834 audivisse
629 773 661 833 et
694 764 902 851 imprudens,
934 775 969 831 ut
1002 765 1105 832 muita
1136 763 1217 841 aha,
1241 761 1460 830 admiscuisse

265 873 401 951 Atticis,
439 882 473 940 ut
509 874 541 939 in
579 872 660 938 libro
696 872 791 937 dere
823 873 958 959 equestri
982 873 1021 939 X.
1051 877 1100 938 16.
1126 871 1219 953 Aropo}
1242 871 1284 952 τῷ
1308 871 1459 954 σχήματι

262 980 485 1062 γανριὺμεννς,
515 989 547 1045 at
573 979 738 1047 Socratem
768 981 811 1044 ita
844 977 1027 1066 loquentem
1061 977 1176 1045 iecisse
1206 998 1269 1043 non
1302 977 1458 1044 arbitror.

263 1084 415 1152 Sromrus
448 1088 480 1151 in
505 1085 619 1152 uteru.
655 1085 723 1152 vtt.
759 1090 800 1151 75
833 1083 911 1171 legit
940 1110 980 1165 γε
1011 1084 1134 1169 κυδρός,
1166 1084 1316 1172 equidem
1339 1084 1458 1166 γαυρὺς

262 1194 427 1278 antiquam
453 1192 622 1258 lectionem
658 1192 806 1278 suspicor
831 1189 939 1258 inisse.
987 1191 1023 1258 ln
1054 1195 1072 1278 §
1101 1199 1139 1259 31
1168 1192 1182 1258 ὑ
1207 1192 1360 1264 νεανῖπκνς
1384 1189 1459 1256 edre

261 1309 300 1384 τῇ
330 1299 466 1388 [ἑαυτοῦ]
497 1299 585 1365 πόλει
616 1299 686 1366 οὔτε
713 1307 776 1373 τοῖς
801 1299 904 1381 φίλοις
929 1297 998 1365 οὔτε
1023 1301 1106 1382 αὑπῷ
1131 1298 1216 1378 ἄξιος
1241 1299 1356 1370 οὐδενὸς
1381 1298 1457 1377 ἐγέ-

261 1431 347 1485 νετο,
373 1407 480 1493 inepte
504 1413 535 1472 et
556 1415 667 1472 contra
691 1405 836 1471 ornnionr
864 1425 957 1472 usum
978 1405 1122 1473 abundat
1141 1408 1263 1472 ἑαυτοῦ.
1314 1404 1347 1469 in
1369 1405 1387 1489 ς
1411 1408 1457 1470 52

261 1512 455 1593 ἐπαγόμενος
489 1511 716 1598 corrigendum
754 1521 803 1578 est
837 1514 867 1576 in
903 1511 1167 1593 ἐπαγαγόμενος,
1201 1513 1234 1577 in
1267 1513 1352 1608 §23
1384 1509 1458 1596 lege

261 1619 339 1700 ἔγνω
364 1627 498 1701 κρεῖσσον
521 1617 559 1685 ὅν
584 1639 641 1706 pro
670 1614 765 1698 εἶναι,
796 1617 935 1704 denique
961 1618 993 1684 in
1027 1623 1123 1705 554.
1156 1621 1217 1699 ἐγὼ
1240 1619 1297 1697 μὲν
1325 1616 1360 1693 tt
1385 1615 1458 1682 οὔτε

261 1729 306 1806 μὲν
328 1726 503 1805 μεμνῆσθαι
536 1725 671 1804 δύναμαι
703 1726 798 1791 αὑτοῦ
828 1723 899 1789 οὔτε
931 1727 1124 1805 μεμνημένος
1153 1727 1197 1805 pt
1225 1727 1279 1791 ιὺιι
1303 1725 1458 1802 ἐπαινεῖν,

262 1833 335 1919 quis
358 1832 542 1898 admonitus
566 1831 724 1896 dubitabit
751 1833 794 1910 Ati
820 1834 851 1898 νὺ
876 1833 1052 1910 μεμνῆσθαι
1077 1830 1244 1921 recipere?

178 1977 185 1988 ·
308 1939 435 2006 Faciam
463 1937 557 2004 finem
585 1939 616 2002 in
643 1938 711 2002 ioco
736 1937 950 2004 Druosrneurs
984 1937 1023 2005 de
1052 1939 1091 2006 F.
1116 1937 1152 2004 L.
1176 1943 1192 2023 §
1217 1943 1293 2004 314.
1314 1957 1344 2026 p.
1367 1939 1456 2014 429,

263 2049 315 2110 hh.
346 2047 378 2111 οὑ
409 2045 506 2110 coitur
538 2045 581 2109 πέι
614 2044 716 2110 παλαι
749 2043 788 2109 νῖν
822 2069 868 2117 πις
900 2043 967 2128 ἔχει
998 2045 1088 2125 μόνον
1119 2048 1217 2112 εῖπεῖν
1236 2084 1281 2095 -
1301 2046 1376 2110 ent*
1401 2043 1455 2126 ἐφ’

262 2153 343 2232 ὑμῶν
375 2149 499 2217 τουτωνὶ
530 2157 589 2216 τῶν
614 2148 658 2215 ἔτι
693 2150 808 2232 ζώντων
842 2151 1000 2233 ἀνθρώπων
1030 2153 1137 2219 πολλοὶ
1161 2143 1245 2229 ὑῖκκν
1268 2151 1453 2230 δεδώκασιν,

261 2257 293 2324 in
326 2278 390 2345 quo
420 2256 484 2323 duo
517 2257 628 2323 insunt
659 2257 748 2324 ritis:
797 2257 858 2322 Pro
883 2257 1004 2336 παλαι,
1036 2259 1121 2346 quod
1145 2259 1209 2326 duo
1233 2258 1346 2345 optimi
1378 2255 1453 2322 iibri

261 2373 406 2442 servant,
432 2363 552 2430 caeteri
582 2383 693 2430 omnes
725 2363 852 2429 παλανὺ
886 2363 1050 2434 exhibent.
1100 2365 1219 2433 Verum
1245 2374 1294 2432 est
1317 2373 1454 2430 TAssA·

254 2479 472 2536 .AAtANTlc
496 2469 551 2535 sed
576 2468 782 2536 scribendum
809 2479 895 2536 erat:
918 2471 961 2537 παῖ
987 2473 1101 2538 παλαί’
1125 2472 1164 2538 ἐιν
1188 2497 1250 2550 πις,
1276 2490 1350 2536 nam
1375 2469 1455 2536 dici·

260 2579 364 2642 turoi
395 2577 497 2642 παλαι
529 2575 584 2642 scd
618 2576 661 2642 τὰ
685 2575 787 2642 πιῖλαι
812 2577 967 2656 γενόμενα
996 2589 1052 2644 aut
1076 2579 1120 2646 πα
1144 2577 1282 2645 παλαιαὶ.
1333 2573 1454 2642 Deinde

259 2685 333 2770 quis
356 2684 480 2771 estqui
508 2703 569 2748 uon
591 2683 701 2748 statim
732 2684 889 2770 intelligat
917 2685 948 2749 in
980 2687 1068 2766 ὑμεῖς
1091 2686 1188 2752 οὑπαῖ
1213 2686 1251 2774 [οἱ
1274 2682 1319 2750 ἐπι
1345 2682 1453 2766 ζῶντες

259 2789 418 2879 ὑνὺμνπα]
450 2787 627 2855 absurdum
667 2788 923 2856 additamentum
961 2791 1085 2858 teneri?
1121 2812 1194 2857 nam
1228 2809 1333 2878 neque
1365 2791 1454 2870 ὑμεῖς

158 2925 160 2930 ·
260 2897 362 2964 sotum
383 2907 447 2962 tam
469 2896 627 2962 insulsam
649 2898 838 2982 epexegesin
860 2896 1044 2964 admisisset
1065 2906 1097 2964 et
1118 2896 1220 2964 mutto
1241 2897 1344 2982 magis
1364 2898 1453 2976 ὑμεῖς

259 3004 354 3070 adseri*
372 3002 421 3068 vet
446 3004 533 3082 ὑμεῖς
558 2999 622 3067 οἵδε
647 3003 771 3088 respuit
792 3002 948 3068 emblema
972 3005 996 3068 oi
1021 3000 1065 3069 ἔτι
1093 3003 1201 3086 ξὺνπες
1226 3002 1383 3084 ἄνθρωποι.

306 3107 353 3175 Ad
378 3128 451 3195 pag.
467 3113 543 3174 350.
571 3109 701 3187 πλκγὺς
724 3109 910 3188 ἐπιβάλλειν
934 3107 1019 3196 quod
1048 3118 1096 3175 est
1117 3109 1200 3196 apud
1226 3108 1452 3176 Xeuoreourru

259 3217 297 3280 dc
327 3201 403 3300 Rep'.
440 3211 621 3278 Loccdoern.
654 3213 694 3279 11.
731 3219 761 3280 8.
793 3216 826 3280 πῖ
855 3216 933 3289 ὑιῖπα
968 3213 1054 3295 εῖπερ
1085 3214 1121 3280 cd
1152 3213 1298 3280 κλέπτειν
1332 3215 1452 3294 ὑγαὺὑν

259 3319 376 3403 ἐνόμιζε
405 3318 527 3392 πολλοῖς
559 3319 689 3399 πληγαῖς
721 3319 863 3400 ἐπέβαλε
899 3322 940 3403 τῷ
964 3319 1175 3403 dirempto,
1200 3339 1261 3384 non
1292 3329 1340 3386 est
1373 3340 1451 3386 cum

259 3429 388 3507 πλαγας
419 3425 596 3506 ἐμβάλλειν
627 3425 908 3506 confundendum,
932 3437 964 3493 et
990 3428 1084 3494 tranei
1120 3447 1181 3491 nou
1215 3436 1263 3493 est
1288 3427 1451 3512 scriptura

258 3535 411 3614 ἐνέβαλε,
436 3543 591 3621 quaeest
616 3533 647 3597 iu
679 3551 744 3598 uno
774 3533 883 3599 codice
908 3533 1049 3601 Sroorrr.
1099 3533 1228 3605 [tiorum
1253 3538 1360 3598 estut
1387 3533 1451 3598 ἐπν-

257 3641 392 3722 βαλλειν
413 3640 528 3723 ζημίαν
553 3637 591 3704 de
619 3637 718 3704 iatore
743 3638 823 3725 tegis
850 3658 983 3726 poenam
1010 3638 1092 3704 hano
1117 3639 1345 3704 constituente.

304 3748 351 3815 Ad
377 3767 447 3835 pag.
473 3751 548 3812 345.
585 3743 673 3825 Quae
697 3747 727 3809 in
755 3745 998 3813 Atheniensium
1028 3744 1286 3832 Antiquitatibus
1317 3752 1365 3808 est
1390 3741 1451 3808 Lu·

257 3873 339 3921 enm
359 3853 547 3934 νῖκυμλνγῖα
568 3861 599 3916 et
622 3851 835 3937 negligentia,
868 3851 977 3917 eadem
1005 3860 1138 3939 apparet
1170 3849 1255 3937 apud
1286 3850 1451 3935 sequiores

258 3979 383 4035 omnes,
407 3960 461 4044 qui
487 3957 655 4023 historiam
683 3956 927 4022 Atheniensium
952 3967 1009 4022 aut
1034 3976 1086 4023 res
1113 3957 1238 4022 Atticas
1262 3955 1450 4022 describunt

258 4073 315 4132 aut
341 4072 604 4130 commemorant.
654 4062 754 4150 Saepe
787 4062 820 4129 id
852 4064 883 4128 in
912 4063 1089 4129 Pcorsncno
1114 4063 1252 4128 miratus
1276 4081 1368 4139 sum,
1394 4063 1450 4147 qui

258 4189 454 4258 quamquam
475 4168 530 4235 diu
552 4179 584 4236 et
608 4169 746 4236 ruuttum
767 4172 799 4236 in
822 4169 885 4235 ittis
903 4169 1160 4237 rehusuersatus
1174 4167 1450 4254 estetditigenter

259 4277 381 4343 Atticos
405 4277 580 4363 scriptores
606 4277 713 4355 trivit,
751 4286 782 4342 et
807 4276 874 4364 ipsa
900 4276 1112 4363 Antiquitatis
1133 4283 1341 4340 monumenta
1363 4275 1449 4340 etin

259 4382 309 4448 his
329 4383 461 4449 Currum
482 4381 683 4466 ψηφίσματα
700 4381 809 4449 sedulo
826 4381 991 4462 adhibuit,
1006 4396 1111 4448 tamen
1134 4381 1301 4467 antiquam
1319 4376 1449 4445 dicendi

258 4486 524 4555 consuetudinem
549 4495 580 4554 et
603 4497 755 4575 conrepta
775 4487 870 4556 verba
893 4497 925 4556 et
947 4496 1150 4556 constantem
1176 4505 1271 4554 usum
1296 4483 1449 4574 loquendi
