3178 4972
720 358 765 430 31

140 561 178 634 3,
209 555 319 643 λείου.)
367 552 421 621 lll.
454 556 508 619 04.
541 559 580 630 5,
613 551 728 637 petieris
752 572 811 640 pro
834 554 926 636 ῥυείη.
952 551 1009 621 ΙΙΙ.
1035 559 1089 622 tt.
1117 560 1155 634 7,
1179 559 1329 647 κνσυθθχγ

138 681 197 750 pro
218 657 378 744 ιινσοδθιιῳ.
424 659 481 726 lll.
508 664 540 726 7.
567 667 609 740 ὅ,
639 668 777 742 Πειραιοῖ
798 678 856 746 pro
879 661 910 725 έν
937 668 1082 743 Πειραιεῖ.
1130 661 1185 728 lll.
1213 670 1264 731 19.
1292 671 1328 744 2,

138 770 181 841 εῖτ
202 769 238 834 σέ
263 787 323 856 pru
345 768 388 840 είς
413 770 477 832 τοῦ.
514 764 571 832 lli.
598 769 652 832 41.
678 771 713 843 b,
740 766 827 832 δίεισι
850 786 907 853 pre
926 765 1095 848 διέρχεται.
1133 768 1189 836 lll.
1213 777 1266 838 53.
1290 777 1328 854 2,

139 877 213 940 κεῖθι
238 893 297 960 pro
322 874 396 940 ἐκεῖ.
433 871 488 938 lll.
517 877 580 949 117,
612 871 767 951 οίνωροένος
798 893 857 960 pro
879 871 996 951 μεθύων
1019 882 1052 939 et
1077 873 1211 943 barbate
1235 879 1330 945 ε’σκω·

137 978 251 1060 ψιίμιιν
282 999 341 1066 pro
371 976 511 1058 έσιιωψα.
560 977 615 1044 ΙΙΙ.
651 984 711 1058 tu,
742 978 814 1044 κατ’
839 977 909 1060 θναρ
933 998 989 1064 pro
1010 977 1089 1062 θναρ.
1126 982 1182 1049 llt.
1208 989 1264 1050 00.
1293 991 1329 1064 1,

138 1085 330 1170 ἀνατρέφειν
364 1105 421 1172 pru
452 1084 692 1167 ἀνατρέφεσθαι.
740 1085 795 1151 lll.
823 1089 877 1153 70.
911 1090 949 1162 4,
982 1086 1033 1152 tart
1064 1089 1194 1167 μῆαιτον
1224 1088 1330 1172 χρθνον

138 1213 196 1279 pru
218 1192 274 1258 tre
296 1190 424 1260 πλείςον
445 1190 565 1272 χρόνον.
601 1190 658 1257 itt.
684 1195 738 1257 tt.
761 1195 780 1256 1
792 1240 802 1271 ,
827 1190 1019 1266 ὑπετθπνσεν
1040 1211 1097 1278 pru
1116 1193 1327 1264 ὑπώπτευσεν.

137 1299 164 1366 l.
191 1304 222 1366 1.
253 1305 291 1377 1,
317 1299 343 1364 τί
365 1298 482 1378 βορρεῖς
507 1317 565 1384 pro
588 1297 708 1380 βορραῖ.
734 1297 759 1363 Ι.
786 1301 839 1364 lb.
867 1301 907 1376 Ξ,
928 1299 1149 1378 κατακλιθείς,
1176 1300 1277 1388 (recle
1298 1311 1329 1368 et

139 1405 238 1472 Adire
271 1404 304 1469 in
336 1401 452 1488 fragm.
483 1407 504 1468 6
537 1405 802 1490 nannetensium.)
835 1404 859 1468 l.
883 1405 936 1469 54.
962 1406 982 1469 6
1012 1404 1154 1488 τασιοίζει
1178 1407 1222 1472 τά
1245 1407 1330 1475 κοινοί

140 1531 196 1598 pru
227 1512 285 1588 τῖιν
316 1509 406 1577 τοίνυν
439 1511 482 1584 εῖτ
514 1508 604 1578 strar
633 1509 774 1586 καθίτνσι
797 1509 864 1576 sive
887 1508 1050 1592 ταράττει.
1089 1510 1144 1578 lll.
1170 1517 1225 1580 40.
1253 1519 1272 1579 4
1298 1524 1330 1579 ct

140 1623 192 1684 41.
223 1623 267 1697 5,
298 1617 370 1688 τοὺς
400 1614 539 1697 πατέρας
572 1635 630 1703 pro
658 1616 781 1696 γονέας.
830 1615 884 1682 tlt.
919 1621 972 1686 53.
1007 1623 1045 1695 1,
1079 1618 1248 1701 εῖσέφρνσα
1273 1640 1330 1707 pro

139 1721 311 1807 εῖσὲΦρησα
334 1722 479 1802 έμαυτίν.
526 1721 583 1788 lll.
608 1726 661 1787 61.
688 1727 725 1799 5,
748 1724 868 1802 ἀγαπῶ
890 1721 1057 1806 ἐκπορίζειν
1080 1743 1138 1810 pru
1158 1724 1328 1808 ἐκπορίζων.

141 1828 346 1912 sterpetum
370 1837 482 1895 cantra
507 1838 655 1895 naturam
682 1827 769 1895 verbi
791 1837 824 1895 et
846 1847 939 1894 usum
962 1829 1167 1915 antiquitatis
1188 1833 1345 1917 positum·

140 1944 186 2002 cet
216 1935 276 2002 lll.
309 1941 342 2002 4.
378 1939 438 2011 17,
468 1934 641 2018 φθίσεσθαι
671 1933 771 2000 ἀνθεῖν
802 1953 860 2020 pm
891 1934 992 2000 laide.
1040 1933 1108 2000 Nun
1142 1939 1327 2021 negaverim

140 2041 209 2109 ficri
234 2061 345 2129 pesse,
382 2047 419 2106 ut
443 2039 595 2106 nonnulla
619 2060 658 2108 ex
681 2039 733 2106 bis
753 2040 816 2127 ipsi
837 2041 1018 2106 dtcrruncru
1040 2041 1229 2127 imputanda
1250 2044 1329 2118 sint;

140 2149 247 2216 emnia
273 2147 352 2214 bacc
372 2145 412 2212 ab
433 2166 470 2213 ec
489 2147 662 2212 commissa
682 2165 773 2225 csse,
798 2147 855 2233 qui
874 2154 962 2212 tutus
982 2145 1081 2213 luerit
1102 2148 1134 2213 in
1154 2149 1257 2234 pactis
1275 2169 1328 2216 an·

142 2255 250 2342 tiquae
282 2250 464 2320 comoediae
494 2251 679 2319 lectitandis
708 2261 741 2318 et
775 2253 984 2320 dursrcrutue
1012 2261 1088 2320 ante
1118 2273 1248 2336 amnes,
1273 2258 1329 2343 qui

140 2379 240 2428 norae
260 2358 443 2427 comaediae
462 2356 587 2426 tabulas
607 2357 756 2426 versabat
774 2367 807 2425 ct
829 2360 1003 2447 praecipue
1016 2359 1246 2441 Menandreae,
1271 2365 1327 2449 qui

142 2467 303 2546 Petrum
325 2463 449 2532 terebat
473 2473 504 2532 et
529 2466 772 2544 Drucsrnereu,
788 2474 833 2530 'ut
857 2465 897 2532 ab
921 2465 971 2532 bis
991 2464 1141 2532 omuibus
1161 2469 1328 2552 ἀττικίζειν

74 2568 75 2572 ’
141 2571 298 2650 disceret,
332 2591 407 2638 cum
439 2571 541 2658 igitur
565 2573 704 2657 turpiter
729 2573 900 2658 impegisse
925 2573 957 2638 in
983 2572 1024 2638 iis
1047 2572 1216 2651 omnibus,
1246 2595 1328 2662 quac

141 2679 296 2764 magister
325 2675 461 2764 quilibet
493 2677 525 2742 in
558 2684 727 2744 numeratu
754 2676 886 2744 baberet
909 2686 941 2744 et
966 2677 1005 2744 ad
1032 2677 1198 2746 fastidium
1225 2701 1327 2769 usque

142 2784 339 2862 inculcaret,
364 2782 397 2849 id
422 2782 502 2848 mibi
528 2781 776 2869 haudquaquam
801 2782 928 2850 videtur
953 2781 1117 2851 credibile.
1165 2785 1272 2852 litium
1294 2789 1327 2854 in

142 2889 275 2976 reliquis
301 2890 408 2967 vitiis,
432 2909 515 2975 quae
538 2889 601 2956 iam
624 2887 790 2968 indicabo,
820 2889 1039 2977 compluscula
1062 2909 1133 2956 esse
1157 2893 1326 2979 suspicor,

143 3013 224 3082 quae
253 2995 337 3062 mala
369 3015 485 3061 manus
515 2995 657 3074 invexit3
691 2995 770 3060 satis
794 2994 915 3062 habebo
937 2997 963 3062 si
990 2996 1023 3062 id
1049 2997 1176 3078 vicero,
1202 3009 1326 3086 partem

143 3103 255 3190 utique
278 3109 484 3189 pcccatorum
509 3100 612 3188 ipsius
632 3099 781 3167 libaturis
798 3101 993 3187 negligentia
1014 3119 1084 3169 csse
1104 3106 1327 3185 commissam,

143 3209 217 3294 qui,
240 3216 275 3273 ut
294 3207 460 3294 aequiores
480 3228 612 3284 omnes,
630 3206 805 3274 Atticorum
823 3227 1005 3275 sermonem
1028 3227 1089 3274 ncn
1110 3218 1176 3276 tam
1195 3211 1328 3298 diligen·

144 3320 192 3380 ter
213 3312 396 3380 observavit
418 3321 451 3379 et
475 3311 620 3390 imbibit,
646 3321 681 3379 ut
706 3331 768 3380 nun
793 3312 929 3380 subinde
952 3311 1126 3383 laberetur.
1150 3317 1196 3384 lix
1216 3339 1253 3386 co
1274 3341 1329 3407 gc-

145 3439 218 3488 uet‘e
240 3419 399 3506 estquod
422 3418 541 3504 legitur
565 3417 620 3485 tlt.
645 3421 676 3485 3.
701 3423 742 3492 6,
768 3421 1029 3502 ἀ,’Λρευπαγῖτιι
1052 3420 1153 3499 βουλή
1177 3444 1235 3511 pro
1256 3429 1273 3502 ἡ
1294 3425 1330 3506 ἐξ

143 3527 258 3608 Ἀρείου
286 3525 403 3605 τάγου.
449 3525 505 3591 lll.
535 3531 585 3591 10.
611 3529 629 3590 5
642 3573 651 3603 ,
676 3525 811 3604 ένθθμιον
833 3523 1038 3604 ποιησάμενος
1062 3545 1119 3611 pru
1143 3530 1328 3610 treceniet.

142 3631 196 3700 ttl.
222 3637 276 3700 20.
303 3637 342 3708 4,
367 3633 401 3712 έξ
423 3632 592 3714 telenum
612 3631 705 3697 ἐποίει
726 3650 783 3717 pro
802 3633 949 3710 έποιεῖτο,
975 3639 1012 3698 ut
1030 3632 1162 3701 introibe
1181 3639 1329 3719 έποιεῖτο,

145 3741 190 3806 εἰσ
212 3748 245 3805 et
269 3738 294 3804 1.
322 3742 374 3804 19.
402 3743 438 3813 1,
470 3747 565 3803 ποιεῖν
588 3737 740 3802 νουθεσίαν
761 3755 896 3824 pravum
921 3745 988 3815 est,
1015 3757 1072 3825 pro
1096 3743 1242 3809 νουθετεῖν
1265 3745 1329 3813 dici

146 3853 247 3932 potest
269 3843 426 3911 νουθεσίαν
449 3846 600 3910 ποιεῖσθαι
625 3862 687 3909 non
712 3850 816 3909 ποιεῖν.
866 3843 920 3908 lll.
946 3846 1000 3908 tt.
1027 3849 1067 3923 5,
1093 3845 1252 3930 ἀμφιάσει
1275 3871 1332 3937 pru

145 3954 262 4036 ἀμφιεῖ
292 3950 348 4017 lll.
377 3956 429 4016 44.
459 3953 501 4034 l,
529 3949 664 4031 ἀνέῳγεν
686 3950 766 4016 οἰκία
792 3969 848 4036 pro
872 3947 1043 4031 ἀνέῳκται,
1075 3958 1111 4016 ul
1136 3951 1192 4022 Ill.
1217 3962 1270 4026 47.
1296 3965 1332 4040 5,

145 4058 305 4141 ἀνεῳγότα
337 4076 396 4143 prc
422 4055 630 4140 ἀνεῳγμένον,
661 4056 756 4122 cuius
779 4054 850 4120 vitii
878 4063 964 4120 recte
987 4057 1199 4125 dncrrnncnru
1223 4067 1332 4148 arguit

146 4163 262 4230 bornen
287 4161 326 4228 ad
355 4164 518 4228 Pnunmcu.
544 4181 573 4248 p.
602 4164 676 4226 128.
702 4159 726 4226 l.
752 4165 810 4238 15,
835 4159 917 4233 εἰδὼς
942 4163 1031 4226 ταῦθ’
1053 4159 1145 4238 οὕτως
1167 4163 1251 4247 ἔχειν
1275 4191 1332 4258 pro

147 4267 286 4352 έχοντα.Ι
321 4268 346 4334 l.
370 4267 847 4350 16,διάχειράταατέχοντα,
872 4275 996 4334 veteres
1020 4265 1145 4350 έχοντα.
1178 4272 1218 4339 lt.
1242 4282 1272 4342 4.
1295 4283 1332 4358 ti,

148 4376 353 4458 κροταλίζειν,
367 4374 530 4442 mutuata
543 4375 610 4460 ipse
623 4374 879 4452 έπισνριαίνεσθαι
893 4371 952 4439 buc
964 4373 1154 4461 appellabat.
1180 4377 1220 4444 ll.
1242 4387 1272 4448 4.
1293 4387 1331 4462 6,
1435 4365 1442 4376 ’

150 4480 397 4565 θτερθάλατσοι,
429 4479 524 4548 Attici
546 4479 721 4547 ἀναπθντιοι.
769 4479 810 4545 ll.
834 4484 865 4544 4.
894 4483 952 4558 14,
974 4484 1262 4565 κνυτιιριασθάραεν,
1288 4488 1334 4556 illi
