3178 4972
729 409 776 480 45

210 601 315 688 Epist.
347 606 398 668 ta.
431 607 521 668 τοῦτο
545 599 725 682 γειτέιιοιθ
756 602 917 682 βέλτιςοςε
951 614 1125 693 transpone
1148 607 1228 673 τοῦθ’
1251 608 1266 672 d
1289 631 1358 686 yar·

162 707 267 776 τθνιιν.
295 709 356 774 Pro
379 709 543 782 ὠλθτθντεν
563 728 672 775 verrin]
696 709 796 775 rideri
820 711 943 776 ὤλισθεν
966 713 997 776 iu
1020 713 1242 798 superioribus
1260 713 1358 800 signi·

164 815 346 881 licarimus.
385 817 449 900 §2
470 817 546 890 ὁμοῦ
563 815 627 896 γὰρ
647 825 685 898 τῇ
706 815 765 900 ὥρᾳ
784 825 839 893 τῆς
858 816 1021 893 παιδίσκης
1042 816 1209 899 ἦριέοθιις
1229 819 1358 890 καὶτοῖς

163 922 353 1004 ιιροθμιισινι
382 921 560 986 bleinekius
573 919 733 1003 ἡρεθθτθηι
754 924 912 998 coniecit,
936 920 1051 989 deinde
1071 922 1221 1002 ἠνθτθης.
1246 924 1360 991 Neutri

162 1027 265 1094 serbo
289 1028 322 1092 in
344 1047 378 1092 re
398 1029 554 1092 amatoria
576 1027 665 1094 locus
687 1038 746 1094 est.
782 1027 1027 1094 Errrondandum
1053 1029 1172 1111 ᾔρέθνρ,
1197 1041 1358 1117 capturas.

209 1133 312 1220 Epist.
342 1137 393 1198 19.
430 1133 623 1215 ἡμέτεροι
649 1131 697 1202 οὖν
723 1133 794 1215 πρὸς
819 1134 933 1216 μητρὸς
958 1133 1107 1216 θἜρωςι
1134 1135 1210 1220 quid
1229 1135 1360 1216 sildal-

162 1263 249 1322 τερος
273 1259 334 1306 non
360 1240 440 1305 satis
473 1240 687 1324 intelligitur,
713 1240 883 1322 ἡμετέροις
913 1249 1036 1306 nostras
1060 1260 1122 1306 non
1158 1241 1357 1328 ineleganter

162 1366 225 1433 pro
247 1355 345 1432 captu
366 1346 535 1431 piscatoris
559 1345 623 1411 dici
649 1353 785 1432 poterat.
978 1421 986 1432 ,

210 1451 315 1539 Epist.
341 1456 395 1517 21.
433 1453 459 1517 ai
483 1452 545 1534 γὰρ
570 1453 584 1518 d
606 1451 725 1534 τρέφων
749 1453 848 1518 dairas
871 1457 924 1517 τοῦ
947 1451 1121 1534 θρέψοντος,
1145 1453 1193 1527 τίς
1217 1451 1256 1518 ἂν
1278 1453 1324 1532 ain
1344 1455 1358 1520 θ

161 1557 332 1641 ratpertus
356 1559 507 1640 θφεθιιωνς
531 1556 802 1644 quemadmodum
828 1558 862 1624 in
886 1555 996 1623 eadent
1022 1577 1057 1624 re
1076 1556 1196 1624 dicitur
1219 1557 1358 1639 τθγένιι·

162 1689 244 1744 μοις
268 1663 346 1752 quid
369 1686 420 1729 me
449 1663 526 1751 fiet?
561 1673 593 1730 et
623 1664 706 1730 οὐδέν
731 1665 793 1743 εθμ’
817 1661 933 1745 ripaei
958 1662 1075 1729 similia
1099 1661 1178 1741 alia,
1203 1663 1249 1731 sic
1273 1663 1359 1752 apud

165 1773 382 1838 Διοινιιιιοιιτιι
407 1769 590 1856 corrigar!
612 1768 651 1836 dv
675 1769 733 1845 εἴη.

209 1875 313 1963 Epist.
339 1879 393 1941 Ὦ.
418 1881 435 1964 §
461 1879 491 1939 2.
527 1873 697 1953 ἐξέτειναν,
721 1872 827 1941 scribe
853 1873 1008 1952 ἐξέτειναν.

210 1983 314 2069 Epist.
341 1985 395 2048 25.
427 1986 640 2047 κοτειιτύτιον
671 1981 755 2059 ἡμῶν
784 1981 809 2046 ιθ
833 1979 956 2060 dracoi:
990 1982 1149 2048 incertum
1175 1983 1358 2050 auctorisne

162 2109 205 2156 an
231 2087 414 2154 scribarum
440 2088 518 2152 vitio
542 2087 587 2152 ita
622 2086 761 2172 legatum
792 2095 917 2153 certum
939 2093 988 2152 est
1014 2086 1148 2154 Graecae
1172 2087 1300 2174 linguae
1325 2097 1359 2154 et

162 2196 324 2263 rationem
349 2203 379 2259 et
405 2213 500 2260 usum
524 2192 686 2281 postolare
711 2193 809 2272 dada,
836 2198 871 2256 ut
894 2203 1065 2261 κιιτιιυιεῖν
1088 2192 1157 2260 τινθ
1180 2193 1228 2260 rel
1254 2219 1359 2260 κοτιν-

161 2301 299 2384 baianen
334 2299 458 2366 dicitur
494 2301 617 2367 Acerra.
643 2299 683 2366 ll.
724 2306 751 2362 l.
790 2301 863 2386 §2
904 2298 942 2365 σὺ
967 2299 1017 2365 ant
1040 2299 1144 2372 ιοιοτθς
1166 2295 1239 2376 inne
1263 2300 1357 2366 adadu

161 2416 347 2480 ιιιιτιιολεῑι.
394 2407 570 2486 Κριτοβοᾶν
600 2405 671 2474 τινθ
696 2404 779 2492 apud
805 2405 1036 2472 darsroraanrn
1060 2404 1204 2473 ciusdem
1229 2409 1358 2494 generis

160 2525 210 2584 est
236 2524 269 2582 et
292 2515 511 2596 ιιιιτιιβροντῖιν
534 2521 566 2579 et
591 2511 663 2579 alia.
714 2511 917 2597 Significant:
944 2515 1049 2598 sacerc
1071 2522 1105 2577 nt
1128 2513 1199 2600 qais
1221 2514 1359 2601 strepitu

160 2630 194 2690 et
226 2620 383 2700 stridore,
422 2628 522 2686 cantu
553 2617 709 2684 tibiarum
742 2617 791 2684 vel
822 2616 986 2695 citharae,
1026 2615 1240 2697 clamoribus,
1271 2619 1356 2685 toni·

161 2739 274 2797 truum
310 2726 435 2813 fragore
465 2748 527 2791 ιιοιι
550 2725 590 2789 sit
621 2725 837 2810 scicannae,
869 2732 925 2789 ant
949 2721 1103 2789 delinitus
1125 2723 1357 2792 oblectamento

161 2843 220 2904 aut
240 2844 366 2902 terrore
387 2831 565 2920 perculsae.
607 2829 759 2917 Analogia
781 2827 892 2896 cadem
916 2827 1067 2894 omnibus
1086 2827 1176 2896 addit
1195 2832 1355 2898 accusati·

161 2948 355 3017 ros-ric
376 2939 501 3022 νιφάδος
520 2937 634 3020 χθριιι
658 2940 825 3017 πάμπολυν
852 2937 966 3002 vitiosa
990 2931 1162 3001 admodum
1189 2933 1290 3001 lorma
1307 2944 1356 3002 est

159 3047 280 3134 χθμιι,
306 3064 369 3132 qna
395 3045 450 3132 qni
476 3051 615 3110 utuntur
639 3045 764 3131 antiqui
791 3042 949 3110 sermonis
973 3041 1153 3128 analogiam
1179 3043 1211 3108 in
1237 3041 1356 3110 talibus

158 3173 297 3244 prorsus
319 3147 616 3240 praeterrideront,
640 3169 723 3237 qnae
747 3147 958 3237 penultimam
980 3147 1114 3237 produci
1138 3147 1244 3226 iubet,
1270 3157 1306 3215 ut
1321 3149 1354 3215 in

158 3262 270 3340 abac,
303 3249 419 3336 τῶμιο,
450 3254 581 3338 ἄροιμοι,
614 3261 730 3340 φῦμα,
754 3258 864 3336 nina,
888 3293 933 3306 -
956 3255 1062 3336 θομιι,
1092 3264 1206 3337 κρῖμιι,
1230 3265 1354 3336 anina,

158 3367 277 3448 βῆριι,
302 3372 410 3442 rnna,
434 3400 480 3413 -
502 3363 607 3442 δημιι,
633 3361 723 3438 aliis,
746 3360 785 3428 de
809 3361 928 3447 quibus
952 3370 1022 3428 tum
1043 3360 1148 3428 dicam
1170 3364 1356 3430 accuratius

158 3491 265 3562 quum
289 3469 430 3558 primurn
450 3469 576 3535 occasio
594 3465 727 3534 dabitur
747 3465 876 3534 dicandi
896 3466 935 3535 dc
956 3467 1194 3535 Poetastrcrum
1209 3469 1356 3548 licentia,

158 3597 226 3668 qua
260 3575 405 3663 linguam
438 3581 470 3640 et
494 3583 635 3641 aratrum
665 3573 893 3660 depravarunt.
929 3573 1003 3661 ςθ.
1040 3575 1083 3647 εἷς
1107 3575 1166 3649 τὰς
1190 3576 1293 3650 linoae
1321 3575 1353 3664 [ἢ

157 3687 221 3758 τὰς
245 3682 421 3766 mainard:
448 3699 596 3766 expunge
619 3678 795 3755 emblema,
821 3686 857 3745 ut
881 3699 953 3746 mox
982 3679 1115 3769 [τειθιι].
1152 3684 1216 3766 §b
1241 3681 1294 3746 adr
1314 3704 1356 3745 νι-

158 3790 258 3876 φετθν
281 3786 419 3868 πηγυλὶι
443 3784 613 3866 basilisco:
639 3784 745 3852 scribe
769 3787 786 3862 d
810 3786 962 3865 τνγολθς.

208 3896 309 3984 Epist.
337 3898 391 3960 tt.
428 3891 588 3971 έιιτθοομεν
620 3892 714 3960 adri
750 3890 790 3958 τθ
822 3891 964 3972 μέτρον
995 3891 1047 3956 aad
1079 3891 1191 3974 λῷον,
1223 3891 1277 3959 laia
1307 3915 1354 3964 τις
1472 3911 1477 3924 ·

160 4001 297 4086 ἀφθονθιο
320 3999 467 4080 νένιιτιιιι
493 3997 598 4065 scribe
623 3999 706 4080 ιιύτῷ
729 3999 772 4080 τῷ
795 3997 896 4079 μέτριρ
919 3998 972 4064 cai
995 3997 1099 4074 λώϊον,
1124 4015 1205 4084 quae
1229 4017 1267 4063 ex
1292 3996 1355 4063 Ηι-

161 4127 248 4175 srono
271 4105 370 4172 ducta
396 4113 472 4171 sunt
499 4103 535 4172 0.
562 4115 590 4170 et
613 4104 654 4170 n.
678 4123 727 4171 rs.
755 4108 830 4170 ate.

208 4213 310 4300 Epist.
328 4216 382 4278 tu.
407 4211 611 4292 μεμοθροτιιιι
637 4217 761 4276 ueteres
784 4206 942 4292 εἶ’μιιρτιιι.
956 4249 1000 4260 -
1013 4211 1181 4288 κοιθιὶμενον
1201 4209 1263 4276 rat
1283 4216 1355 4284 τοῖς

161 4327 218 4394 τῆς
240 4321 390 4395 Ἀττικῆς
415 4319 596 4398 lazensis:
624 4316 690 4382 imo
714 4335 788 4382 vern
812 4317 850 4382 έν
872 4323 956 4390 ταῖς.

209 4425 310 4514 Epist.
335 4427 387 4492 td.
413 4425 467 4490 οθιι
488 4419 573 4489 atra
596 4423 633 4490 τθ
655 4421 849 4490 radda-tam
872 4420 1098 4490 maledictum
1120 4428 1170 4488 est
1192 4439 1228 4487 ac
1242 4420 1356 4507 siquis

163 4533 217 4599 οὐκ
239 4527 308 4598 aida
333 4533 397 4605 τῶι
423 4527 515 4597 uellet
537 4527 655 4596 dicere.
705 4527 817 4598 Scribe
840 4531 893 4596 οὐκ
915 4523 973 4596 ola’
995 4525 1013 4594 θ’
1033 4552 1063 4594 τι
1087 4527 1200 4594 radda.
1237 4528 1298 4613 §2
1317 4547 1355 4598 τιι
