3178 4972
747 415 815 462 XVII

177 605 280 671 quam
313 587 347 652 in
377 583 469 652 libris
499 591 585 653 totus
610 583 755 652 deficeret
778 587 895 652 omisso
916 603 1043 671 prorsus
1066 584 1268 669 compendio,
1292 580 1375 667 quod
1420 609 1421 614 ¹

177 707 330 794 expedire
356 707 476 773 scribae
504 726 567 772 non
596 710 741 793 possent,
771 711 810 772 ut
833 705 917 792 apud
940 704 1128 771 Strabonem
1150 704 1175 770 1.
1199 725 1230 790 p.
1256 703 1294 782 4,
1317 704 1375 769 ubi

177 827 304 916 legitur
336 844 433 893 nunc:
467 828 510 900 εἰς
539 823 571 892 ὃν
599 825 651 893 καὶ
684 824 720 903 ἐξ
748 823 783 891 οὗ
812 829 874 900 crte
910 823 1010 898 δύσεις
1040 825 1093 890 καὶ
1126 825 1186 896 τὰς
1214 823 1373 898 ἀνατολὰς

180 955 316 1015 ποιεῖται
339 969 397 1035 pro
418 956 552 1014 ποιεῖται
576 947 590 1013 d
617 944 709 1022 ἥλιος.
745 947 908 1034 Quidquid
929 948 1032 1035 igitur
1054 953 1102 1012 est
1120 945 1321 1024 huiusmodi,
1342 950 1374 1012 et

178 1090 358 1158 permagna
389 1075 436 1135 est
463 1070 583 1155 ubique
613 1071 720 1156 copia,
751 1069 822 1154 quis
852 1089 1007 1154 umquam
1035 1067 1217 1134 emendabit
1246 1069 1309 1132 nisi
1330 1070 1372 1148 is,

179 1193 239 1280 qui
262 1191 319 1257 din
340 1195 373 1256 et
394 1189 536 1256 multum
558 1188 656 1256 libros
679 1188 874 1257 Graecorum
895 1209 995 1254 manu
1017 1191 1149 1274 scriptos
1171 1189 1297 1254 triverit
1319 1193 1375 1255 aut

179 1307 338 1379 Codicum
368 1313 474 1378 vicem
495 1310 774 1400 Palaeographicis
796 1310 1069 1376 observationibus
1091 1308 1229 1374 aliorum
1252 1309 1382 1396 supple.

179 1429 287 1500 veriti
317 1431 480 1512 Quantum
504 1433 546 1498 sit
568 1433 603 1497 in
626 1452 663 1497 ea
685 1432 814 1497 raboni
837 1427 1003 1514 discipulis
1023 1431 1105 1495 meis
1127 1429 1375 1497 sedulodemou·

177 1559 281 1622 strare
309 1553 394 1619 soleo
423 1557 455 1618 et
484 1552 543 1617 hac
574 1553 781 1636 potissimum
810 1550 849 1617 de
878 1569 972 1616 causa
1001 1550 1059 1616 has
1094 1547 1202 1614 Varios
1222 1549 1376 1618 Lectiocee

178 1676 272 1761 coepi
302 1674 505 1741 conscribere.
550 1671 692 1739 Institui'
710 1672 788 1738 haec
819 1673 963 1757 primum
992 1672 1110 1758 scripto
1138 1671 1304 1751 mandare,
1338 1678 1376 1739 ut

178 1797 296 1864 amicis
317 1777 508 1881 quibusdam
528 1797 611 1860 meis
634 1797 766 1882 gratum
788 1793 925 1860 facerem
947 1794 1150 1880 rogantibus,
1174 1799 1212 1860 ut
1234 1796 1297 1860 sibi
1320 1795 1377 1862 ali·

178 1915 261 2002 quid
289 1917 486 2002 impertirer,
518 1915 602 2001 quod
629 1916 664 1980 in
695 1913 844 1980 Dianium
872 1912 1112 2002 Philologieum
1141 1917 1315 2001 reciperent
1338 1917 1377 1984 de

181 2035 356 2106 Musarum
383 2041 485 2104 matre
514 2036 717 2104 nominatum
749 2040 781 2101 et
812 2036 911 2100 etiam
944 2033 1006 2100 aiio
1035 2037 1163 2101 nomine
1193 2035 1314 2116 Musis,
1340 2044 1378 2104 ut

183 2160 312 2245 opinor,
342 2177 405 2223 non
435 2159 618 2245 ingratum:
651 2155 764 2222 deinde
793 2154 916 2241 reliqua
945 2158 979 2222 in
1010 2155 1096 2222 dulci
1126 2155 1291 2224 Feriarum
1313 2162 1379 2226 otio

184 2279 314 2368 perfeci.
349 2277 464 2366 Delegi
481 2280 585 2364 operis
600 2277 738 2344 formam
755 2281 787 2343 et
806 2279 962 2344 rationem
979 2277 1182 2356 huiusmodi,
1199 2283 1237 2344 ut
1253 2299 1378 2365 possem
1400 2293 1404 2302 '

181 2402 274 2468 horis
302 2399 475 2466 subsecivis
502 2404 551 2478 ct,
575 2401 604 2464 si
625 2400 703 2485 quid
724 2399 853 2466 daretur
876 2401 949 2477 otii,
974 2404 1006 2465 et
1027 2401 1256 2486 interrumpere
1278 2400 1377 2468 telam

183 2526 220 2587 et
253 2519 420 2598 redordiri,
454 2519 548 2587 facile
580 2523 792 2588 intermittere
827 2522 1016 2587 institutum
1050 2541 1146 2607 opus,
1182 2525 1215 2586 et
1248 2522 1288 2588 ad
1316 2520 1380 2589 alia
1469 2570 1472 2578 -

184 2643 337 2720 transire,
367 2647 400 2707 et
427 2661 548 2708 novum
577 2637 804 2729 argumentum
835 2643 1010 2730 attingere,
1043 2647 1075 2708 et
1105 2641 1244 2730 digredi,
1276 2643 1379 2709 sicubi

184 2762 367 2839 videretur,
391 2783 411 2828 a
431 2765 607 2849 proposito,
631 2767 663 2828 et
685 2765 832 2842 omnino,
857 2784 958 2849 quum
980 2764 1083 2830 vitam
1106 2767 1174 2828 tam
1191 2769 1378 2850 occupatam

182 2889 218 2950 et
249 2887 421 2950 exercitam
449 2885 635 2950 muneribus
666 2884 866 2951 Academicis
894 2884 1044 2961 habeam,
1073 2882 1212 2949 liberum
1234 2889 1266 2948 et
1288 2904 1379 2970 expe·

184 3005 294 3070 ditum
315 3003 472 3072 scribendi
494 3027 596 3094 genus
619 3009 708 3092 sequi
726 3004 865 3091 placuit,
885 3011 924 3072 ut
942 3005 981 3073 de
999 3006 1093 3071 rebus
1112 3006 1168 3071 diu
1187 3011 1219 3072 et
1235 3004 1378 3072 muitum
1450 3093 1453 3098 Δ

184 3125 272 3192 mihi
301 3124 380 3192 olim
409 3131 570 3214 perpensis
591 3149 664 3194 meo
686 3130 843 3195 arbitratu
865 3129 963 3194 etiam
984 3130 1094 3194 minus
1116 3129 1235 3193 otiosus
1258 3125 1379 3212 aliquid
1510 3145 1513 3152 ·

186 3247 411 3332 scriptitarem.
453 3245 576 3316 Interea
603 3247 761 3315 Meinekii
791 3246 964 3335 Alciphron
995 3255 1027 3316 et
1054 3247 1226 3332 Lucienus,
1240 3247 1380 3314 Bekkcri

187 3366 383 3454 prodierunt.
419 3367 502 3436 Usus
525 3390 597 3435 sum
620 3369 679 3436 hac
701 3371 878 3447 occasione,
903 3374 941 3434 nt
960 3372 994 3435 in
1011 3374 1145 3456 utroque
1164 3369 1378 3447 ostenderem,

186 3487 266 3574 quid
287 3490 452 3555 interesset
473 3491 557 3556 inter
577 3491 702 3557 Atticos
724 3495 757 3556 et
779 3491 962 3568 Atticistas,
983 3496 1015 3556 ct
1032 3489 1120 3557 aliud
1139 3510 1206 3556 esse
1225 3490 1382 3559 'Arrrmet

187 3609 342 3687 scribere,
373 3608 461 3678 aliud
484 3611 653 3687 Ἀττικῶς,
676 3627 773 3697 qnam
795 3631 864 3677 rem
889 3611 978 3680 affeci
999 3615 1105 3700 magis
1128 3631 1224 3698 quam
1246 3611 1380 3697 perfeci,

186 3732 267 3817 quia
297 3751 380 3795 nunc
402 3731 532 3818 quidem
554 3733 631 3798 satis
653 3753 720 3798 esse
742 3734 850 3798 visum
874 3736 921 3798 est
943 3735 1053 3818 paucis
1074 3753 1143 3798 rem
1166 3731 1328 3798 ostendere
1350 3708 1398 3797 et·

188 3849 330 3918 aliorum
359 3851 466 3920 studia
491 3853 630 3920 excitare
649 3853 811 3938 imprimis
832 3854 1027 3930 iuventutis,
1052 3873 1131 3938 quae
1153 3853 1231 3938 quid
1252 3854 1295 3918 sit
1317 3873 1382 3918 rcc-

187 3979 265 4038 tum
287 3977 321 4038 ct
341 3993 455 4040 sanum
476 3978 509 4040 et
531 3975 699 4062 egregium
720 3975 768 4039 ita
788 3973 917 4060 optime
939 3975 1054 4039 sentire
1077 3978 1110 4039 et
1131 3973 1382 4040 animadvertere

187 4092 289 4171 solet,
312 4095 341 4158 si
364 4113 439 4159 cum
461 4096 569 4181 pravis
591 4099 624 4160 et
646 4095 750 4182 aegris
773 4099 806 4160 et
827 4095 953 4160 vitiosis
976 4100 1217 4181 componuntur.
1251 4094 1289 4162 In
1307 4096 1382 4162 scri-

188 4213 294 4280 bendo
316 4219 443 4281 secutus
465 4236 538 4282 sum
559 4219 708 4281 naturam
731 4234 855 4292 meam,
879 4219 917 4280 ut
939 4215 1023 4299 quod
1045 4217 1196 4281 sentirem
1219 4221 1326 4302 aperto
1351 4223 1383 4282 et

189 4333 292 4401 libere
320 4333 466 4402 dicerem.
509 4335 582 4410 Non
611 4337 719 4401 minus
750 4334 900 4401 abhorreo
927 4333 1056 4401 afocda
1078 4341 1111 4401 et
1132 4337 1256 4402 abiecta
1276 4335 1384 4402 adula-

189 4456 280 4522 tione
309 4476 404 4543 qnam
436 4477 454 4522 a
482 4456 640 4544 petulanti
668 4461 701 4522 et
727 4461 875 4542 proterva
901 4455 1133 4523 maledicentia.
1178 4457 1250 4522 Non
1280 4459 1384 4522 nescio

1224 4576 1238 4622 c
