3086 4974
661 387 732 459 553

84 581 118 648 ln
143 601 206 648 uno
230 589 357 650 tantum
382 581 464 649 libro
487 588 537 648 est
562 582 592 647 tr
614 591 653 666 τῇ
677 581 766 648 alan
790 584 874 663 ἡμῶν
893 580 1065 660 ἐπιδημῶν,
1089 579 1173 668 quod
1195 577 1270 667 quia

84 697 132 754 est
154 688 250 775 paulo
274 687 391 757 melius
417 685 580 756 llehlrer'us
604 689 735 775 recepit.
762 681 834 756 'Sed
853 689 961 754 omnia
982 687 1043 753 ista
1063 687 1174 774 spuria
1195 694 1271 752 sunt

84 802 116 860 et
138 811 372 881 supervacanea
398 803 430 860 et
454 794 568 860 vitiose
591 792 689 860 dicta.
740 792 971 881 Aristophanes
995 793 1101 880 patria
1125 799 1217 879 capta
1239 798 1272 858 et

86 898 149 965 solo
172 910 308 986 aequata
333 898 467 966 Athenis
491 897 659 968 exulabat:
687 921 749 965 non
773 900 903 966 esthon
926 901 1086 978 ἐπιδημεῖν
1107 900 1141 965 ἒν
1158 909 1197 984 τῇ
1217 898 1271 965 τί·

85 1020 149 1084 κει,
176 1004 293 1072 nedum
318 1007 350 1072 ἓν
373 1015 412 1091 τῇ
436 1008 526 1073 πόλει
551 1007 652 1084 ἡμῶν,
679 1014 710 1073 el
727 1009 780 1094 τίς
803 1007 858 1082 rin
881 1006 971 1073 τίλιν
994 1005 1146 1085 ἐπιδημῶν
1171 1004 1273 1071 mullo

85 1113 180 1178 etiam
207 1111 299 1199 peius
322 1117 382 1180 est.
430 1115 527 1180 hrcle
560 1121 652 1178 erant
676 1111 899 1200 coniungenda
923 1112 968 1181 ἔτι
993 1111 1056 1194 rep
1079 1135 1127 1184 τις
1151 1111 1272 1193 ’Apter-

27 1287 32 1294 ,
85 1215 206 1300 Φάιιις,
233 1226 268 1284 til
293 1215 328 1294 ἦν
351 1217 383 1284 δέ
405 1243 451 1294 τις
476 1220 507 1284 ἐν
529 1219 666 1301 Τρώεσσι
690 1216 814 1296 Δίλων,
840 1227 873 1286 el
895 1213 929 1293 ἦν
951 1216 983 1283 δέ
1007 1241 1054 1293 τις
1080 1219 1109 1283 lv
1132 1217 1176 1300 τῷ
1200 1239 1272 1298 snat·

85 1325 217 1404 τιιίμιιτι
243 1329 408 1408 Ξενοφῶν.

131 1428 229 1496 licete
260 1428 401 1498 editores
432 1431 625 1497 'l'uricenses
645 1429 678 1496 in
703 1432 722 1516 ς
749 1435 812 1498 156
843 1431 1045 1518 scripserunt
1067 1428 1126 1503 τάι
1151 1428 1177 1495 δ’
1201 1430 1272 1496 ἀνι·
1348 1483 1351 1492 ,

86 1534 166 1610 τίννς
197 1534 319 1612 τιιιίτιιη
350 1537 487 1620 τέχναις,
517 1533 557 1611 ἀς
587 1533 673 1611 οὗτος
705 1535 777 1619 τρίς
808 1535 878 1610 τοὺς
903 1537 983 1611 νέους
1007 1534 1271 1617 ἐπαγγέλλεται,

86 1649 246 1727 expuncto
277 1650 337 1710 τῶν
366 1644 485 1725 λίνων,
518 1641 601 1730 quod
628 1643 660 1708 in
684 1641 757 1708 aliis
781 1652 851 1730 post
875 1644 1032 1722 ἀνιτίιυη,
1058 1643 1090 1708 in
1117 1662 1180 1708 uno
1203 1649 1273 1729 post

85 1748 229 1828 ταύταις,
254 1749 286 1814 in
311 1751 454 1839 quinque
479 1747 667 1817 melioribus
689 1749 786 1816 etiam
813 1758 882 1836 post
905 1749 976 1824 τοὺς
999 1749 1080 1823 otono
1105 1746 1273 1835 interpola-

86 1863 155 1920 tum
180 1863 245 1922 est:
269 1857 315 1922 sic
340 1855 444 1924 solent
467 1854 659 1922 emblemata
683 1854 807 1921 incerta
830 1853 905 1922 sede
928 1855 1062 1922 volitare
1079 1865 1111 1922 et
1130 1855 1189 1920 hoc
1206 1854 1275 1942 ipso

85 1959 207 2027 indicio
230 1959 384 2029 facillime
407 1959 706 2049 deprehenduntur.

131 2066 167 2133 ln
194 2069 303 2152 5157.
326 2070 365 2142 ἀι
390 2069 452 2148 ἐγὼ
475 2105 521 2120 -
544 2070 578 2134 nr’r
600 2065 797 2150 κατάσχοιμι
820 2067 875 2143 τίνι
899 2064 986 2150 ὕβριν
1009 2067 1099 2134 ἀλλά
1116 2103 1161 2118 -·
1180 2089 1272 2146 μιιςι·

83 2172 171 2252 νιίην
193 2171 400 2254 μίχμάιωτιν
418 2183 566 2256 γυναῖκα.
602 2173 692 2255 Quod
714 2175 745 2239 in
767 2171 928 2267 plerisque
948 2183 996 2240 est
1016 2181 1185 2254 μιτινιίμι
1207 2193 1273 2240 reo·

86 2279 213 2346 tissime
237 2288 273 2345 ut
295 2279 459 2348 ἀνάττικιν
483 2301 522 2348 ex
546 2281 657 2368 paucis
682 2279 773 2347 rideo
796 2289 991 2348 correctum.
1029 2279 1119 2346 llaurl
1145 2281 1212 2346 scio
1232 2299 1272 2344 an

86 2403 149 2450 hon
183 2383 380 2466 κιιτάτχιιμι
412 2406 470 2474 pro
501 2387 696 2468 κιιτιιτχιίκν
725 2385 835 2454 eodem
867 2383 946 2452 villo
979 2384 1110 2452 laboret.
1168 2384 1274 2452 Facile

85 2498 137 2556 Μι
162 2499 194 2555 et
219 2499 278 2556 HN
302 2491 531 2560 contundatur.

132 2595 167 2661 ln
194 2599 212 2682 §
242 2601 314 2664 its,
337 2600 362 2666 τί
388 2601 475 2678 ὑμεῖς
506 2599 592 2680 αὐτῷ
616 2597 803 2668 tarsaticam
825 2635 871 2650 --
894 2599 1004 2672 ἀδίκως
1029 2596 1201 2678 ἀπωλίμην
1223 2597 1274 2665 ἀν.

85 2700 155 2768 Non
187 2710 235 2769 est
268 2702 346 2770 baec
379 2705 486 2772 httica
515 2704 705 2791 compositio
727 2705 838 2780 ἀδίκως
862 2705 1032 2786 ἀτωνιίμην
1052 2703 1100 2772 ἀν.
1149 2705 1185 2770 ln
1212 2725 1274 2770 uno

85 2806 167 2873 libro
190 2818 238 2875 est
262 2809 434 2890 ἀτωνιίμην
451 2810 496 2878 ἀν
518 2810 640 2884 ἀδίκως.
691 2809 936 2878 Atheniensium
962 2820 1010 2879 est
1034 2811 1141 2878 dicere
1162 2811 1274 2886 ἀδίκως

83 2915 123 2982 ἀν
146 2916 336 2996 ἀτωιίμην,
362 2916 417 2984 sed
436 2920 510 3004 quis
529 2916 609 2984 haec
629 2917 868 3005 perturbasset?
896 2917 1026 2994 ’Λδίκως
1044 2918 1272 3007 interpolatum

82 3030 145 3088 est.
194 3020 310 3090 Omnia
343 3033 420 3092 sunt
452 3027 484 3092 in
515 3022 686 3103 ἀτωλίμην
709 3022 757 3091 ἀν.
806 3024 908 3105 Quam
931 3033 1015 3092 esset
1043 3022 1101 3092 troc
1126 3026 1273 3113 iniquum

83 3135 116 3192 et
148 3147 183 3195 se
214 3129 407 3198 innocentem
439 3133 620 3218 periturum
652 3127 753 3197 luisse
784 3131 880 3210 satis,
912 3132 1044 3218 opinor,
1077 3151 1115 3198 ex
1139 3129 1276 3198 caeteris

81 3243 229 3321 apparet.

131 3338 287 3426 Sequitur
313 3342 424 3409 ίάτετε
455 3341 504 3411 οὖν
535 3342 859 3410 cleronomialem
883 3343 1120 3427 operariorum,
1143 3347 1188 3425 μίη
1211 3345 1275 3427 yolo

80 3447 119 3523 δίη
151 3455 207 3523 τῆς
239 3447 380 3529 πόλεως,
411 3453 443 3516 ἐν
476 3450 548 3530 ὑμῖν
580 3448 827 3532 ἀννιςρίφετίιιι,
860 3451 890 3515 ln
925 3451 1036 3517 nrultls
1066 3459 1135 3538 post
1158 3452 1275 3528 τίλεως

82 3550 217 3618 additor
240 3551 329 3621 ἀντι.
377 3553 496 3623 Verum
523 3563 571 3622 est
594 3564 937 3632 THCssohestct'e,
963 3556 995 3624 iri
1019 3565 1069 3624 est
1092 3558 1136 3637 μίη
1156 3559 1219 3641 γὰρ
1240 3559 1275 3634 δίη

82 3665 141 3736 τῆς
177 3657 295 3733 adletha
328 3684 378 3740 ys.
429 3659 529 3728 Viden
568 3659 652 3728 unde
687 3659 766 3729 ἀττε
797 3661 974 3748 prodierit?
1008 3665 1043 3732 ln
1076 3662 1195 3730 talibus
1223 3673 1276 3730 ΓΕ·

84 3771 241 3850 perpetuo
264 3765 405 3834 additur.
445 3765 620 3834 Aeschines
643 3765 683 3833 tle
706 3767 745 3833 F.
770 3766 805 3832 L.
833 3771 929 3854 §159
953 3771 985 3836 ni
1010 3769 1073 3852 μάμ
1096 3770 1132 3844 δίη
1154 3772 1276 3852 φίινεῖς

82 3879 140 3936 ΓΕ
163 3893 214 3949 μοι
236 3877 294 3938 τῶν
318 3873 360 3948 είς
385 3873 420 3940 τί
444 3879 538 3953 σῶμα
561 3873 747 3954 τιμημάτων
770 3882 804 3939 et
827 3876 845 3959 §
871 3877 944 3941 166.
971 3877 1003 3941 οὐ
1027 3875 1090 3958 yolo
1110 3875 1144 3952 tn
1165 3886 1204 3960 τῇ
1224 3885 1276 3942 ΓΕ

80 3977 229 4062 ἀληίείμ.
253 3977 289 4044 ln
311 3979 451 4047 Isocrate
472 4001 504 4066 p.
520 3985 598 4050 517.
619 4001 646 4046 ιι.
672 3979 810 4046 Urbinas
833 3980 990 4047 serravit:
1016 3982 1125 4065 ιάνάμ
1138 3982 1278 4058 licoisi

79 4085 120 4151 Γ’
143 4083 206 4155 ich
230 4082 328 4163 είκδς,
360 4087 480 4154 caeteri
511 4085 603 4154 τοῦτό
625 4088 698 4156 terr.
746 4085 977 4152 Demosthenes
1000 4105 1031 4174 p.
1058 4093 1139 4169 150,
1166 4095 1217 4158 19.
1244 4093 1277 4158 orl

79 4191 149 4272 yolo
181 4191 278 4258 ίκεῖνί
308 4191 344 4256 Γ’
368 4192 407 4260 ἀν
438 4191 553 4270 elnone,
584 4201 614 4260 el
639 4212 670 4279 p.
697 4194 782 4271 578,
814 4197 844 4258 5.
868 4193 901 4258 οὐ
926 4192 990 4274 yolo
1013 4194 1048 4270 tn
1073 4193 1112 4260 δι’
1135 4197 1279 4280 arripior

80 4305 160 4375 re,
196 4305 229 4364 et
264 4295 342 4364 alibi
374 4299 506 4385 passim.
565 4297 773 4366 Simillimum
810 4307 860 4365 est
895 4297 962 4366 loeo
995 4300 1164 4368 Aeschinis
1194 4302 1278 4390 quod

78 4401 172 4489 apud
197 4401 444 4472 Demosthenem
468 4416 516 4472 est
541 4424 572 4494 p.
599 4408 682 4482 295,
707 4407 741 4472 8.
766 4406 814 4479 ‘ria
837 4403 909 4488 οὐχί
934 4405 1280 4486 uaticinantium

77 4507 131 4590 μίν
155 4509 220 4593 yolo
243 4514 300 4585 τῆς
331 4508 449 4586 πόλεως
481 4521 533 4580 ΓΕ
561 4511 634 4593 μηδ’
659 4512 746 4594 ἐμοῦ.
795 4509 906 4579 Obiter
927 4512 1062 4580 emenda
1087 4511 1278 4606 Dionysium
