3150 4972
673 395 716 469 75

110 584 223 653 lectum
252 585 392 672 ἔσχηκας
417 609 585 678 perperam
617 591 757 688 ponitur¹
779 591 813 655 io
836 608 873 654 ea
898 607 950 665 re,
975 605 1072 673 quam
1097 585 1288 674 quispiane

110 693 303 776 praeteriisse
334 704 445 782 putet,
479 705 514 763 nt
540 696 618 762 nibil
644 696 794 783 supersit.
845 691 985 760 ilabebat
1008 691 1118 773 ἕσχεςε
1145 695 1290 779 peccavit

110 817 175 863 cum
211 799 379 886 plurimis»,
419 801 475 868 sad
505 804 668 889 peccavit,
701 809 734 868 et
768 801 815 867 sic
851 802 1064 868 bucrruaoneu
1097 799 1219 886 depono
1251 797 1290 866 de

109 904 260 974 menibus.

562 1120 739 1224 cucur
773 1119 824 1187 u.

149 1329 245 1397 Venio
276 1351 363 1398 nunc
395 1332 436 1399 ad
468 1335 645 1412 Lucrinus,
678 1334 734 1420 qui
766 1331 806 1398 ad
840 1331 926 1397 bunc
960 1329 1044 1397 diem
1076 1339 1178 1398 scatet
1201 1333 1290 1399 vitiis

110 1437 342 1524 erroribusque.
379 1441 478 1506 llulta
499 1440 633 1526 deliquit
652 1440 737 1525 ipse,
762 1457 824 1503 non
847 1438 927 1503 satis
948 1445 1114 1523 perspecta
1132 1437 1165 1502 iu
1187 1439 1290 1503 omui-

111 1537 162 1606 bus
178 1545 413 1612 oonsuetndine
433 1545 583 1633 loquendi
597 1545 834 1630 Antiquarum,
856 1542 896 1608 ad
910 1563 989 1629 quos
1013 1563 1047 1609 se
1070 1553 1177 1610 tamen
1192 1563 1288 1629 quam

111 1656 222 1731 poterat
243 1650 493 1737 diligentissime
509 1655 539 1718 in
563 1650 733 1718 scribendo
754 1648 980 1733 componebat,
1006 1657 1061 1715 aut
1087 1669 1149 1715 nun
1171 1650 1289 1737 ubique

109 1755 264 1824 commode
289 1757 479 1824 recordatus
503 1777 597 1844 quem
626 1777 739 1832 usum,
762 1774 860 1842 quam
882 1755 1108 1842 proprietatem
1135 1756 1289 1821 orationis

109 1862 247 1948 autiquae
274 1874 307 1930 et
330 1865 446 1951 probae
470 1875 502 1930 et
529 1865 733 1950 incorruptae
758 1862 842 1948 apud
867 1861 937 1926 illos
963 1869 1048 1928 reete
1072 1861 1194 1928 dudum
1217 1863 1288 1928 ani-

109 1965 326 2036 madvertisset
349 1971 523 2058 seduloque
547 1989 663 2055 magna
687 1987 765 2035 cura
790 1977 821 2033 et
844 1968 988 2054 impensu
1008 1967 1115 2033 studio
1135 1977 1287 2035 notasset.

109 2069 217 2141 Passim
244 2080 278 2144 in
300 2077 423 2144 aucun
445 2078 576 2163 scriptis
599 2082 748 2162 apparet,
775 2083 931 2160 quantum
954 2093 1052 2140 curae
1073 2074 1149 2140 buic
1167 2076 1213 2141 rei
1229 2076 1287 2139 im·

109 2181 276 2262 partiatur,
301 2192 337 2248 ut
362 2204 402 2250 ue
426 2183 569 2261 soloeca,
598 2202 636 2247 ue
670 2180 821 2256 barbara,
850 2199 888 2245 ue
909 2178 1029 2265 plebeia
1051 2179 1190 2247 dictione
1216 2189 1286 2246 uta-

108 2289 171 2360 tur,
192 2297 318 2373 quanto
342 2289 448 2356 labore
467 2289 604 2375 optimos
628 2294 775 2352 auctores
800 2285 923 2351 imitari
947 2293 979 2352 et
1003 2284 1121 2352 referre
1142 2295 1284 2372 satagat:

108 2402 225 2476 apparet
249 2392 293 2460 ad
318 2414 457 2480 quorum
482 2394 666 2480 exemplum
693 2392 871 2458 orationem
896 2411 986 2458 suam
1013 2393 1121 2476 exigat
1148 2401 1181 2457 et
1205 2389 1287 2458 nibil

108 2496 132 2558 ei
153 2506 273 2566 rectum
301 2507 335 2566 et
364 2503 528 2568 sincerum
553 2498 673 2578 rideri,
698 2496 781 2585 quod
807 2518 868 2564 uon
893 2498 999 2564 idonei
1031 2498 1199 2585 scripturis
1225 2497 1285 2565 bde

109 2601 234 2682 nitatur;
266 2615 403 2694 apparet
435 2605 532 2672 simul
568 2625 666 2692 quam
705 2603 904 2689 negligenter
935 2613 968 2669 et
1001 2604 1109 2690 inepte
1142 2604 1287 2692 plerique

108 2725 206 2776 omues
230 2719 302 2778 tum
327 2711 554 2798 loquerentur,
579 2731 674 2799 quana
696 2709 894 2777 incredibilis
918 2709 1079 2787 socordia,
1105 2730 1203 2796 quam
1224 2709 1286 2777 loe·

107 2810 141 2878 da
161 2815 288 2884 inscitia
313 2819 472 2884 sermonis
495 2816 594 2884 luerit
614 2817 662 2883 vel
686 2819 717 2883 in
743 2817 958 2893 doctissimis,
983 2813 1172 2902 etquidem
1199 2817 1286 2884 vide·

108 2915 229 2998 bantur,
254 2922 386 2991 dicendi
411 2925 572 3010 blagistris
601 2933 632 2990 et
664 2922 858 2990 libatoribus
880 2931 913 2990 et
937 2921 1174 2988 Grammaticis.
1222 2923 1286 2988 llo-

108 3043 169 3093 rum
193 3028 246 3095 alii
271 3050 402 3096 summa
428 3029 627 3117 impudentia
651 3030 891 3096 vitiosissimam
915 3027 1096 3114 aequalium
1111 3027 1284 3096 dictionem

107 3133 241 3215 pauculis
254 3134 423 3202 uocabulis
444 3136 587 3221 antiquis
604 3135 847 3220 distinguebant
866 3143 898 3201 et
918 3132 1101 3210 ueniebant,
1122 3144 1285 3202 caeterum

107 3237 326 3306 volutabantur
349 3241 382 3306 iu
408 3239 541 3318 iisdem,
562 3240 680 3327 quibus
701 3240 835 3327 vulgus,
858 3239 1023 3316 sordibus,
1048 3258 1088 3305 ue
1107 3239 1286 3308 abiectissi-

107 3343 160 3408 mis
182 3345 312 3432 quidem
347 3345 565 3425 abstinentes,
599 3346 716 3433 quibus
749 3346 776 3412 si
808 3342 936 3431 quando
967 3343 1007 3409 ab
1035 3342 1286 3431 elegantioribus

106 3460 329 3532 arguerentur,
356 3461 481 3539 poetam
506 3451 556 3520 rel
580 3453 770 3538 scriptorem
795 3451 934 3536 aliquem
960 3457 1099 3516 veterem
1122 3461 1234 3521 testem
1254 3463 1287 3521 et

106 3553 254 3624 vindicem
282 3557 536 3624 mentiebantur.
586 3558 647 3624 dlii
672 3557 733 3622 aliu
757 3576 874 3642 genere
903 3556 1046 3622 insaniae
1070 3558 1286 3645 ineptiebant;

107 3655 310 3731 imitabantur
331 3663 515 3730 chouoruu
546 3662 595 3730 vel
620 3664 819 3729 Tuueuurnuu
843 3663 875 3728 iu
901 3661 988 3728 bunc
1014 3662 1165 3742 modum,
1189 3674 1225 3731 ut
1250 3686 1288 3733 ex

107 3781 205 3835 eorum
230 3769 323 3835 libris
348 3767 482 3834 lacinias
510 3778 542 3836 et
571 3769 670 3836 veluti
703 3778 855 3835 centones
887 3763 1039 3834 admiiitis
1062 3769 1226 3836 vocabulis
1250 3770 1289 3838 de

107 3870 192 3938 triuio
211 3877 331 3942 sumtis
350 3885 555 3943 consuerent:
582 3874 636 3941 alii
661 3873 818 3961 quidquid
841 3873 916 3940 olim
950 3882 1035 3941 esset
1067 3873 1242 3943 obsoletum
1257 3886 1289 3944 et

109 3971 351 4047 intermortuum
376 4001 413 4048 ex
440 3983 592 4069 Antiquis
615 3981 848 4056 corradebant,
874 3979 1034 4048 addebant
1059 3991 1289 4051 monstraver-

109 4074 211 4150 borum
234 4104 305 4152 ase
326 4086 440 4154 stolide
461 4087 555 4168 fieta,
582 4107 683 4174 eaque
709 4097 743 4154 ut
765 4086 938 4154 tesserulae
955 4087 987 4151 iu
1009 4089 1289 4174 pavimentooom-

110 4188 266 4267 ponebant.
314 4193 380 4260 Nun
414 4192 559 4288 deerant⁸
577 4193 627 4260 bis
657 4193 807 4260 omnibus
831 4193 1015 4272 auditores,
1035 4194 1079 4259 ita
1105 4196 1153 4260 uti
1178 4195 1233 4272 lit,
1258 4206 1290 4263 et

111 4289 310 4366 admiratores
340 4299 505 4386 aliquantu
540 4301 637 4368 etiam
669 4299 871 4378 stolidiores,
904 4299 959 4385 qui
985 4299 1159 4386 stupebant·
1187 4301 1227 4368 ad
1252 4322 1289 4368 ea

113 4413 184 4479 quae
214 4422 273 4470 uon
295 4415 468 4493 caperent,
501 4415 534 4473 et
558 4427 597 4473 ne
622 4407 810 4474 riderentur
837 4427 898 4472 nou
923 4404 1289 4490 intelligere'malebant

116 4499 260 4584 plaudere.
305 4511 449 4596 Castigat
480 4512 616 4579 istorum
652 4513 789 4600 ineptias
821 4513 971 4580 Lucrinus
993 4522 1025 4579 et
1050 4513 1214 4581 inscitiam
1239 4531 1287 4579 ar·
