3160 4972
817 334 887 406 380

260 532 339 597 tium
371 529 623 614 scripturarum,
652 529 725 597 vide
753 528 792 595 ad
824 528 978 595 Lucrnuuu
1005 533 1066 610 10,
1090 535 1121 598 9.
1178 530 1260 597 Hinc
1283 529 1455 596 iisucunao

258 634 514 704 subueniendum
539 635 623 722 apud
649 636 738 702 Pcur.
764 636 803 701 de
824 639 964 723 fraterno
988 657 1094 702 umore
1118 658 1146 724 p.
1167 643 1273 705 4791).

441 743 551 808 οὐκέκ
575 750 674 809 ποτῶν
698 743 749 808 καθ
773 739 829 816 πῶς
853 744 922 808 καθ’
947 742 1063 823 ἡμέραν
1087 751 1227 827 τρυφῆς·

440 846 609 928 ζητοῦμεν,
634 845 655 932 ᾧ
680 849 865 926 πιςεύσομεν
889 848 932 914 τθι
956 853 1009 914 τοῦ
1032 849 1122 928 βίου,

440 953 556 1036 πῶτερς
582 952 616 1022 οὗ
639 956 779 1037 περιττὸν
810 955 882 1021 oisc*
907 954 1095 1036 ἐξευρηκέναι

439 1061 558 1140 ῶγαθδν
578 1058 690 1136 ἕκαςος
715 1061 753 1128 θν
774 1060 834 1143 ixa
856 1060 951 1143 Φθλου
974 1062 1073 1128 σκιῶν.

259 1166 339 1234 nihii
364 1169 486 1233 certius
510 1187 606 1253 quam
631 1167 886 1235 emendandum:
911 1168 944 1234 οὐ
964 1167 1277 1251 περιττὸν-σκιῶν,
1303 1168 1338 1234 ln
1363 1169 1451 1253 §.12

259 1274 370 1340 ἐκείνου
403 1273 434 1338 δὲ
467 1275 500 1339 τθ
528 1274 669 1356 Φῆσσμεν
702 1273 798 1340 αἴτιον
828 1269 906 1338 εἶναι
937 1279 990 1339 τοῦ
1022 1273 1182 1347 πάντας
1215 1273 1370 1342 εἰδέναι
1402 1268 1451 1338 ὅτι

258 1381 319 1461 ἐγὼ
350 1377 441 1456 iussu
469 1378 574 1460 ἔχοιμι
598 1381 755 1463 χρήματα
786 1379 988 1456 ῶντιδιδθναι,
1016 1377 1096 1460 ὅμως
1125 1381 1258 1454 πολλοὺς
1292 1380 1452 1458 ἐπιθυμεῖν

258 1487 328 1567 ε’μοθ
350 1510 379 1552 τι
402 1488 573 1569 δωρεῖσθαι,
605 1485 770 1572 Nusquam
798 1495 890 1552 teca
919 1484 978 1550 hoc
1008 1485 1076 1552 loco
1097 1487 1247 1574 expedies
1271 1486 1372 1552 donec
1402 1505 1450 1550 re·

259 1593 428 1680 scripseris
460 1593 583 1658 πάντων
606 1591 725 1658 εθδθταν
756 1612 947 1678 utrumquem
981 1592 1081 1658 sciria!
1112 1615 1228 1661 omnes.
1291 1593 1326 1660 in
1353 1595 1371 1679 §
1395 1595 1449 1664 20.

257 1707 376 1767 τοῦτο
407 1701 469 1783 γὰρ
498 1698 601 1764 ἴσασιν
631 1699 696 1776 ε’μοδ
731 1697 928 1777 μεμεληκός,
962 1701 1088 1783 corrige
1118 1699 1236 1767 τούτου.
1290 1700 1325 1766 in
1352 1705 1369 1785 ς
1394 1705 1449 1766 22·

258 1807 340 1886 μήτε
372 1806 439 1887 περὶ
467 1805 549 1878 θεοὺς
574 1804 783 1882 ῶσεβιῑσαι
812 1805 893 1883 μήτε
922 1803 988 1885 περὶ
1022 1805 1191 1886 ἀνθρώπους
1217 1804 1320 1878 ἄδικος
1345 1812 1448 1888 φανῆ-

193 1899 198 1908 ’
258 1935 328 1986 ναι,
361 1911 541 1976 rectissime
574 1909 718 1976 Hrnscsm
749 1911 880 1990 ῶσεβθε.
924 1909 959 1975 ln
986 1915 1077 1997 §at
1103 1912 1170 1991 ε’μοδ
1195 1911 1225 1998 δὲ
1250 1913 1283 1978 σι’
1305 1913 1448 1994 προσήκει

259 2023 309 2084 νῶν
341 2025 426 2096 μεῖον
455 2016 616 2099 φρονεῖνῆ
648 2017 715 2098 πρὶν
739 2018 959 2098 κατακριθῆναι
982 2017 1076 2097 μηδὲν
1103 2018 1284 2100 ἐλεγχθέντι
1317 2019 1368 2107 [ῶς
1390 2043 1448 2085 πε·

259 2123 372 2199 ποθιικῶ
396 2123 442 2212 τι]
478 2118 515 2188 ὧν
536 2119 703 2204 ἕγροθψατθ
724 2147 775 2202 με.
831 2123 949 2209 Ecquis
975 2131 1041 2202 est,
1072 2125 1126 2210 qui
1160 2128 1199 2199 ῶς
1227 2125 1384 2202 πεποθκκοθ
1409 2148 1448 2191 σι

258 2233 379 2297 servari
413 2249 504 2317 posse
537 2238 627 2316 putat
659 2237 692 2294 ct
723 2227 882 2310 ἡκέγχθνν
904 2232 943 2302 ῶς
974 2230 1131 2305 πεποθνκῶ
1154 2255 1185 2297 σι
1218 2231 1296 2298 bene
1328 2229 1448 2298 Graece

257 2336 380 2403 dicium
406 2334 496 2403 esse?
546 2335 581 2401 ln
616 2337 708 2420 §aa
739 2334 839 2416 ἐφῶνιρ
872 2337 943 2414 ὑμῖν
976 2335 1057 2423 [τοῦ]
1084 2337 1215 2404 θανάτου
1247 2336 1333 2418 ἔργον
1362 2337 1448 2414 ῶξιον

256 2443 322 2521 ἐμοὶ
357 2440 567 2525 εἰργασμένον.
625 2440 745 2507 Graece
777 2440 898 2506 dicitur
932 2441 1094 2522 εἰργάσθαι
1127 2451 1274 2523 πληγῶν,
1311 2443 1445 2522 δεσμῶν,

255 2555 383 2632 φυγῆς,
414 2549 546 2616 θοινῶτου
569 2547 645 2627 ἄξια
669 2557 700 2613 ct
725 2551 871 2626 πληγῶν,
897 2548 1032 2629 δεσμῶν,
1058 2556 1181 2632 titurio.
1207 2549 1339 2617 θανῶτον
1361 2548 1446 2626 ἄξιος

253 2663 286 2720 ei
312 2655 442 2728 θιθνατος
473 2663 575 2721 κεῖται
604 2653 782 2744 (ε’πθκειται)
808 2657 824 2728 ἡ
852 2653 970 2735 ζκμθα,
1002 2665 1035 2721 ot
1066 2656 1195 2730 θῶνατος
1225 2658 1320 2722 αὐτοῦ
1351 2680 1447 2722 κατε-

253 2763 389 2842 γνώσθω
413 2761 492 2827 nihil
512 2760 627 2826 horum
652 2760 827 2826 articulum
849 2760 993 2826 admittit
1014 2773 1045 2828 et
1068 2763 1097 2828 in
1122 2764 1259 2829 arraxima
1284 2763 1446 2850 exemplo-

255 2887 326 2934 rum
353 2869 443 2956 copia
470 2886 629 2954 nusquam
655 2865 687 2931 in
713 2865 764 2930 his
787 2873 820 2931 et
845 2864 1006 2931 simiiibus
1027 2869 1185 2934 articulus
1204 2878 1346 2956 apparet.
1385 2868 1457 2934 ita·-

253 2994 315 3061 que
336 2975 448 3042 eadem
475 2995 568 3062 opera
591 2975 717 3059 corrige
738 2974 769 3038 in
797 2977 882 3058 §⁴27.
909 2974 943 3040 σι’
957 2979 1065 3052 πρῶτος
1091 2977 1186 3042 εἰπεῖν
1206 2975 1353 3052 uicini
1375 2973 1445 3056 ἄρτι

252 3081 419 3162 δακρύετε,
450 3083 483 3146 οὐ
515 3083 578 3162 γθιρ
610 3079 714 3146 πῶλαι
747 3079 795 3148 isc
826 3075 871 3145 ὅτι
907 3078 941 3157 ἐξ
969 3076 1095 3162 ὅτουπερ
1127 3082 1275 3161 ἕγενθμκν
1306 3089 1444 3162 κατεψη-

253 3187 402 3268 Φισμένσς
432 3181 466 3261 ἦν
487 3211 546 3265 μον
569 3187 626 3253 ὑπὸ
650 3195 706 3262 τῆς
739 3187 862 3269 Φύσεως
884 3185 925 3276 [θ]
950 3186 1097 3266 θάνατος,
1125 3197 1290 3275 praeterea
1320 3189 1357 3254 in.
1386 3187 1445 3252 noc

253 3290 321 3357 loco
352 3311 499 3379 expunge
531 3293 548 3369 ἢ
582 3293 613 3357 in
639 3294 656 3370 ἢ
681 3291 750 3373 ῶρπι
783 3294 947 3374 δακρύετε,
979 3315 1061 3361 ertum
1089 3295 1230 3379 primum
1262 3293 1375 3378 fletis?
1410 3299 1448 3358 ut

254 3397 323 3480 ἄρτι
345 3398 489 3478 μανθθνα
514 3407 543 3465 et
566 3399 638 3464 sim.
688 3397 806 3465 Deinde
837 3399 974 3485 requirit
997 3401 1156 3467 sententia
1180 3399 1241 3465 loci
1265 3407 1297 3466 et
1321 3397 1443 3486 opposi-

254 3505 352 3570 tionis
379 3507 477 3572 ratio:
508 3527 610 3572 noune
630 3505 751 3570 dudam
777 3505 936 3588 sciebatis,
966 3505 1174 3592 quamobrem
1206 3526 1263 3592 pro
1284 3507 1316 3572 οὐ
1342 3503 1445 3572 πῶλοι

252 3612 299 3681 ἴτε
324 3611 501 3679 reuocanda
521 3621 569 3679 est
593 3620 684 3679 vetus
704 3612 809 3677 Attica
830 3610 933 3678 [orma
959 3608 1025 3695 ᾖςε.
1074 3612 1285 3679 Athenienses
1307 3609 1383 3676 olim
1409 3619 1444 3676 ut

252 3718 360 3798 θσμεν,
384 3717 431 3790 θςε
455 3727 488 3786 et
510 3717 628 3797 ἴσασιν,
661 3717 705 3783 iia
729 3714 842 3799 ᾖσμεν,
871 3715 924 3801 iss
947 3725 978 3784 ei
1003 3715 1081 3802 iuer
1115 3717 1258 3785 solebant
1281 3715 1389 3784 dicere
1412 3723 1445 3783 ei

251 3835 420 3909 συνῇσμεν,
446 3836 557 3909 συνῇςε
576 3836 607 3891 ct
632 3833 775 3909 συνῇσαν.
824 3824 889 3889 Has
913 3822 1031 3890 iormas
1059 3824 1187 3891 scribae
1217 3823 1373 3890 radicitus
1405 3842 1443 3888 ex

253 3930 405 3998 Veterum
431 3932 563 4019 scriptis
576 3933 800 4018 extirparunt,
822 3938 856 3996 ut
869 3930 978 3996 nullus
990 3935 1131 4018 supersit
1145 3931 1250 4009 iocus,
1266 3930 1320 3998 ubi
1342 3929 1443 3996 nostri

252 4037 386 4105 Codices
412 4037 469 4105 iras
493 4039 636 4106 sinceras
659 4040 839 4124 scripturas
861 4038 1000 4104 intactas
1020 4049 1161 4106 serrant
1210 4038 1246 4104 ln
1273 4038 1442 4104 Poetarum

251 4143 328 4210 iocis
352 4143 441 4210 iraus
466 4144 663 4230 deprehensa
687 4153 791 4211 estet
815 4142 1108 4212 Grammaticorum
1140 4145 1326 4211 testimonia
1351 4161 1443 4209 veras

250 4251 404 4317 lectiones
417 4254 616 4318 servantium
633 4272 699 4317 rem
714 4249 900 4318 conticium.
936 4252 1114 4339 Proponam
1127 4250 1270 4337 excrnpia
1285 4248 1441 4336 quinetiam

250 4375 268 4423 a
305 4356 454 4425 Prrasono
491 4358 531 4424 ad
566 4359 697 4424 Momm.
730 4378 761 4445 ρ.
790 4361 850 4423 rm
885 4357 1065 4426 emendata.
1113 4358 1150 4424 in
1185 4358 1342 4425 Eunrrrnrs
1378 4355 1472 4422 He·.

251 4462 328 4529 cuba
352 4483 396 4528 vs.
420 4468 505 4532 1119
529 4481 616 4532 nunc
639 4473 727 4532 recte
756 4463 890 4549 iegitur:
1071 4471 1075 4478 '
