3136 4966
812 356 884 426 620

295 551 410 620 Fortun
444 551 579 620 barbam
614 547 755 617 unoculot
787 549 894 616 looum
921 553 939 636 §
965 556 1021 620 67.
1046 553 1151 618 οὑκοὺν
1180 549 1233 616 καὶ
1255 549 1344 616 αὑτὸν
1364 548 1427 628 ὑμῖν

248 660 411 727 καλέσω
445 662 496 727 τὸν
529 656 749 738 Ἡγήσανδρον.
797 655 890 744 Apud
924 668 1048 725 veteres
1079 656 1291 724 Athenienses
1320 654 1429 722 καλέσο

249 773 299 832 est
335 763 534 832 ooniooottvi
571 762 734 839 aoristus.
771 769 808 828 ut
842 763 926 850 npunl
963 763 1151 852 Sophoclem
1188 764 1219 828 in
1256 762 1430 828 Pliloctetoo

249 873 355 938 exilu:

546 927 621 1059 Φέρε
644 999 694 1042 νυν
718 975 809 1041 έλὺὑν
830 977 936 1060 χώραν
958 975 1093 1044 καλέσω.

249 1093 281 1150 et
306 1083 338 1148 in
367 1082 461 1148 Pluto
485 1085 564 1150 964.

444 1188 518 1272 φέρε
542 1212 593 1254 νυν
617 1187 678 1267 lycii
700 1193 760 1254 τῶν
784 1186 896 1254 ἔνδοθεν
921 1189 1082 1255 καλέσαι
1104 1186 1187 1255 τινὺ.

250 1304 282 1362 et
306 1294 382 1361 olibi
415 1295 546 1382 possim.
595 1291 757 1360 Futurum
789 1303 848 1360 est.
870 1301 997 1382 semper
1020 1303 1051 1360 et
1076 1293 1196 1381 ubique
1219 1300 1306 1360 καλῶ
1329 1301 1359 1359 et
1381 1316 1432 1358 κα·

249 1407 384 1482 λοὺμαι,
417 1410 454 1467 ut
482 1408 515 1467 el
538 1405 654 1481 γαμῶ,
688 1403 856 1480 βαμοὺμαι
868 1449 877 1479 ,
909 1410 940 1466 el
964 1407 1063 1478 τελῶ,
1095 1402 1226 1468 διατελῶ
1249 1408 1284 1467 el
1306 1401 1431 1478 ὑκοὺμαι

252 1509 435 1598 (medebor).
485 1506 656 1574 lletioetun·
679 1529 699 1570 σ
722 1514 794 1592 post
816 1531 832 1570 ε
857 1505 910 1573 ubi
934 1506 1189 1594 antepenultimo
1214 1505 1309 1592 longa
1328 1515 1375 1572 est
1392 1505 1433 1570 al·

249 1614 396 1694 δὲσομαι,
420 1612 619 1693 ὑχὺέοομαι,
644 1612 865 1692 ἐπαινέσομαι,
887 1611 1024 1695 οὑριιέσονι
1051 1613 1179 1700 quintin
1200 1613 1352 1694 μάχομαι
1373 1610 1433 1676 brn-

250 1721 299 1786 vis
327 1728 376 1786 est
408 1717 555 1785 fututum
589 1717 684 1786 babet
715 1723 898 1801 μαχοῦμαι.
947 1719 1163 1808 Excipiuntun·
1185 1717 1343 1808 disyllabo
1364 1716 1433 1796 ξέσον

251 1835 285 1894 et
315 1825 440 1906 σβέσαι,
477 1823 532 1891 set
567 1823 630 1906 xio
669 1823 762 1890 babet
794 1824 935 1895 ατπικντί
964 1823 1112 1892 lutunnm
1144 1823 1290 1892 eiusdem
1325 1825 1435 1891 lormae

250 1932 333 2016 χέει,
367 1940 403 1999 ut
434 1950 534 2017 supra
564 1929 725 2018 vidimus,
757 1927 837 2006 ὅπως
865 1933 995 2014 ἐγχεῖν,
1027 1934 1090 2014 οὑχ
1112 1933 1241 2012 ὑποχεῖς
1265 1933 1342 2000 sint.
1386 1927 1437 2006 Se-

252 2040 399 2126 quiores,
435 2037 533 2103 etium
570 2037 626 2122 qui
662 2036 721 2102 sibi
754 2039 960 2104 ἀττικὺπατοι
995 2057 1064 2104 esse
1095 2037 1310 2117 videbuntur,
1344 2035 1438 2123 magis

256 2143 424 2231 magisque
456 2141 570 2209 tonniis
600 2141 714 2209 solutis
751 2141 925 2210 utebantur
947 2143 1069 2210 καλέσω
1092 2142 1236 2211 dieentes
1259 2153 1295 2212 et
1316 2142 1438 2212 καλέοι·

253 2275 313 2333 μαι
338 2258 368 2316 et
394 2249 562 2318 διατελέσει
587 2257 620 2314 et
643 2249 762 2316 similia
783 2249 902 2316 omniu.
941 2249 1024 2316 Hine
1046 2247 1118 2320 illae
1137 2248 1258 2318 iormue
1277 2249 1440 2318 Veteribus

252 2355 382 2428 obtrudi
416 2367 564 2442 coeptae.
597 2353 717 2442 quibus
750 2375 908 2442 nusquam
944 2354 1156 2443 percendum.
1204 2355 1342 2424 Gonstnt
1375 2373 1439 2422 sero

254 2473 346 2532 notes
378 2482 449 2530 esso
478 2471 510 2529 et
542 2462 620 2528 vitio
652 2471 809 2548 receptos.
857 2461 1032 2528 (inassatus
1063 2481 1099 2528 ea
1132 2461 1218 2530 tobes
1251 2465 1286 2530 in
1317 2459 1439 2530 Homeri

254 2568 473 2645 carminibus,
498 2565 581 2654 opud
607 2566 822 2648 llenodotum,
846 2565 932 2655 opud
957 2567 1078 2634 Atticos
1102 2588 1223 2636 omnes.
1271 2575 1368 2636 Καλὺ
1391 2566 1439 2633 uhi

254 2696 317 2744 oon
344 2673 515 2742 mnoiiesto
536 2683 668 2761 opponet
692 2673 838 2741 initumnm
863 2694 934 2741 esse
959 2675 1117 2741 intentum
1142 2673 1266 2753 evadit,
1293 2687 1331 2744 ut
1351 2677 1382 2742 in
1401 2674 1440 2738 ni-

253 2783 338 2848 oinit
363 2784 381 2868 ς
406 2785 447 2848 67
479 2781 530 2848 διδ
553 2780 597 2847 τέ’
615 2775 665 2848 οὑν
695 2780 789 2848 αὑτὸν
820 2787 944 2856 καλῶς
976 2781 1022 2847 nil
1053 2780 1178 2848 subolet
1201 2781 1312 2848 sciolis
1333 2792 1369 2850 et
1389 2780 1439 2848 ab·

252 2889 386 2956 stineot'
402 2905 546 2954 monum.
595 2885 801 2974 Respondent
823 2886 884 2953 sibi
905 2887 990 2954 iuter
1011 2903 1045 2953 se
1064 2889 1168 2954 οὑκοῦν
1187 2888 1240 2955 καὶ
1258 2890 1356 2956 αὑτὸν
1374 2889 1439 2968 ὑμῖν

253 3001 362 3062 καλῶ
392 2995 445 3062 πδν
467 2993 686 3075 Ἡγήσανδρον,
698 3002 729 3059 et
755 2992 806 3060 διὰ
828 2991 862 3059 τέ
883 2989 931 3060 οὑν
954 2994 1048 3060 αὑτὸν
1071 3000 1191 3072 καλῶ,
1215 3012 1278 3060 neu
1300 2994 1441 3064 sentiunt

252 3101 442 3188 etantiqua
467 3099 570 3166 insuta
595 3097 683 3166 selvo
707 3106 766 3166 est

299 3207 336 3274 lu
364 3209 382 3293 ς
408 3210 461 3273 70.
485 3205 540 3272 οὑκ
562 3205 658 3272 oiseis
686 3206 737 3272 τδν
760 3205 969 3288 Ἡγήσανδρον
992 3243 1035 3256 -
1059 3207 1245 3289 ὑπερήφανα
1267 3207 1314 3275 τοὶ
1338 3203 1440 3274 ἐπιτέ-

251 3337 371 3396 γμασα
407 3312 586 3382 έπιποὺττειν
616 3313 655 3386 oie
686 3319 758 3386 ταῖς
788 3312 896 3380 ποὺτον
927 3314 1117 3396 ὑπερβολαῖς
1148 3314 1241 3380 αὑτὸν
1271 3313 1440 3392 δόξοντα

252 3421 363 3503 μέτρια
395 3419 650 3502 διαπεπρᾶχθαι,
684 3419 721 3486 ln
755 3419 904 3486 omnibus
936 3418 1027 3487 tibris
1055 3428 1104 3487 esi
1126 3419 1279 3500 δόξαντα,
1305 3417 1441 3488 absurde

252 3529 415 3614 seriptum
439 3545 457 3593 a
484 3525 615 3594 lleisbio
641 3536 796 3594 comente.
844 3525 881 3592 ln
907 3525 1058 3619 omnibus
1080 3526 1179 3594 Conld.
1204 3527 1298 3593 otiam
1322 3524 1442 3614 οριίικίι

253 3633 423 3722 partieipia
455 3630 557 3699 iuturi
590 3633 746 3719 temporis
770 3640 802 3698 et
826 3631 939 3698 novisti
969 3645 1124 3721 perpetuo
1147 3633 1232 3700 inter
1254 3653 1289 3699 so
1313 3629 1442 3698 oonlun·

177 3732 179 3736 ’
252 3739 394 3816 ὑιιιιῑιιι,
425 3746 457 3805 et
490 3747 598 3805 nostra
629 3757 698 3805 esse
730 3736 823 3805 debet
851 3737 970 3826 ubique
993 3741 1091 3826 optio.
1138 3739 1302 3807 Feruntur
1327 3738 1440 3827 possim

252 3844 410 3913 obeundae
441 3845 622 3932 scriptume
645 3853 679 3912 et
708 3851 909 3921 slnuotume.
941 3865 1023 3932 quos
1053 3846 1151 3912 etium
1175 3845 1208 3911 in
1234 3843 1382 3912 unanimi
1405 3841 1442 3906 li·

253 3951 385 4020 brorum
421 3969 579 4018 consensu
615 3950 748 4017 vitiosos
776 3959 808 4017 et
839 3948 1038 4018 damnandas
1071 3971 1142 4020 esse
1175 3958 1311 4018 constet.
1361 3945 1441 4032 Quil

252 4077 354 4146 quum
379 4055 477 4124 libros
500 4057 532 4124 io
557 4057 598 4123 iis
621 4057 800 4124 sexcenties
825 4057 950 4124 variare
974 4057 1143 4125 videmus?

298 4163 334 4230 ln
361 4167 378 4250 §
404 4168 458 4232 72.
484 4165 517 4230 οὑ
545 4162 609 4245 ρὺρ
641 4161 744 4243 inune
772 4163 988 4244 ὑπολαμβάνω
1012 4161 1103 4239 οὑτως
1129 4165 1211 4243 ὑμᾶς
1235 4161 1440 4242 ἐπιλήσμονας

252 4267 329 4340 εἶναι
360 4269 412 4341 ὑπ’
439 4272 625 4350 ὑμνιρμονιῖν
648 4266 687 4337 οὑν
707 4269 805 4352 ὑλέγρν
829 4268 968 4354 πρότερον
992 4273 1145 4348 ἠκούσατε
1167 4265 1440 4350 ἀναγιγνωσκομέ-

250 4400 308 4444 νοιν
333 4377 423 4462 [τῶν]
446 4376 555 4455 νόμον.
604 4372 684 4441 iloto
708 4385 742 4441 et
765 4379 1148 4444 eonsuetuuttmotionis
1167 4376 1251 4444 ratio
1267 4373 1440 4442 nntioulnm

253 4487 312 4546 τῶν
346 4480 593 4567 expungendum
629 4499 699 4546 esse
731 4478 832 4549 docet.
868 4481 959 4550 ,Tem
997 4483 1111 4564 bouum
1147 4483 1347 4564 oooosionem
1382 4491 1439 4546 non
