3178 4972
810 373 858 447 34

238 568 255 651 ς
279 569 322 633 30
339 567 552 647 ἐπιπαριόντες
571 577 604 636 et
624 566 776 636 Codicum
797 566 949 636 lectiones
968 566 1035 634 ἐπεί
1057 569 1216 649 παρίεσαν
1236 578 1266 634 et
1287 586 1340 636 res
1351 570 1426 657 ipsa

236 671 375 760 denique
406 671 524 741 clamat
557 678 754 758 ἐπιπαρῇσαν
776 694 888 741 nerum
913 694 1001 742 esse.
1035 676 1202 741 bnscnmas
1224 675 1258 740 in
1284 673 1422 762 Ctesipb.

236 801 265 866 p.
291 784 351 858 65,
377 784 418 846 ii
442 791 691 864 antoniniani
718 782 844 866 incapacia
871 783 914 855 cic
935 781 991 858 σίρν
1010 779 1188 856 ἐκκλησίαν.
1219 781 1313 848 iianu
1330 779 1424 850 ducit

233 883 272 949 ab
308 903 415 952 veram
447 884 615 954 tectionem
650 886 739 952 iocus
760 887 817 972 qui
840 886 959 972 iegitur
984 906 1013 970 p.
1036 887 1100 964 67,
1130 890 1187 965 16,
1211 889 1425 970 παρελθὼν

233 992 276 1062 είς
306 991 363 1066 rio
393 991 576 1070 instanciam,
609 991 694 1059 unde
726 992 883 1077 emergit,
914 1001 1113 1074 παρῇμεν.
1147 990 1188 1060 ci.
1213 1013 1243 1080 p.
1270 995 1331 1070 84,
1363 997 1424 1071 ab,

233 1097 495 1178 παρελθόντα
525 1099 568 1174 είς
601 1099 656 1176 ann
687 1098 863 1174 ἐκκλησίαν.
910 1097 1023 1183 itaque
1047 1095 1241 1164 'i'uuctototts
1259 1108 1423 1182 προσῇσαν

231 1200 331 1284 όίοπερ
349 1203 469 1285 οίόληπρῑ
491 1205 683 1289 scripserat,
705 1200 897 1288 magistelii,
918 1203 974 1288 qui
996 1202 1193 1268 Tuucromru
1214 1202 1316 1270 muito
1330 1204 1424 1289 peius

233 1327 329 1394 quam
361 1307 456 1394 vulgo
486 1309 631 1376 creditur
663 1307 847 1376 muicarunt
881 1309 930 1394 (ut
955 1310 986 1373 in
1012 1306 1063 1372 bis
1088 1306 1283 1374 Lectionibus
1313 1311 1423 1396 primo

232 1433 359 1501 quoque
390 1424 532 1501 tempore
556 1415 755 1502 ostendam),
789 1415 992 1496 προσήρχοντο
1016 1411 1278 1499 adscripserunt,
1304 1414 1421 1502 idque,

233 1521 281 1586 uti
307 1519 358 1598 iit,
383 1520 525 1606 irrepsit.
561 1520 598 1585 ίιι
619 1520 721 1588 altero
741 1519 808 1584 ioco
829 1518 905 1606 quiri
924 1520 966 1586 sit
985 1519 1053 1600 περί
1072 1519 1132 1593 τὰς
1150 1519 1264 1602 ἡμέρας
1281 1521 1422 1599 cabrer,

231 1621 282 1700 αίο
305 1627 495 1708 ίσιίρχονπο,
521 1626 681 1692 neminem
708 1623 773 1690 vict
796 1627 851 1711 qui
876 1624 1090 1712 intelligeret,
1116 1645 1189 1693 nam
1214 1625 1299 1713 quod
1320 1627 1419 1693 inter·

231 1741 403 1820 pretantur
424 1750 495 1798 esse
515 1751 705 1808 commeare,
728 1731 864 1797 ionicam
887 1732 1001 1809 cicere,
1024 1731 1132 1808 odire,
1155 1731 1251 1798 nauci
1273 1742 1420 1807 nonest:

232 1835 375 1914 ἐπιμιξία
400 1835 477 1906 baec
501 1844 551 1902 est
573 1844 606 1902 ei
629 1837 849 1916 ornabuntur
869 1835 1010 1917 dicitur,
1033 1857 1096 1902 nou
1117 1837 1248 1914 ἐπιέναι,
1272 1836 1357 1924 quod
1377 1837 1422 1904 tle

230 1942 337 2008 boatiii
367 1940 434 2009 iere
464 1941 622 2008 invasione
652 1943 794 2028 ponitur.
843 1945 907 2010 but
939 1944 1075 2009 monstri
1107 1940 1228 2029 aliquid
1261 1942 1359 2010 abitur
1383 1945 1419 2009 in

230 2070 267 2116 eo
289 2048 375 2126 ioco,
396 2057 452 2114 aut
472 2043 522 2121 αίο
544 2049 711 2130 ἐπηρχονπο
733 2045 946 2133 ablegandum
967 2069 1021 2127 eo,
1043 2047 1128 2114 urrde
1147 2046 1229 2115 maie
1242 2047 1354 2136 pedem
1370 2051 1418 2114 in-

229 2153 315 2222 iuiit.
362 2153 400 2220 in
424 2156 644 2220 bnrsnonaanrs
670 2151 853 2240 Tbcamopb.
879 2160 961 2222 bob:

456 2260 470 2324 ό
493 2259 519 2325 δ’
543 2261 617 2340 civim
640 2263 816 2344 σεριιίρχεσ·
841 2261 976 2328 ὠκυτόκι’
1001 2261 1183 2338 οίνοιίμενος,

230 2367 314 2453 iugit
332 2365 627 2441 berociniano,
651 2386 750 2452 quum
764 2377 884 2450 περιῑιεν
898 2364 946 2433 vai
958 2373 1110 2448 περιῆρρεν
1120 2364 1316 2451 corrigeret,
1338 2387 1421 2454 quc·

231 2493 303 2541 rum
329 2471 389 2538 iroc
413 2472 570 2537 usitatum
595 2490 657 2537 non
681 2481 750 2551 est,
775 2471 854 2539 iliud
878 2471 1063 2540 barbarum.
1113 2471 1256 2559 Repone:

457 2577 472 2643 ό
496 2577 522 2642 δ’
546 2578 769 2661 catanancen
792 2577 929 2646 ὠκυτόκι’
952 2577 1133 2658 ὠνούμενος,

229 2704 326 2773 quam
350 2682 486 2750 iormam
512 2683 592 2750 satis
614 2683 771 2751 stabilivit
795 2693 904 2752 noster
926 2685 1073 2750 omnium
1098 2683 1281 2765 acinprobe
1304 2684 1420 2750 bawa-

230 2812 295 2860 etus
317 2792 351 2857 in
374 2789 505 2858 Mirceii.
532 2789 625 2868 crin,
649 2809 667 2856 u
687 2811 752 2879 quo
769 2811 872 2879 quum
892 2793 1061 2870 πεποίόειν,
1087 2791 1181 2874 ᾔδειν,
1205 2790 1286 2873 ᾔειν,
1309 2792 1419 2873 προορί-

231 2924 274 2966 ειν
295 2917 407 2965 onmes
430 2896 633 2984 accepimm,
657 2895 841 2964 subirascor
866 2897 905 2962 iis
928 2897 985 2982 qui
1010 2897 1042 2962 in
1067 2894 1186 2962 Avibus
1209 2916 1256 2962 vs.
1286 2899 1386 2962 1298:

457 3000 546 3085 όρσνξ
569 3002 728 3077 ἐκαλεῖτο,
754 3002 806 3066 καί
830 3001 910 3084 γὰρ
933 3001 1025 3085 ἧκεν
1048 3001 1170 3084 όρτιιριι,

229 3126 428 3194 concoquere
464 3115 637 3191 potuerunt
675 3125 732 3193 pro
767 3107 848 3190 icaro
882 3127 899 3173 a
933 3109 1078 3175 iinwasro
1109 3113 1237 3194 reperto
1272 3127 1301 3193 p.
1335 3112 1417 3175 501.

229 3217 397 3284 Praeterea
430 3211 605 3278 notandum
638 3220 687 3278 est
713 3211 845 3278 verbum
872 3214 1069 3298 ὑπίρχομαι,
1097 3209 1152 3280 ubi
1175 3211 1337 3300 significat
1361 3215 1421 3278 bc·

228 3320 351 3398 πειίιιν,
385 3319 457 3399 πρὸς
488 3317 580 3400 χοίριν
612 3318 747 3397 ὁμιλεῖν,
779 3339 816 3386 ea
848 3315 917 3406 iege
950 3340 1011 3388 non
1043 3320 1158 3386 teneri.
1213 3317 1421 3386 Atiienicnaea

229 3428 316 3495 enim
337 3425 523 3506 ὑπέρχεσθαι
541 3421 654 3488 dicunt
667 3444 704 3490 eo
716 3444 832 3501 sensu,
853 3445 914 3492 non
929 3428 1065 3502 ὑπιέναι,
1086 3435 1118 3491 ct
1130 3424 1338 3510 ὑπερχόμενος
1351 3445 1417 3490 non

229 3535 331 3602 ὑπιόν.
379 3530 532 3618 Exempla
564 3539 641 3595 stunt
660 3530 744 3616 apud
769 3532 948 3608 Ριιτοιιιιι,
975 3533 1213 3610 bumanorum,
1237 3529 1327 3598 aiios.
1374 3531 1420 3597 bt

229 3638 309 3706 nibil
340 3637 455 3704 honum
490 3640 660 3702 bnmnanou
691 3645 749 3702 ant
780 3639 897 3704 caeteri
930 3639 1103 3705 Albicorum
1127 3637 1305 3704 imitatores
1327 3635 1419 3704 vide·

228 3755 314 3812 rnnt.
364 3741 586 3829 Opportunum
621 3743 754 3818 vitiant,
786 3742 918 3821 κοίπιμεν
950 3744 974 3810 i.
1009 3747 1064 3810 39.
1096 3747 1127 3809 7.
1152 3743 1291 3808 servavit
1315 3751 1419 3824 κατῇ-

227 3876 304 3932 μεν,
337 3847 421 3935 quod
453 3850 556 3934 perite
579 3846 725 3914 Saturnus
748 3849 852 3924 eruit;
882 3849 994 3932 ἤρχετο
1017 3858 1050 3916 et
1074 3851 1266 3932 παριίρρρονσο
1289 3848 1419 3915 auctori

228 3976 287 4024 suc
308 3952 528 4041 relinquenda.

275 4059 420 4146 iiecepit.
438 4061 666 4134 Acerranorum
701 4069 733 4124 ut
765 4058 942 4146 permultos
965 4057 1045 4126 aiios
1070 4058 1172 4126 multo
1194 4059 1417 4145 antiquiores,

229 4167 324 4236 iaiiax
349 4164 513 4251 analogia,
538 4184 637 4251 quum
663 4166 1006 4245 excommunicatio,
1033 4164 1212 4254 ἐξειλόμην,
1236 4163 1420 4247 ἀφειλόμην

228 4282 290 4342 cet.
325 4270 427 4338 iuturi
459 4269 594 4336 icrmam
621 4271 770 4351 ἑλοῦμαι,
803 4269 986 4352 ἐξελοῡμαι,
1011 4273 1192 4355 αφελοῡμοιι
1217 4278 1278 4338 cet.
1299 4280 1357 4336 aut
1380 4269 1417 4336 in

228 4381 332 4450 activa
356 4377 458 4444 iorma
482 4378 619 4458 καθελῶ,
644 4380 761 4451 bivano,
787 4378 880 4456 ἐξελῶ
904 4386 1014 4444 contra
1039 4385 1160 4444 certam
1183 4374 1363 4462 analogiam
1381 4385 1418 4442 et

230 4505 325 4554 usum
349 4483 389 4552 tie
420 4503 477 4551 suo
506 4483 678 4548 finxerunt.
727 4488 899 4551 Αικιιιιιιοιι
931 4486 975 4550 ita
997 4484 1160 4572 peccavit,
1208 4482 1231 4548 i.
1256 4485 1289 4548 6.
1316 4487 1356 4560 3,
1380 4481 1420 4548 ἐκ
