3208 4972
797 333 868 404 246

242 535 337 595 nutus
349 535 406 596 sut
425 527 702 595 eontemtissimne
721 527 836 605 sortis,
850 525 905 614 qui
925 524 1076 594 omnibus
1090 535 1140 595 est
1160 525 1353 616 despicatui.
1376 527 1430 596 Sin

243 633 387 701 Ennius
411 632 654 712 Macedonibus,
686 633 742 720 qui
777 631 923 700 uolebant
950 641 1157 700 contemnere
1181 633 1300 712 uideri,
1324 645 1432 716 Χερρο-

241 741 363 817 νηοίτης
387 740 502 822 θλείρος
526 737 677 806 audiebat
703 739 807 827 (Pius.
833 740 864 804 in
890 737 1046 818 Eumene,
1073 759 1143 825 erp.
1177 739 1264 829 rs),
1292 749 1326 808 ut
1356 740 1431 808 Pm-

241 865 344 912 ursrus
373 844 624 912 Atheniensibus
643 844 759 928 θλεθρος
782 843 950 912 Membris:
976 846 1023 910 sis
1047 845 1166 922 Σκύθης
1190 844 1326 928 θλείρος,
1349 843 1432 928 Φρὺξ

239 951 367 1033 ὄλεθρος.
415 951 596 1018 Hunonmns
620 951 675 1018 iii.
709 955 781 1018 142.
808 951 943 1031 γεγονώς
967 974 1002 1016 τε
1025 957 1126 1024 κακῶς
1147 952 1200 1018 καί
1221 954 1273 1018 ἐίον
1296 952 1430 1034 θλείρος,

241 1055 460 1124 Dsuusrusnss
484 1077 514 1144 p.
536 1061 620 1133 688,
651 1062 683 1123 6.
706 1058 877 1138 ἀνθρώπους
901 1058 961 1124 οὐδ’
986 1056 1156 1139 ἐλευθέρους
1179 1059 1255 1124 ἀλλ’
1279 1057 1428 1141 ὀλέθρους,

238 1169 271 1228 et
295 1163 342 1228 sie
363 1183 457 1252 saepe
478 1162 518 1231 de
539 1164 579 1230 iis
598 1181 679 1250 quos
699 1161 764 1231 nito
782 1162 957 1251 supercitia
976 1161 1178 1250 despiciunt,
1200 1183 1376 1252 numquam
1390 1163 1429 1232 (ie

238 1266 361 1335 neinrio
385 1276 441 1335 eut
465 1267 640 1348 scelerato,
672 1289 754 1356 qnos
778 1278 884 1358 pestes
905 1278 936 1336 et
958 1269 1108 1336 exitiosus
1132 1268 1283 1338 dictitent
1312 1275 1429 1349 λυμεῶ·

235 1397 290 1446 νοις
314 1383 371 1441 unt
394 1376 578 1458 οίλιτηρίους.
622 1375 770 1456 ὀλείρος
802 1384 911 1442 nutem
940 1373 1026 1463 apud
1055 1373 1211 1442 Lucrinus
1234 1375 1364 1463 saeptus
1396 1377 1427 1443 in

237 1477 330 1545 tibris
354 1481 386 1546 iu
419 1480 546 1563 ὀλέθριος
577 1490 626 1549 est
656 1480 878 1568 depravatum.
909 1486 966 1558 10,
990 1485 1032 1561 2,
1062 1485 1091 1547 1.
1116 1501 1174 1568 pru
1200 1481 1346 1562 ὀλεθρίους
1369 1481 1429 1548 Cu·

238 1603 312 1652 snus
337 1599 423 1653 recte
450 1586 539 1655 dedit
563 1587 708 1669 θλέθρους.
744 1591 807 1666 52,
836 1595 885 1653 il.
918 1585 1029 1669 θλεθροι
1068 1587 1123 1653 be.
1152 1587 1274 1668 ὀλέθριοι
1309 1586 1431 1674 recepit

238 1689 392 1768 iurnmrz.
416 1690 496 1760 bene
520 1694 642 1760 bisunu
664 1692 808 1780 expulit,
832 1693 984 1760 similiter
1007 1699 1072 1771 3³.
1091 1699 1123 1760 ti.
1143 1695 1249 1776 ὀλέθρῳ
1274 1693 1340 1762 λθ.
1360 1693 1430 1762 θλε-

238 1797 303 1879 θρίιρ
330 1795 411 1864 nrnie
447 1798 500 1866 iile
536 1803 680 1887 recepit,
714 1800 874 1866 Bnussus
905 1819 1014 1866 veram
1047 1797 1217 1867 lectionem
1252 1800 1428 1868 revenerit.

238 1901 351 1968 bieiius
371 1904 468 1971 etium
489 1909 546 1984 32,
559 1910 613 1972 39.
632 1907 781 1988 ὀλεθρίου,
802 1904 888 1992 quod
908 1925 1019 1972 onmes
1031 1900 1131 1972 bibres
1153 1913 1305 1993 occupet,
1321 1925 1428 1974 erinen-

238 2005 326 2074 deuit
348 2009 380 2075 in
403 2008 532 2093 ὀλέθρου.
581 2011 634 2078 Sis
655 2012 757 2096 igitur
777 2010 830 2077 bie
859 2031 987 2098 qunque
1009 2009 1125 2094 θλεθρος
1151 2031 1209 2098 pru
1229 2011 1355 2094 θλίθριος
1380 2032 1430 2080 re·

238 2113 420 2200 ponendum
445 2125 511 2182 est:
537 2117 563 2182 si
586 2119 661 2204 quis
684 2116 810 2183 dubitat
834 2117 927 2184 velim
948 2119 1067 2203 cogitet
1089 2118 1251 2184 uerrrinem
1275 2137 1427 2206 umquem

237 2217 277 2285 de
301 2218 429 2288 bomine
457 2221 585 2305 ίλέθριος
618 2222 749 2290 dixisse.
800 2223 824 2290 b
856 2222 941 2300 inco,
975 2224 1031 2310 qui
1064 2223 1184 2309 legitur
1217 2227 1234 2306 ς
1262 2227 1317 2289 62.
1345 2223 1429 2296 strue

237 2324 503 2408 έιιφανησθριενον·
536 2327 697 2409 Σιθτροισος
731 2328 926 2412 Δεξιφάνους
951 2329 1065 2404 Κνίδιος
1088 2331 1162 2404 θεοῖς
1186 2337 1332 2411 σωτῆρσιν
1356 2327 1429 2410 ὑπέρ

237 2437 295 2498 τῶν
330 2433 541 2514 τλωιζομέοωι
572 2434 765 2522 interpolate
797 2444 875 2501 sum
911 2433 1077 2502 Srnssnnrs
1108 2433 1292 2522 apographa
1330 2432 1429 2500 XVil.

240 2558 269 2624 p.
296 2541 372 2604 791.
404 2544 510 2606 τοῦτον
539 2540 571 2606 δέ
603 2539 666 2628 (ris
687 2541 815 2628 πύργον)
848 2541 974 2618 θνέθηιιε
1007 2541 1169 2624 Σθτροοτος
1201 2538 1314 2614 Κνίδιος
1335 2539 1430 2618 Φίλος

239 2649 299 2710 τῶν
325 2643 481 2724 βασιλέων
513 2655 569 2722 τῆς
599 2652 658 2712 τῶν
690 2644 901 2728 πλωιζομένων
924 2646 1074 2729 σωτηρίας
1097 2644 1208 2728 χάριν,
1231 2642 1269 2718 ἱθς
1292 2653 1388 2728 φησιν
1410 2645 1428 2720 οἱ

239 2751 415 2836 ἐπιγραφή.
447 2752 663 2842 [ἐπίγραμμα.
697 2753 859 2835 Σθτροιτος
892 2752 1006 2828 Κνίδιος
1037 2750 1233 2836 Δεξιφθνους
1264 2753 1339 2824 θεοῖς
1369 2773 1430 2816 σω-

237 2863 341 2941 τῆρσιν
364 2859 439 2942 intr
463 2865 522 2926 τῶν
553 2858 799 2949 πλοιζομίνων],
824 2868 957 2948 apparet
992 2867 1138 2926 extreme
1161 2877 1179 2924 e
1206 2855 1337 2924 buumno
1358 2875 1431 2924 esse

243 2975 364 3032 assuta.

287 3071 321 3136 ln
359 3069 447 3135 Veris
480 3068 626 3136 Historiis
657 3075 718 3148 26,
751 3075 781 3137 5.
808 3091 864 3157 pro
887 3069 1023 3145 είπθντος
1047 3070 1208 3136 sententia
1234 3068 1294 3136 inei
1318 3077 1431 3156 postu·

239 3175 284 3242 iet
315 3175 438 3250 ίδθντος.
474 3179 492 3262 §
520 3181 571 3243 19.
597 3176 762 3257 γενομένης
786 3177 831 3252 δίς
864 3177 1029 3254 έιιιιλησίοος
1052 3185 1093 3260 τῇ
1115 3174 1281 3259 προτεραίᾳ
1302 3174 1359 3254 μέν
1382 3175 1431 3240 rri-

240 3283 289 3348 δέν
320 3281 498 3364 παρέλυσαν
537 3289 593 3358 τῆς
631 3285 722 3364 έρνθθ
760 3293 799 3367 τῇ
833 3284 960 3368 ὑπερορίᾳ
994 3283 1026 3349 δέ
1057 3281 1275 3362 μετέγνωσαν,
1311 3277 1431 3346 babent

243 3387 322 3456 bren
350 3389 488 3458 coinrern
520 3389 784 3478 Thucydideum,
816 3389 900 3457 unde
932 3389 1084 3477 pleraque
1115 3397 1220 3455 sumtu
1252 3395 1347 3465 sunt,
1372 3384 1432 3450 bu·

242 3495 383 3583 bentque
403 3495 541 3564 eundern
566 3515 727 3572 errorem,
750 3497 804 3583 qui
827 3498 859 3562 in
885 3497 1069 3562 Tuunsmms
1090 3503 1122 3560 et
1143 3495 1323 3560 Atticorum
1348 3492 1432 3558 seri·

243 3604 308 3691 ptis
339 3603 521 3670 tratutieius
551 3610 612 3670 est.
662 3602 757 3670 Sedet
781 3603 861 3669 viris
884 3602 989 3668 doctis
1013 3601 1152 3684 τρθτερος
1176 3609 1209 3666 et
1232 3605 1431 3682 προτεροίος,

243 3708 344 3794 θτερος
369 3719 401 3777 et
425 3712 562 3792 θςεροῑος
588 3709 771 3797 prorniscue
793 3728 811 3774 ο
832 3709 963 3776 Grueeis
989 3709 1138 3796 usurpari
1161 3716 1192 3774 et
1217 3704 1434 3794 perindeesse

244 3825 354 3883 uirum
386 3827 426 3899 rii
458 3815 589 3901 προτέρᾳ
622 3835 662 3882 an
686 3825 726 3899 τῇ
750 3816 916 3901 προτεραίᾳ
940 3813 1122 3890 scribatur,
1148 3823 1186 3896 τῇ
1211 3811 1303 3898 θςέρα
1327 3831 1367 3878 an
1391 3820 1433 3896 τῇ

243 3922 387 4008 θςεροίριι
412 3921 495 4008 quod
521 3941 633 3989 verum
659 3941 721 3987 nnn
744 3941 815 3989 esse
834 3931 867 3988 et
887 3924 970 3989 ratio
989 3919 1082 3988 docet
1102 3931 1133 3988 et
1147 3919 1302 3986 librorum
1316 3917 1434 4004 longus

246 4049 324 4095 usus
343 4026 531 4093 confirmet:
552 4030 569 4104 θ
590 4027 756 4112 προτεροία
774 4036 806 4094 et
827 4029 844 4106 ἡ
866 4027 992 4110 θτεραίοο
1017 4035 1171 4115 perpetuo
1192 4045 1252 4092 usu
1273 4023 1313 4092 de
1324 4023 1436 4092 diebus

244 4133 419 4214 dicuntur,
445 4133 564 4199 omisso
587 4153 714 4222 semper
739 4133 857 4217 ἡμέρα,
882 4133 967 4221 quod
992 4135 1018 4199 si
1043 4130 1172 4219 quaudo
1191 4137 1354 4216 nornpsret
1375 4128 1436 4196 ari·

244 4241 393 4307 (titinium
429 4239 496 4307 iere
525 4249 594 4320 est,
627 4240 758 4323 προτέρα
788 4249 821 4307 et
845 4239 936 4322 ὑςέρα
959 4238 999 4306 de
1022 4239 1095 4306 eliis
1118 4237 1215 4305 rebus
1236 4235 1437 4324 quibuslibet

246 4347 408 4434 repetitis,
433 4347 602 4422 musione,
629 4347 747 4433 proelio
769 4357 832 4414 ete.
870 4347 1054 4412 Promiscne
1077 4343 1156 4411 baec
1181 4363 1199 4410 a
1223 4341 1339 4410 scribis
1361 4343 1437 4428 peni

245 4459 370 4519 certum
400 4464 467 4534 est,
499 4451 554 4519 seri
588 4451 665 4538 quid
697 4453 752 4519 isti
783 4471 846 4518 non
872 4450 1089 4540 permiscent?
1111 4451 1221 4538 ituque
1245 4450 1277 4515 in
1301 4446 1439 4516 breuno
