3204 4978
842 317 914 393 300

286 513 374 594 νίμος
401 513 539 594 είσοίηειν
563 514 643 592 isio,
667 516 853 603 scripserim
879 516 938 581 τῶν
959 513 1099 582 τοιούτων
1117 512 1207 581 ἕνεκα
1227 511 1479 597 ἁμαρτημάτων.

286 640 317 708 p.
343 623 385 686 26
409 640 435 686 n.
461 621 527 686 είτὲ
548 619 594 686 ἔτι
617 621 785 704 σαΦίςεμν
809 621 862 688 καί
887 622 953 698 ἐμοί
978 620 1030 688 καί
1060 620 1136 710 [τοῖς
1165 620 1306 710 σίνδμίσι]
1334 619 1480 688 τουτοισί.

287 746 317 813 p.
344 730 441 794 281.
475 723 489 792 ὃ
518 726 554 800 δίη
577 728 709 802 πολλοὺς
733 728 785 794 καί
810 726 924 802 ἄλλους
953 727 1033 817 [καί]
1061 729 1199 808 ἀγαθοὺς
1223 725 1333 810 ἄνδρας
1360 727 1480 812 ᾕρηκεν.

288 851 317 917 p.
345 837 382 898 st
418 852 445 898 e.
476 833 529 898 καί
562 835 588 900 εί
615 831 672 912 μέν
703 832 773 925 [σοι]
805 859 834 900 τι
858 834 920 899 ἀπὸ
944 835 1057 901 τούτων
1081 835 1250 901 extrave.
1277 855 1305 920 p.
1331 839 1368 902 st
1399 854 1430 899 o.
1456 834 1480 898 εί
1550 866 1553 958 p

287 938 349 1016 ἐγὼ
384 936 514 1028 [caitae]
549 939 738 1022 ἐπεχείρησα
767 938 914 1021 spemn
946 939 988 1006 roi
1017 941 1163 1006 satiriani
1194 939 1297 1006 τιίλαι
1329 938 1367 1006 ίιν
1391 939 1481 1005 aian-

286 1045 382 1119 λῶλη.
415 1063 445 1132 p.
471 1048 513 1112 32
546 1066 576 1111 ι.
608 1043 721 1127 ἔτυχεν
747 1048 832 1124 ημῶν
863 1048 880 1122 ἦ
908 1046 995 1130 motti
1023 1045 1207 1136 [Ἃντιοχίτ]
1232 1045 1480 1128 πρυτανεύοντα.

288 1169 318 1237 p.
344 1154 386 1216 56
422 1169 448 1215 ιι.
484 1150 517 1217 τί
547 1147 615 1230 ovim
650 1153 682 1219 τί
715 1150 802 1230 σ’ίξιίς
837 1153 902 1231 είμι
937 1155 1063 1227 ταίεῑνς
1098 1153 1224 1238 corrige
1252 1152 1285 1220 τί
1314 1147 1363 1218 οὖν
1391 1147 1480 1228 ἅξιίς

287 1258 351 1336 είμι
385 1257 516 1337 ταίεῑν;
551 1277 581 1344 p.
614 1263 658 1326 lO
689 1279 715 1324 c.
746 1260 923 1337 μετοίκησις
946 1269 985 1342 τῇ
1008 1265 1102 1342 ψυχῇ
1127 1259 1195 1346 [τοῦ
1221 1257 1317 1325 σίτου
1340 1256 1411 1343 τοῦ]
1436 1257 1480 1321 ἔν-
1556 1290 1557 1370 p

286 1361 368 1430 ίίνδε
389 1365 432 1436 είς
455 1362 553 1429 ἄλλον
575 1361 684 1442 τίτον,
715 1372 880 1451 praeterea
904 1364 1009 1432 scribe
1032 1366 1218 1444 μετοίκισις,
1244 1363 1319 1452 quia
1346 1364 1479 1429 animus
1557 1398 1558 1470 p

289 1470 319 1534 in
347 1478 451 1534 morte
475 1489 536 1534 non
558 1479 700 1549 μετοικεῑ
720 1471 831 1537 ἐνθένδε
854 1473 897 1544 είς
918 1469 1013 1537 ἄλλον
1036 1470 1149 1545 τίτον,
1172 1469 1225 1536 sed
1250 1467 1477 1550 μετοικίζεται.
1558 1504 1559 1550 p

288 1576 324 1641 ln
358 1573 525 1641 Phaedone
556 1574 644 1642 locus
675 1586 725 1643 est
755 1597 787 1663 p.
823 1579 884 1642 ll'l
916 1597 944 1644 e.
979 1578 1054 1650 οίλλ*
1086 1575 1238 1658 ειίχεσίαί
1267 1577 1307 1656 μί
1332 1599 1389 1643 τον
1415 1582 1479 1646 τοῖς
1559 1610 1560 1660 ι

288 1681 362 1756 leole
394 1679 478 1758 ἔξετί
505 1705 542 1747 τε
571 1682 623 1748 καί
655 1684 717 1765 xri
741 1683 796 1760 την
820 1683 997 1762 μετοίκησιν
1019 1685 1074 1760 τίην
1099 1683 1211 1749 ἕνίίνδε
1233 1684 1334 1749 ἐκεῖσε
1357 1685 1479 1763 εὐτυχῆ
1560 1716 1561 1740 ι

288 1786 446 1868 periston,
488 1789 543 1875 qni
579 1787 735 1854 emblema
771 1790 804 1854 in
839 1789 991 1878 Apologia
1026 1791 1136 1876 arguit
1171 1798 1203 1856 et
1239 1789 1307 1876 ipse
1342 1788 1479 1856 eandem
1561 1822 1562 1842 ι

289 1891 545 1960 emendationem
570 1895 737 1973 μετοίκισιν
763 1893 901 1980 llagitat.

336 1997 426 2065 Nunc
451 1997 588 2086 deniqne
613 1999 650 2066 atl
677 1999 764 2066 illam
792 2009 914 2087 partem
939 1999 1123 2067 accedimus
1148 2000 1354 2089 quatuobrom
1380 1998 1480 2088 potis-

289 2105 406 2171 sirnnm
443 2105 596 2172 Lucrinus
633 2106 664 2170 io
699 2104 749 2172 nis
782 2105 988 2172 Lectionibus
1020 2115 1161 2174 tractare
1193 2107 1413 2183 instituimus,
1444 2111 1479 2171 ut
1564 2142 1565 2174 t

289 2211 586 2278 demonstraremus
617 2221 738 2300 quanto
767 2233 862 2301 opere
894 2235 910 2280 a
946 2214 1140 2281 Graecitatis
1172 2214 1323 2300 antiquae
1349 2209 1478 2278 dicendi
1565 2248 1566 2252 =

288 2319 476 2386 sinceritate
496 2318 688 2399 desciverit,
711 2339 806 2406 qnam
832 2319 932 2386 ntnlta
950 2320 1035 2407 apud
1055 2341 1129 2386 enm
1145 2319 1344 2406 negligenter
1356 2319 1478 2405 scripta

289 2424 353 2491 sint
375 2433 406 2491 et
432 2427 463 2491 in
489 2425 659 2494 verboram
683 2425 807 2492 delectu
833 2433 863 2492 et
888 2427 918 2491 io
941 2425 1043 2492 lorma
1063 2436 1094 2492 et
1115 2427 1345 2514 compositione
1366 2423 1477 2491 adver·

289 2551 344 2597 sus
369 2531 455 2598 illam
480 2541 620 2600 veterem
642 2531 791 2620 loquendi
812 2531 1098 2611 consuetudinem,
1121 2552 1218 2619 quain
1232 2549 1343 2598 omues
1357 2527 1477 2597 relerre

286 2639 492 2724 satagebant,
529 2659 622 2706 nemo
658 2657 811 2725 nmquam
850 2636 969 2705 reterre
1006 2640 1121 2724 potuit.
1169 2635 1342 2705 Ostendam
1377 2655 1475 2723 quarn

286 2763 381 2831 saepe
411 2746 581 2832 antiquum
614 2744 741 2810 dicendi
781 2763 874 2810 usum
901 2763 962 2810 non
989 2745 1068 2812 satis
1093 2742 1324 2821 observaverit,
1351 2744 1477 2831 quoties

286 2849 389 2917 aliena
419 2853 462 2919 et'
485 2853 597 2917 vitiosa
628 2869 667 2917 ex
700 2849 903 2937 popularium
935 2869 1082 2916 serruooe
1110 2858 1142 2916 et
1166 2849 1348 2938 aequalium
1374 2846 1476 2916 admi·

284 2957 425 3034 scuerit,
459 2976 556 3043 quam
589 2957 732 3040 graviter
766 2955 798 3022 in
824 2955 988 3023 nonnullis
1013 2955 1120 3044 lapsus
1145 2957 1204 3033 sit,
1236 2964 1284 3033 et,
1314 2961 1348 3022 ut
1373 2955 1476 3042 ipsius

287 3061 393 3128 veritis
427 3071 500 3130 tttar
532 3067 607 3148 (58,
642 3065 685 3148 1.)
717 3057 777 3127 doe
807 3062 880 3144 τρίς
907 3064 960 3129 τὸν
982 3064 1062 3144 ίμίίν
1086 3061 1200 3130 κανίνα
1226 3063 1268 3146 τῷ
1291 3066 1478 3145 συγγραφεῖ

285 3168 503 3250 ιίτηκρίβοτοιι
536 3169 588 3235 καί
621 3165 678 3234 ὅσα
710 3168 847 3247 κίβδηλοι
872 3168 924 3236 καί
949 3169 1020 3237 νίία
1044 3168 1097 3236 καί
1122 3167 1410 3251 παρακεκομμένα,
1438 3185 1475 3233 ne

286 3273 360 3360 quis
381 3292 534 3361 umquam
557 3275 589 3340 in
609 3274 709 3341 traici
729 3274 888 3341 sermonis
910 3276 1107 3362 proprietate
1126 3287 1158 3342 et
1175 3294 1235 3342 usu
1249 3271 1475 3342 constituendo

288 3379 419 3446 lecturo
449 3387 531 3448 teste
563 3389 691 3458 utatur,
721 3381 783 3447 nisi
809 3380 962 3447 ulricum
988 3383 1087 3448 certis
1109 3390 1141 3448 et
1164 3381 1316 3466 genuinis
1340 3379 1475 3448 testibus

285 3487 447 3553 consentit
470 3497 501 3554 et
525 3488 703 3554 orationem
729 3507 820 3552 suam
845 3486 918 3569 τρίς
940 3487 991 3554 τὸν
1011 3487 1091 3570 lello
1109 3487 1222 3555 κανόνα
1243 3486 1473 3568 ιίτηκρίβοσεν,

285 3612 303 3660 a
334 3613 398 3681 quo
428 3593 456 3660 si
480 3593 608 3681 qttaodo
632 3593 834 3661 recedentem
861 3591 1043 3660 videbimus
1066 3603 1122 3660 aut
1148 3593 1300 3660 lucrium
1326 3602 1382 3659 aut
1406 3592 1474 3678 qui·

285 3719 425 3788 oninique
449 3699 613 3790 aliquanto
638 3709 706 3788 post
731 3699 903 3766 Alexandri
925 3707 1059 3766 mortem
1081 3699 1202 3766 Graece
1221 3697 1475 3786 scripsitsednlo

285 3806 470 3872 cavebimus
508 3827 546 3874 ne
583 3807 710 3874 illorum
749 3804 943 3892 negligentia
978 3813 1010 3872 et
1042 3805 1209 3873 erroribus
1242 3825 1302 3872 una
1328 3804 1472 3872 omnium

285 3912 564 3998 praestantissima
588 3912 715 3999 lingua,
740 3931 803 4000 qua
827 3913 980 3978 mortales
1005 3932 1158 4000 umquam
1185 3913 1235 3980 usi
1258 3913 1343 3990 sint,
1368 3917 1473 3978 ronta·

286 4016 403 4082 minari
429 4025 461 4084 et
486 4019 583 4105 pollui
609 4019 767 4087 videatur.

330 4121 397 4188 Nou
431 4133 481 4190 est
512 4125 544 4190 in
574 4127 684 4192 animo
716 4145 865 4212 magnam
901 4123 986 4190 illam
1020 4125 1143 4213 copiam
1173 4131 1228 4200 τῆς
1251 4123 1474 4205 soporatae,

284 4247 380 4316 quam
403 4228 435 4294 in
461 4229 630 4298 Lucianeis
651 4231 817 4319 longousu
833 4230 1143 4305 animadverterim,
1169 4251 1296 4299 omnem
1311 4227 1475 4298 elinndere

284 4345 316 4400 et
340 4343 461 4403 notare.
509 4336 544 4403 ln
569 4339 678 4405 animo
703 4347 751 4405 est
775 4337 882 4406 studia
907 4337 1045 4404 aliorum
1068 4337 1235 4415 excitare,
1262 4337 1424 4426 imprimis
1447 4336 1473 4400 si

284 4442 339 4528 qui
372 4444 519 4528 generosi
551 4445 652 4514 animi
685 4445 816 4513 iuvenes
848 4445 977 4531 penitus
1008 4463 1078 4512 sese
1111 4445 1143 4510 in
1173 4443 1286 4512 Graeci
1317 4441 1474 4514 sermonis
