3178 4972
264 590 465 676 Quamquam
490 599 617 658 eertum
642 602 692 659 est
712 591 812 659 diores
831 595 1018 657 constanter
1036 607 1149 658 omncs
1167 608 1229 676 pro
1243 592 1335 668 ἡμεῖς
1353 586 1453 668 ἄμές,

264 715 321 782 pro
347 697 431 774 ἡμᾶς
456 694 576 764 dixisse
597 700 680 778 ἄμί,
703 715 900 786 quemquam
924 703 1052 764 coastat
1079 694 1229 762 librarios
1251 693 1316 762 iilis
1338 692 1453 762 [ermis

263 799 461 868 substituere
484 801 586 870 sotere
609 807 727 872 Atticas
750 813 783 870 et
807 795 990 870 Homericai
1013 800 1120 882 ἄμμες
1144 809 1177 869 ct
1199 799 1309 881 ἄμμε,
1341 809 1453 868 umen

265 906 355 974 video
376 907 544 996 pterosque
563 911 836 979 omncsoditores
855 907 949 975 mette
962 927 1038 974 oum
1055 907 1221 976 codicibus
1232 926 1343 974 errare
1354 926 1452 994 quam

262 1031 337 1080 cum
370 1015 495 1080 criticis
527 1034 601 1080 vera
632 1019 765 1083 sentire.
814 1013 932 1082 iisdem
967 1013 1049 1080 ratio
1081 1021 1130 1080 est
1161 1014 1195 1079 ia
1226 1011 1302 1092 ὑμὲς
1324 1021 1358 1080 et
1382 1013 1451 1092 ὑμέ.

263 1116 446 1186 indubitata
470 1119 547 1187 haec
571 1131 665 1200 scint,
692 1131 822 1201 tamen,
847 1129 884 1186 ut
908 1120 1057 1207 queritur
1084 1118 1283 1186 Hieronesos
1307 1119 1340 1184 in
1360 1139 1453 1204 prae·

262 1226 319 1310 sat.
342 1225 384 1289 ad
407 1224 599 1295 Psoiterinm
629 1227 759 1293 »uidetis
779 1227 853 1315 piar
877 1227 1041 1312 antianum
1062 1245 1201 1290 errorem
1224 1246 1318 1312 quam
1341 1245 1453 1290 nonam

261 1330 505 1398 emendationem
528 1333 643 1399 coiere.
679 1331 890 1400 Periubcnter
916 1333 1112 1398 rcunnnnnn
1137 1329 1306 1416 Spartanos
1327 1330 1455 1398 inducit

261 1436 506 1519 λακαιίζνντας,
538 1438 592 1504 sed
625 1458 682 1524 por
711 1437 875 1505 librarios-
891 1457 953 1504 aon
985 1435 1089 1504 licuit.
1138 1436 1307 1504 Psasaonss
1330 1437 1454 1502 oratori

262 1541 383 1621 Attica,
419 1545 476 1630 qui
507 1543 766 1612 Lacedaemonios
798 1544 930 1623 ἄμαίεῑς
964 1541 1186 1628 appenderat,
1224 1543 1331 1624 ὀρθῶς,
1367 1543 1453 1628 ἔφη,

261 1648 383 1728 λίγεις,
405 1652 488 1729 μίνοι
505 1651 569 1732 yda
584 1653 739 1728 Ἑλλήνων
758 1648 893 1728 ἄμμες
913 1647 997 1715 eoin
1017 1648 1112 1714 nanda
1131 1648 1360 1727 μεμαθήκαμεν
1378 1653 1454 1732 παρ’

261 1755 343 1834 ὑμῶν
374 1776 423 1842 sp.
459 1759 549 1822 Paos.
575 1757 609 1821 in
633 1755 774 1844 Lyncea
803 1755 874 1822 XX.
907 1773 1007 1821 uuam
1042 1753 1230 1821 vocabulum
1262 1755 1364 1820 evasit
1395 1754 1456 1822 sed

263 1879 324 1926 aaa
339 1861 408 1928 sine
430 1861 526 1930 malo:
550 1860 687 1928 ridicule
708 1881 795 1928 nunc
814 1861 1020 1928 Homericum
1041 1858 1149 1939 ἄμμες
1170 1861 1326 1926 inseritur
1345 1860 1454 1930 verbis

22 1974 237 2016 *Μ’*
265 1967 391 2034 Atticis:
415 1967 500 2048 μίισι
524 1968 601 2049 yda
626 1967 797 2048 Ἑλλᾶννν,
821 1967 965 2045 dixerat,
996 1966 1098 2046 ἁμὲς
1120 1967 1203 2033 οὐδὲν
1226 1967 1320 2032 καλὸν
1342 1991 1454 2048 μεμα-

264 2074 401 2153 ίήιιαμες
422 2075 487 2155 aaa
512 2073 619 2152 ὑμέσιν.
668 2073 841 2141 Notissima
873 2073 1101 2160 Spartanorum
1132 2071 1292 2140 cantilena
1321 2070 1396 2142 ibid.
1423 2095 1454 2141 c.

266 2178 339 2244 xit
352 2180 539 2248 etiamnunc
563 2181 610 2246 sic
632 2179 756 2246 editur:

451 2288 582 2365 ’Άμμες
607 2288 676 2353 ποκ’
701 2285 778 2366 ἦμες
801 2285 929 2365 ἄλκιμοι
953 2284 1082 2352 νεανίαι.

453 2389 560 2470 ἄμμες
582 2390 614 2457 δέ
637 2394 671 2471 γ’
696 2390 798 2472 εἶμέν,
823 2394 855 2459 ei
880 2392 912 2458 δὲ
934 2401 992 2475 λῇς
1015 2397 1124 2472 πεῖραν
1146 2389 1242 2469 λαβέ.

452 2495 560 2577 ἄμμες
581 2498 614 2564 δέ
634 2501 669 2577 μ’
693 2498 868 2578 ἕσσᾶμεσία
890 2499 996 2579 σσλλςῖι
1019 2495 1170 2580 ιιᾶμμιες.
1337 2565 1340 2571 ,

263 2605 355 2689 quasi
382 2623 533 2690 amquam
560 2606 607 2672 sic
625 2608 798 2693 quisquam
818 2603 1050 2670 Lacedaemone
1069 2609 1155 2670 esset
1173 2601 1311 2668 iocatus.
1348 2600 1454 2682 Quum

262 2725 357 2795 saepe
380 2707 465 2795 apud
487 2709 689 2778 Pamnncsan
712 2711 850 2780 Lacones
872 2711 906 2788 ni
929 2712 971 2776 nd
995 2709 1047 2775 σιᾶ
1070 2718 1147 2788 sut,
1173 2707 1257 2796 quod
1278 2706 1380 2774 mutto
1400 2727 1454 2796 po

264 2815 314 2882 ins
337 2825 404 2893 est,
429 2817 462 2891 νίς
485 2818 528 2884 σὼ
551 2819 604 2885 ini
629 2816 747 2885 habeat
773 2819 804 2884 io
829 2835 902 2890 ore,
933 2835 1033 2903 quum
1059 2823 1184 2882 certum
1209 2815 1252 2881 sit
1274 2823 1306 2881 ct
1331 2813 1455 2882 dixisse

261 2921 334 2988 iiios
356 2929 389 2989 et
420 2923 621 2990 Ριντιοοιιυιι
654 2923 841 3008 scripsisse:
874 2921 922 2987 nai
946 2921 988 2987 rai
1011 2921 1078 2988 σιᾶ.
1128 2920 1233 2987 Unum
1264 2919 1369 2988 iocum
1395 2919 1455 2987 ad·

264 3027 337 3094 dam
360 3048 397 3097 ex
425 3030 490 3094 vita
516 3030 691 3097 dissonans
715 3044 785 3114 cap.
812 3026 876 3092 XL.
922 3026 1036 3094 Λᾶιιαι
1060 3027 1251 3109 πρεσβευτὴς
1275 3027 1454 3110 παραμενό-

263 3157 352 3212 μενσς
384 3133 468 3214 αὐτῷ
500 3130 610 3198 λέοντα
643 3132 882 3212 κασαβᾶλλσντι
913 3133 1019 3212 μέγαν
1042 3129 1125 3200 εἷσε·
1150 3141 1254 3208 καλῶς
1276 3157 1337 3214 με,
1362 3135 1454 3202 Ἀλέ-

262 3236 390 3320 ξανδμε,
422 3239 493 3320 πρὸς
518 3238 570 3304 σίν
593 3237 704 3306 λέοντα
735 3240 881 3318 ἠγώνισαι
910 3239 977 3322 περί
1001 3241 1062 3314 σᾶς
1084 3241 1274 3320 βασιλείας,
1309 3258 1372 3306 una
1399 3260 1455 3305 vo·

263 3343 353 3421 eote,
387 3344 419 3409 in
442 3364 506 3430 qua
538 3354 691 3410 occentus
722 3353 848 3412 tentum
878 3345 1160 3432 depressissem,
1191 3344 1348 3412 indicium
1372 3343 1452 3412 fecit

264 3450 396 3518 Loooan's
419 3469 477 3516 sna
507 3451 619 3536 lingua
653 3452 828 3537 mouentis,
860 3471 934 3518 nam
965 3452 1031 3533 περὶ
1055 3451 1305 3531 sequeremini
1339 3469 1452 3520 rerum

263 3576 333 3626 esse
354 3557 459 3644 poium
483 3565 543 3625 est.
577 3557 690 3642 itaque
713 3556 836 3644 reliqua
860 3559 936 3624 oiim
961 3559 1009 3624 sic
1028 3558 1150 3643 scripte
1170 3555 1314 3626 inerunt:
1339 3557 1454 3624 naaria

265 3663 377 3730 λέοντα
401 3663 551 3743 ἄμᾶιιξαι
574 3663 642 3746 περὶ
666 3668 725 3737 τᾶς
750 3663 928 3742 βασιλείας.
1565 3661 1566 3754 J

308 3770 444 3836 Detivas
468 3769 666 3836 diniensium
690 3771 766 3849 ἄμῖι
787 3789 848 3839 aon
870 3769 1003 3836 metiore
1024 3767 1153 3836 iortuaa
1173 3770 1222 3835 uti
1242 3767 1339 3848 solet,
1363 3777 1400 3836 ot
1418 3771 1452 3836 ia
1565 3767 1566 3826 ί

265 3878 354 3944 Paua.
388 3875 509 3962 Αμεσίί.
542 3895 612 3962 sap.
638 3875 677 3942 li.
701 3879 734 3942 oo
757 3878 819 3958 μᾶμ
843 3877 989 3955 βασιλεῖς
1018 3873 1122 3956 ἄμμιν
1151 3874 1241 3942 ἄλλᾶ
1271 3875 1454 3954 βασιλείδια

263 3981 425 4063 γεννάσει,
448 3981 504 4046 ubi
528 3983 604 4061 ἄμῒν
628 3991 660 4048 ot
683 3991 830 4062 μεννασεῑ
851 3981 1070 4070 reponendum
1091 3980 1269 4067 eademque
1292 3980 1454 4049 medicina
1565 3975 1566 4026 ί

263 4089 384 4178 passim
408 4091 438 4154 in
465 4087 575 4156 eodem
602 4089 712 4156 morbo
737 4089 907 4156 utendum.

312 4194 357 4262 Ad
383 4195 549 4278 ,Sousouara
573 4201 606 4261 et
629 4195 837 4284 Appendieem
871 4195 1086 4262 Florentinum
1119 4192 1224 4260 redeo.
1270 4192 1307 4259 ia
1334 4195 1452 4261 Ancar-

265 4323 320 4369 τιν
344 4301 413 4368 Ιοοο
437 4299 497 4367 soh
521 4300 651 4365 initium
676 4299 830 4368 mendum
860 4301 939 4368 latet
963 4302 996 4366 ia
1021 4299 1086 4366 his:
1119 4298 1242 4366 κατσᾶι
1264 4297 1371 4382 ἔφεσιν
1394 4304 1453 4374 raia

264 4408 379 4493 σοφίας
402 4409 454 4476 aad
483 4407 606 4474 σαιίσαν
630 4426 662 4494 p.
685 4413 768 4485 att,
795 4415 825 4475 ii.
849 4409 900 4474 διὰ
932 4406 1053 4474 ταύταν
1084 4405 1219 4490 intelligi
1250 4423 1313 4472 nou
1338 4414 1452 4492 potest.
1565 4457 1566 4462 1

264 4515 428 4603 Sapientis
453 4513 490 4579 oi
514 4534 546 4578 se
568 4512 670 4600 ipsam
691 4511 812 4578 dicitnr
835 4511 1030 4599 expetendo:
1057 4509 1190 4580 emenda
1217 4511 1318 4598 igitur
1338 4509 1376 4579 δι’
1395 4514 1452 4578 ei·

841 395 887 466 1ss
