3150 4972
819 347 866 418 aa

257 551 381 609 snoont
411 549 586 608 constanter
617 565 724 612 omnes
754 540 919 608 utriuslibet
950 542 1061 608 aetatis
1084 553 1113 608 ct
1134 542 1316 628 prosapiae,
1339 544 1370 608 is
1392 542 1436 607 bio

257 649 441 734 antiquitate
465 660 494 716 et
523 650 587 734 fide
619 649 751 736 insignis
775 647 871 712 codex
896 647 928 713 S.
956 645 1131 715 Parisinus.
1182 646 1284 717 hodio
1305 655 1337 714 ct
1359 646 1438 714 ultro

257 753 482 820 demonstrabo
503 753 572 821 illos
597 755 694 821 libros
720 761 911 842 propagatos
936 773 1006 820 esso
1030 774 1068 822 ex
1089 752 1271 830 codicibus,
1295 753 1351 840 qui
1374 753 1438 816 sivo

258 858 389 924 buccano
419 869 451 925 et
484 859 731 928 Haaroomrrons
755 859 956 925 habebantur
985 861 1016 924 iu
1044 859 1342 944 piraestantissimis.
1385 855 1437 925 llo·

257 973 326 1028 tum
349 973 398 1029 est
417 984 514 1050 quam
536 986 631 1052 saepe
651 967 880 1032 dromonarios
900 962 1006 1030 laudet
1023 965 1065 1032 rei
1078 965 1278 1042 'nataeve
1292 963 1437 1050 singulari

257 1089 336 1136 cura
359 1079 391 1134 et
415 1069 581 1154 diligentia
605 1070 766 1158 descripta
791 1068 908 1135 abillo
933 1073 1065 1148 herico,
1090 1091 1190 1157 quiem
1219 1069 1366 1136 laudibus
1386 1087 1436 1136 ex·

259 1175 340 1244 tollit
374 1174 523 1242 {coctanus
557 1182 620 1256 58,
656 1181 687 1242 b.
713 1176 756 1242 aab
779 1175 913 1254 βιβλία,
942 1171 1000 1242 ica
1030 1177 1204 1255 iaioibopcac
1228 1178 1369 1250 ’Arrenii
1390 1177 1438 1242 abr

260 1282 425 1366 ἐπιμελείᾳ
456 1290 496 1362 τῇ
525 1283 611 1365 arieg
642 1281 781 1365 ἔγραψεν
811 1281 852 1347 cl.
887 1283 904 1365 §
932 1285 986 1346 24.
1036 1281 1071 1347 lu
1098 1281 1297 1350 l¹raeiatione
1320 1281 1438 1367 collegit

259 1387 442 1453 bruooamus
472 1407 510 1452 ex
544 1389 695 1453 tenuibus
717 1387 908 1473 quibusdam
935 1386 1063 1454 indiciis
1085 1407 1158 1454 oum
1185 1388 1350 1453 Atticicnis
1371 1405 1438 1452 con·

258 1493 381 1577 spirare
406 1495 527 1578 optima
547 1513 692 1580 atraeque
713 1492 929 1577 eserrrplaria,
954 1512 1037 1578 qliae
1056 1501 1193 1560 aetatem
1216 1491 1367 1569 tulerint,
1382 1509 1438 1556 oon

257 1597 487 1665 aninradvertit
519 1600 550 1663 io
583 1598 692 1666 codice
723 1611 745 1664 Β
770 1598 947 1664 Monoconsi
979 1599 1048 1686 (qui
1080 1599 1263 1685 descriptus
1287 1607 1336 1664 cst
1358 1595 1436 1663 est

258 1703 416 1770 lloroiono
444 1703 565 1792 l'eneto)
592 1705 625 1769 in
651 1704 712 1769 line
736 1705 890 1769 orationis
913 1704 986 1786 apic
1010 1707 1065 1780 rin
1088 1706 1313 1780 iniectionis
1336 1703 1439 1769 oente-

258 1833 315 1876 ncu
338 1807 377 1874 ad
403 1829 435 1895 p.
461 1813 523 1876 158
543 1819 682 1877 veterem
708 1810 977 1895 subscriptionem
1003 1809 1084 1876 male
1101 1819 1134 1876 et
1158 1811 1308 1896 inoperire
1328 1808 1439 1876 descri-

258 1924 346 2003 ptam
378 1915 421 1979 ita
454 1935 523 1981 esse
554 1914 739 2000 legendam:
772 1916 913 1996 iaspidis
946 1915 1017 1996 apic
1051 1916 1101 1982 tte
1132 1914 1339 1992 ‘Aramard,
1362 1913 1439 1981 unde

260 2022 446 2109 planissime
469 2019 681 2087 confirmatur
705 2021 788 2107 quod
811 2018 940 2087 altitude
960 2020 1143 2107 eollegerat.
1191 2018 1253 2087 Sed
1275 2019 1440 2089 (lodicibus

258 2147 384 2214 quoque
408 2127 453 2191 nil
479 2125 606 2212 prodest
630 2136 794 2193 auctorent
820 2129 948 2212 generis
969 2126 1105 2192 rrolrilom
1134 2125 1251 2192 habere
1269 2129 1299 2192 si
1319 2127 1358 2193 ab
1376 2127 1440 2194 eius

258 2231 434 2298 uirtutibus
451 2231 728 2316 degeneraverint.
763 2231 991 2316 Indignaretur
1010 2234 1160 2307 horicus,
1186 2233 1212 2297 si
1236 2232 1439 2319 videretque·

259 2338 305 2404 les
337 2337 430 2403 hodie
465 2337 537 2404 libri
571 2357 627 2423 pro
659 2340 791 2425 optimis
824 2336 1004 2404 habeantur
1035 2350 1067 2404 et
1098 2337 1139 2404 ad
1170 2358 1229 2404 sua
1251 2335 1438 2424 exemplaria

258 2444 362 2510 exacti
397 2451 427 2508 et
459 2444 596 2510 correcti
635 2464 705 2510 esse
735 2443 896 2510 dieantur.
948 2442 1077 2509 Viderat
1108 2443 1230 2514 vitiosis
1261 2450 1294 2508 et
1330 2440 1440 2528 ineptis

258 2551 430 2636 scripturis
450 2557 482 2615 et
502 2549 699 2616 soloecismis
716 2550 856 2627 obsitos,
878 2549 993 2616 deinde
1005 2559 1224 2616 correctorum
1238 2565 1440 2635 omnegenus

259 2656 388 2722 levitate
419 2665 451 2722 et
484 2657 664 2722 temeritate
694 2656 919 2742 interpolatos,
944 2655 1065 2722 videret
1088 2654 1309 2723 additamenta
1334 2652 1440 2720 sciolo·

258 2780 331 2829 rutro
357 2761 474 2848 passim
500 2761 702 2840 adhaesisse,
730 2763 1016 2846 interpretamenta
1042 2761 1074 2826 in
1100 2759 1204 2826 locum
1225 2762 1385 2846 genuinae
1404 2759 1440 2824 le·

258 2869 375 2935 ationis
408 2869 596 2954 irrepsisse,
624 2868 753 2952 linguae
785 2869 938 2954 antiquae
969 2866 1089 2932 Atticae
1122 2885 1215 2932 usum
1241 2866 1273 2931 in
1302 2865 1442 2952 plurimis

259 2977 405 3043 relictum
433 2974 472 3042 ad
498 2974 708 3040 recentiorem
734 2973 1022 3048 consorotudinom,
1054 2970 1304 3058 orthographiae
1328 2970 1439 3036 nullam

257 3091 378 3149 certam
406 3081 561 3146 rationem
587 3089 755 3155 constare,
781 3077 919 3164 denique
944 3076 1044 3142 inulta
1069 3097 1137 3143 esse
1160 3087 1303 3144 tironstra
1325 3087 1358 3143 et
1378 3094 1441 3161 por·

259 3197 344 3254 tenta
371 3185 616 3256 vocabulorum,
648 3182 788 3271 syllabas
814 3203 910 3248 sensu
934 3203 1072 3258 vacuas,
1099 3192 1219 3248 teorera
1244 3184 1384 3269 scriptas
1404 3177 1441 3246 ab

258 3291 320 3358 illis
343 3292 398 3378 qui
422 3310 505 3377 qnae
528 3287 751 3356 describebant
777 3309 879 3374 nerpue
900 3287 1119 3372 intelligebant
1144 3307 1248 3374 neque
1271 3288 1351 3354 adeo
1370 3287 1442 3353 satis

257 3396 441 3464 cernebant.
488 3396 593 3477 Quium
620 3394 704 3460 baud
730 3396 774 3460 ita
801 3395 922 3478 peridem
946 3397 1050 3482 ipsum
1077 3392 1194 3459 librom
1219 3391 1355 3461 Parisiis
1378 3411 1442 3458 uer·

258 3527 383 3584 sarem,
411 3522 509 3571 tonum
542 3510 574 3566 ct
605 3501 742 3566 alterum
768 3501 871 3566 locum
897 3499 1144 3585 diligentissime
1168 3497 1343 3584 descripsi,
1368 3516 1441 3584 quo·

259 3636 329 3681 rum
356 3630 457 3679 uirum
480 3609 609 3674 lectoris
629 3606 730 3672 oeulis
751 3607 939 3680 nubilatum,
963 3616 996 3671 ut
1020 3607 1075 3692 qui
1098 3625 1131 3671 se
1151 3605 1359 3672 librariorum
1376 3601 1442 3669 fidei

256 3721 461 3787 cornmittunt
486 3716 591 3780 soient
614 3732 710 3802 qoam
737 3712 866 3778 infirmo
889 3711 1020 3778 tibicine
1043 3713 1199 3777 nitantur.
1248 3709 1441 3796 Subiungens

257 3835 380 3914 partem
406 3821 527 3888 decreti
554 3819 822 3906 byzantinorum,
847 3816 931 3905 quod
957 3816 1155 3904 adscriptum
1180 3823 1228 3882 est
1251 3815 1442 3883 irroratione

256 3933 294 3998 de
320 3933 438 3997 Corona
462 3945 534 4013 pag.
557 3931 622 3990 tot
647 3924 689 4012 ι);
794 3986 797 4000 ,

291 4167 318 4230 1)
345 4166 376 4215 In
403 4163 442 4212 his
466 4163 658 4226 diligentissime
682 4162 781 4212 Codicis
808 4162 927 4212 lectiones
956 4161 1075 4222 exhibui,
1101 4161 1237 4223 scriptione
1262 4173 1358 4224 ganne,
1383 4157 1442 4207 litte

256 4263 341 4299 rurum
364 4247 456 4296 lorum
477 4253 503 4294 et
524 4253 671 4295 noeentum
694 4253 718 4294 et
746 4245 878 4308 spirituum
902 4259 953 4294 uon
979 4245 1049 4309 potui
1071 4243 1207 4302 exhibere,
1236 4241 1328 4293 retinui
1349 4246 1442 4290 tantum

256 4331 315 4380 oin
332 4329 392 4388 fiae,
418 4327 484 4392 quod
505 4341 593 4376 omnes
622 4325 714 4376 Graeci
736 4333 794 4376 onte
819 4333 916 4390 captam
945 4323 1178 4390 Constantinopolim
1198 4331 1339 4374 constanter
1355 4320 1443 4384 ubique

256 4411 359 4461 iaciunt.
394 4407 475 4472 Saepe
499 4409 607 4472 proderit
629 4407 677 4458 hoc
699 4407 844 4456 meminisse
866 4409 897 4456 nd
921 4422 1007 4456 seram
1031 4407 1178 4471 scripturam
1195 4420 1228 4454 ex
1245 4404 1346 4472 syllabis
1363 4412 1443 4466 perpe·
1540 4459 1541 4476 χ

256 4507 310 4544 iam
332 4491 419 4542 divide
444 4491 637 4550 restimsndam,
655 4495 683 4540 ut
708 4490 734 4540 in
756 4489 834 4539 lissa.
859 4489 931 4540 Har..
955 4487 1094 4550 What,
1121 4487 1165 4538 sta
1185 4485 1316 4552 dissepsit
1337 4497 1381 4549 pro
1397 4480 1443 4530 ἵν·
1540 4489 1541 4536 3
