3204 4978
829 329 899 403 338

280 527 523 622 ζολυμπιονένης
555 525 715 604 ἐπέταξεν
745 525 839 593 αὑτὸν
877 522 929 592 καὶ
967 525 994 591 οἱ
1026 523 1174 606 παρέντες
1205 523 1401 603 ήνοινύνιτουν
1431 529 1475 598 ὡς

281 635 375 709 αὐτὸς
399 631 507 704 έκαεος
537 630 778 710 τετυπτημένος.
827 628 991 698 attecttvo
1024 637 1129 696 tamea
1156 628 1231 696 biae
1255 628 1392 698 formato
1417 631 1474 698 At·

282 742 339 808 tici
375 739 561 806 utebantur.
609 738 828 805 bauosrarurs
863 757 895 822 p.
936 739 1040 814 tati,
1078 742 1110 802 5.
1147 738 1180 803 ού
1211 737 1375 813 τυπτητέοι
1405 736 1474 804 atat

282 845 412 929 ύβριςέοι
448 843 544 918 δήπου
574 841 678 922 έομὲν.
727 841 918 908 Seurarraus
960 841 999 908 ad
1044 840 1226 910 Srararaurr
1259 843 1476 920 τετνπτήεέαι

279 972 320 1028 ριν
346 951 545 1018 buuosrarur
569 946 662 1016 aiiert
686 969 716 1035 p.
743 953 847 1027 t255,
869 946 953 1034 quud
979 948 1010 1012 in
1036 947 1152 1014 Lraaau
1175 959 1369 1032 argumenta
1392 948 1476 1033 tegi-

282 1069 347 1127 tur.
395 1057 443 1124 ttx
463 1053 604 1142 perfeeto
626 1053 666 1120 de
691 1075 779 1120 ruore
798 1053 945 1120 futurum
963 1052 1172 1142 producitur.
1189 1063 1303 1142 estque
1315 1053 1476 1132 πεπλήξο-

280 1189 340 1244 μαι
366 1163 398 1228 in
432 1181 512 1240 usu,
546 1168 581 1228 ut
612 1161 643 1225 in
670 1158 738 1226 toea
771 1160 918 1226 Patrobas
947 1158 1175 1226 uenustissime
1208 1162 1330 1248 scripto
1366 1160 1475 1226 Tbaat.

280 1291 312 1360 p.
329 1274 392 1338 180
411 1291 438 1334 Α.
458 1265 497 1334 ἄν
524 1267 594 1333 τινα
612 1290 642 1332 τι
661 1263 730 1348 ἔρη,
754 1263 854 1347 ὥσπερ
872 1265 906 1330 έκ
926 1263 1084 1348 Φαρέτρας
1107 1267 1297 1348 ύηματύοκια
1322 1268 1476 1346 αύνιγρια·

279 1377 358 1452 τύδη
393 1376 592 1444 ἀνασπῶντες
622 1370 859 1451 αποποξεύουοι,
891 1369 948 1436 κύον
981 1369 1089 1437 τούτου
1120 1369 1214 1454 ζητῇς
1239 1370 1333 1452 λύγον
1358 1370 1477 1450 λαβεῖν

281 1485 313 1551 τέ
343 1481 477 1564 εἴρηκεν,
510 1479 598 1562 ἑτέρῳ
628 1476 782 1555 πεπλήξει
814 1481 924 1550 καινῶς
955 1475 1243 1560 μετανομανμένςρ,
1276 1483 1419 1560 περανεΐς
1444 1475 1476 1543 δὲ

280 1589 424 1658 οὐδέποτε
457 1587 539 1653 οὐδὲν
571 1582 643 1667 πρὸς
673 1581 780 1650 οὐδένα
812 1585 922 1649 αὐτῶν.
955 1592 986 1648 et
1023 1583 1055 1647 in
1093 1585 1312 1650 batsroratrtts
1345 1581 1475 1671 Equiti·

282 1698 339 1764 bus
363 1715 409 1760 vs.
435 1697 512 1759 att.

463 1799 537 1864 ἀλλ’
561 1796 618 1870 ἐὰν,
638 1795 739 1880 ταύτη
761 1819 802 1874 γε
826 1801 896 1880 νινιρῖ
919 1795 1029 1878 ταντηὶ
1054 1793 1263 1874 πεπλήξεται.

279 1975 285 1986 ,
326 1904 467 1973 Medium
491 1901 650 1979 τύπτομαι
675 1899 759 1986 apud
783 1900 907 1966 Atticos
928 1920 989 1966 uon
1014 1910 1062 1966 est
1087 1903 1118 1966 in
1146 1920 1224 1980 usu,
1253 1921 1357 1990 neque
1379 1905 1474 1994 quid·

282 2032 378 2100 quam
405 2008 478 2076 inde
510 2014 639 2079 natutu3
672 2007 825 2073 έταέοατο
849 2005 933 2092 υριιύ
966 2005 1189 2074 Χιιιονιοοντιον
1214 2017 1282 2085 est,
1315 2018 1474 2099 utsupra

282 2115 503 2192 ostendimus,
536 2111 592 2179 sed
625 2110 724 2178 semel
754 2114 918 2190 occurrit,
945 2132 1046 2198 neque
1070 2134 1108 2178 ex
1133 2113 1277 2192 πατύξοιι
1294 2115 1472 2204 quidquam

282 2223 449 2314 irascitur,
481 2239 584 2306 neque
616 2216 728 2283 formis
759 2218 920 2298 πλήξομοιι
945 2227 1000 2284 aut
1025 2217 1210 2300 έπληξύμην
1238 2229 1388 2290 utuntur.
1437 2224 1472 2292 la

284 2331 391 2400 bttiea
423 2325 571 2394 dicebant
604 2325 761 2404 τύπτομαι
793 2343 851 2411 pro
879 2324 1013 2411 ρέοιιρο,
1037 2325 1091 2392 sed
1116 2324 1177 2392 hoe
1208 2346 1337 2415 quaque
1360 2347 1472 2398 rarum

284 2444 349 2514 est,
374 2453 477 2520 aeque
503 2451 553 2499 uie
576 2430 714 2512 κύψομαι
737 2439 793 2496 aut
816 2427 978 2510 έκοψύμην
1004 2431 1137 2498 uramini
1163 2431 1268 2518 tegere

281 2613 288 2620 ,
328 2541 461 2627 Cognita
485 2538 665 2606 Atticorum
698 2555 759 2602 usu
784 2534 968 2623 expeditum
993 2545 1041 2602 est
1066 2535 1105 2604 tie
1129 2457 1403 2621 Ionibusbuieere.
1437 2541 1472 2609 la

281 2649 373 2742 iouia
396 2645 445 2711 bis
478 2643 590 2710 formis
621 2641 812 2708 utebantur:
845 2642 972 2719 τύπτου,
1004 2643 1114 2725 τύψω,
1146 2641 1266 2725 έτυψα,
1288 2640 1472 2731 τύπτομαι,

279 2755 458 2844 τέτνριμαι,
483 2750 616 2826 έτύπην,
639 2749 817 2826 τύπτομαι,
832 2748 968 2836 pineyra,
986 2747 1146 2830 πύψοριαι,
1165 2737 1342 2833 έτυψύροην.
1379 2753 1473 2822 Prae·

281 2870 369 2929 terea
389 2853 497 2944 πλήξω
517 2863 549 2922 et
569 2854 694 2931 έπληξα
712 2853 861 2920 dicebant
885 2863 917 2920 ei
946 2852 1148 2934 ε’πληξούμηντ
1173 2850 1313 2933 παπύξυ
1330 2866 1363 2924 et
1394 2857 1471 2926 ἐπεὶ·

280 2967 366 3046 ταξοο
388 2984 450 3030 non
476 2961 645 3038 dicebant,
670 2970 701 3026 et
726 2958 898 3035 πατούοοω,
926 2961 973 3026 uti
1002 2960 1162 3038 dixistine,
1189 2962 1251 3027 ibis
1281 2971 1331 3030 est
1352 2964 1472 3051 pulpito

279 3073 366 3140 idem
398 3066 483 3156 quod
514 3065 697 3146 robatorem:
730 3066 832 3142 παύω,
865 3067 966 3133 παύσει
999 3075 1030 3133 et
1063 3065 1181 3133 ἔπαισα
1205 3068 1289 3156 apud
1314 3069 1471 3156 antiquis·

282 3178 382 3246 simos
406 3174 497 3240 lones
523 3192 584 3238 nou
608 3180 802 3238 aecurrunt:
827 3178 1005 3251 πληγῆναι,
1026 3174 1261 3252 πληρήτεούαι,
1280 3175 1470 3256 πέπληγμαι

283 3279 432 3349 omnibus
458 3276 589 3346 Graecis
620 3277 793 3344 cuiusiibet
815 3283 932 3344 aetatis
963 3285 996 3344 et
1021 3282 1143 3364 patriae
1167 3281 1351 3347 eornmunia
1375 3293 1467 3347 sunt:

281 3387 438 3466 πέπληγα
461 3385 493 3452 in
513 3384 645 3470 antiqua
668 3381 924 3469 lade-signifieat
944 3385 1069 3463 πληγήν
1093 3363 1308 3464 biterrensem
1325 3384 1470 3468 πληγάς,

282 3500 320 3562 ut
344 3489 428 3578 apud
455 3490 589 3556 Atticos.
1293 3557 1295 3562 ,

327 3596 456 3684 Tragici
483 3595 658 3662 utebantur
681 3613 830 3661 sermone
848 3613 888 3660 ex
908 3603 1015 3661 uetere
1030 3593 1136 3661 ionica
1158 3605 1190 3663 et
1211 3598 1317 3666 Attica
1335 3596 1469 3666 diaterto

282 3705 327 3775 ita
351 3703 469 3780 mixta,
492 3711 528 3768 ut
552 3721 590 3768 ex
617 3708 754 3788 utraque
777 3721 835 3766 suo
855 3699 1016 3768 arbitratu
1037 3699 1215 3769 delibarem
1236 3703 1320 3791 quod
1336 3704 1469 3771 Deorum

281 3818 314 3892 et
339 3807 472 3878 heroum
493 3807 804 3889 μεραλορρημοτύνην
829 3807 968 3873 maxime
992 3805 1105 3874 decere
1126 3809 1318 3876 iudicarent.
1358 3809 1469 3876 Home

279 3916 348 3986 rica
380 3911 532 4000 pleraque
564 3911 678 3979 οιιιιιὶει
697 3911 845 3978 lubenter
869 3921 1028 3999 usurpant
1058 3919 1091 3979 et
1122 3933 1160 3980 er
1187 3916 1303 3982 Atticis
1326 3935 1366 3981 ea
1389 3932 1468 4002 quae

283 4040 344 4088 uon
369 4027 477 4086 essent
501 4019 560 4084 tuti
580 4017 664 4104 plebi
685 4019 717 4086 in
739 4037 805 4085 ure.
852 4016 963 4103 itaque
992 4019 1191 4096 ύπούνήοκειν
1216 4041 1277 4087 nou
1303 4019 1467 4093 dicebaut,

282 4125 336 4194 sed
361 4125 496 4204 titiensiu
526 4134 559 4192 ei
590 4125 806 4202 abritrium,
837 4126 1072 4205 κατύανοῖιροαι,
1097 4129 1279 4206 κατύανεῒν,
1306 4147 1369 4194 uua
1392 4129 1467 4194 ἁπο-

282 4234 408 4318 ατεένειν
438 4229 495 4302 sed
526 4231 757 4308 κατακτείνειν,
783 4249 844 4295 non
875 4229 1047 4298 ,ἀπέκτεινα
1078 4231 1134 4298 sed
1161 4232 1371 4314 ηατέκτανον,
1394 4233 1467 4301 ἔκτα

281 4338 438 4407 κατέαται
469 4337 632 4406 evitabant
662 4341 820 4419 περιορᾶν,
852 4335 991 4418 περιιδεῖν
1022 4346 1053 4405 et
1080 4337 1237 4426 quidquid
1261 4347 1346 4410 esset
1377 4363 1465 4416 ααπη·

280 4444 481 4545 ριαξενμένον.
536 4443 649 4530 ltaque
683 4441 815 4520 πατιύξοι
849 4451 881 4508 et
919 4441 1069 4522 έπύταξα
1105 4443 1269 4526 vitabant,
1305 4445 1409 4513 ταένα
1437 4449 1465 4512 et
