3178 4972
793 355 839 424 52

230 548 278 615 rel
302 557 396 616 κοῖλοι
418 547 467 614 vel
490 548 569 616 κενιθ
592 568 696 636 neque
719 549 856 635 cogitari
880 568 984 637 neque
1012 549 1077 618 dici
1101 562 1245 640 possunt.
1292 555 1419 626 Conieci

229 655 371 734 εὐμενές,
396 653 480 742 quod
503 655 542 721 ad
566 657 676 738 χωρθιιν
701 655 841 722 retertur
863 665 896 722 et
921 657 968 723 sic
993 657 1197 745 peridoneum
1224 664 1418 730 seutentiam

228 759 316 826 iacit.
344 764 430 846 512.
454 763 571 841 ἀμιγὲς
591 763 728 840 ήδσναῖςι
753 762 980 848 corrigendum
1002 765 1116 841 ήδσνής.
1142 769 1229 851 §lb
1249 769 1420 848 εἰδῶμεν

227 869 261 933 rt
282 867 371 947 λέγει
403 869 446 934 σα
479 869 565 951 lepti,
597 869 807 956 pervulgatus
834 889 925 936 error
949 873 1151 957 protropo.
1174 909 1220 923 -
1243 876 1420 954 ασιιιινθαν

228 969 354 1053 ἕξομεν,
383 973 449 1063 [καὶ
473 976 664 1057 σσρειιθμενσι
688 976 740 1040 καὶ
763 973 919 1065 μένοντες]
947 979 1020 1060 πρὸς
1043 978 1212 1061 αμφθσερα
1234 981 1305 1055 rode
1324 983 1417 1056 θεσθς.

229 1079 395 1147 Praecedit
417 1080 481 1147 εἷσε
502 1085 578 1164 epioe
602 1081 725 1148 ιθιιιέναι
749 1081 812 1148 εἴτε
835 1081 953 1162 μένειν,
978 1086 1138 1150 neminem
1165 1087 1417 1172 poenitebitem·

226 1185 350 1261 blema,
375 1186 460 1274 quod
482 1188 714 1266 indicavimus,
737 1187 916 1255 sustulisse.
955 1191 973 1274 §
1000 1193 1050 1254 16.
1075 1191 1127 1256 καὶ
1148 1192 1307 1271 πέμματα
1328 1195 1417 1270 σελή-

226 1315 276 1367 νιρι
300 1291 353 1358 ιια1
377 1291 475 1373 ἄγρια
500 1296 614 1376 φύλλα
636 1297 695 1360 τῶν
719 1295 887 1377 ἀνθρώπων.
920 1291 1288 1382 Occupavitillsmcrrus
1309 1318 1415 1364 emen·

225 1394 302 1463 dare
332 1397 385 1463 καὶ
415 1397 601 1489 [πέμματα]
636 1401 791 1476 σελήναςε
820 1400 850 1464 in
875 1401 1050 1482 ἀνθρώπων,
1080 1399 1111 1466 id
1136 1411 1185 1469 est
1208 1404 1240 1468 in
1266 1403 1414 1472 codicum

225 1509 386 1594 scriptura
411 1510 507 1586 ιὶισιν,
533 1504 691 1572 delitescit
711 1504 835 1586 ἅγιαι,
860 1504 944 1591 quod
967 1507 1010 1573 ita
1031 1507 1063 1572 iu
1086 1507 1176 1575 libris
1192 1511 1318 1575 exarari
1337 1508 1417 1576 solet

226 1622 261 1680 ut
294 1613 354 1679 hoc
387 1632 427 1678 an
461 1638 537 1680 αιιιι
567 1613 724 1700 scriptum
758 1613 818 1688 sit,
849 1613 952 1678 oculis
985 1612 1170 1680 discernere
1203 1634 1265 1681 uon
1301 1618 1414 1702 possis.

225 1723 242 1805 §
269 1723 322 1786 17.
348 1719 520 1802 φθήσεσθαι
543 1718 713 1800 Πειραιθθεν
738 1717 890 1784 inicio:
917 1717 1013 1785 Attici
1036 1729 1221 1787 constanter
1241 1722 1276 1786 ἐκ
1295 1731 1417 1803 Πειραι·

223 1832 262 1900 ῶς
286 1823 434 1890 dicebant
456 1833 489 1892 et
512 1825 613 1892 ἐλθών.
663 1827 680 1909 §
710 1827 762 1891 19.
787 1821 880 1896 i'ttot:
906 1822 975 1910 lege
998 1821 1077 1900 θλσς.
1127 1829 1146 1911 §
1174 1831 1228 1894 19.
1254 1827 1282 1892 ci
1305 1852 1345 1907 με
1361 1853 1415 1906 με·

95 1927 131 1948 ”’
223 1931 451 2012 σαβσνλεθσαισ
471 1941 528 2009 τῆς
545 1931 618 2015 πρὸς
638 1930 779 2011 βασιλέα
797 1928 952 2012 dolitum:
981 1951 1084 2018 neque
1102 1932 1292 2012 βουλεύομαι
1312 1953 1416 2020 neque

221 2038 498 2118 μεταβιυιιεύιμαι
544 2057 618 2103 curn
664 2036 806 2121 genitivo
850 2036 1003 2122 coniungi
1041 2045 1162 2123 potest,
1204 2039 1415 2126 quamobrem

222 2142 288 2224 ιιερὶ
311 2143 469 2209 excidisse
492 2145 650 2230 suspicor.
666 2181 705 2192 -
722 2133 881 2220 ἃμθιιιςα
900 2142 914 2206 θ
924 2167 938 2208 ν
949 2151 1043 2218 ήσαι
1060 2143 1189 2211 δύνασαι
1203 2155 1413 2225 Πτολεμαῖιντ

222 2269 283 2314 non
310 2249 386 2328 boc,
412 2257 507 2336 puto.
532 2249 671 2316 durorum
696 2249 834 2334 cogitat,
864 2247 980 2336 ecquid
1007 2248 1078 2316 illae
1104 2249 1229 2316 fabulae
1254 2253 1322 2338 regi
1342 2273 1414 2338 pro

219 2355 308 2421 dnssc
333 2363 483 2443 possent,
509 2353 564 2420 sed
586 2353 727 2439 placere:
753 2373 814 2418 uon
840 2355 1008 2420 utilitatem
1033 2357 1137 2442 magis
1160 2377 1257 2443 quam
1282 2359 1414 2426 oblecto-

222 2473 359 2529 mentom
384 2461 553 2529 habiturae
577 2459 662 2548 apud
688 2459 849 2527 bominem
876 2461 1010 2527 minime
1040 2461 1278 2544 δαμσκρατιιιθνε
1304 2448 1414 2550 itaque

220 2589 277 2658 pro
301 2571 406 2646 θνήσαι
430 2565 526 2634 oredo
545 2563 616 2643 ήσαι
640 2587 710 2632 esse
731 2565 983 2633 rescribendum.
1020 2566 1159 2634 Verbum
1180 2566 1275 2644 ήδειν.
1288 2571 1413 2655 sequio-

220 2673 310 2742 ribus
335 2673 446 2740 Attiois
470 2693 532 2739 non
558 2673 761 2760 infrequens
786 2671 933 2739 Graeculi
959 2674 1087 2761 saepius
1114 2685 1280 2760 usurpant.
1326 2675 1413 2743 Satis
1487 2685 1493 2702 '

219 2784 337 2848 scitum
362 2789 411 2847 est
437 2779 521 2867 apud
553 2779 705 2845 Srncsruu
731 2777 833 2866 Epist.
861 2783 941 2845 1154:
966 2779 1036 2854 τοὺς
1060 2781 1117 2858 μὲν
1141 2781 1205 2861 γαρ
1230 2778 1315 2860 ήσει,
1339 2783 1410 2856 τοὺς

217 2889 250 2955 δὲ
272 2889 382 2967 θνήσει.
421 2891 514 2972 510.
539 2886 652 2969 ἀφείς,
679 2893 830 2970 utsupra
853 2893 1010 2965 παρεῖσα,
1037 2885 1119 2952 rurale
1141 2907 1198 2972 pro
1215 2891 1410 2956 καταλιπών.

219 2998 313 3080 511.
337 2993 558 3075 αρσιρατεθεινε
586 2990 784 3056 restituenda
810 2999 859 3056 est
885 2989 1002 3078 ubique
1022 2991 1123 3058 iorum
1149 2995 1250 3076 πρῷρα
1270 2995 1300 3058 in
1323 3015 1411 3060 com·

218 3101 332 3189 positis
369 3106 401 3165 et
442 3097 607 3164 derivatis.
645 3133 690 3146 -
724 3097 874 3178 actimido
908 3097 1119 3177 μιιιρθήσσμαιι
1154 3097 1321 3165 Neminem
1358 3101 1407 3164 vi-

218 3207 304 3273 disse
327 3205 508 3284 μαθήσομαι
531 3202 669 3290 requirii
706 3212 831 3269 caetera
857 3211 888 3268 et
912 3202 1084 3290 deprauata
1110 3213 1241 3271 suntet
1267 3205 1314 3272 vel
1339 3209 1411 3273 sine

219 3313 316 3389 vitio,
339 3312 471 3397 opinor,
494 3311 601 3396 inepta
623 3319 654 3374 et
675 3307 796 3375 insulsa
815 3308 956 3375 luerunt.
978 3309 1118 3376 Gcrccnn
1131 3312 1282 3392 κυβερνᾶν
1292 3314 1410 3390 μαθοῦ-

217 3443 261 3486 σα
284 3427 315 3484 ct
340 3418 464 3483 clavum
490 3417 557 3502 ipsa
581 3425 692 3482 tenens
714 3425 748 3481 ut
774 3415 865 3480 navis
885 3417 953 3480 sine
976 3414 1150 3480 infortunio
1176 3418 1206 3482 in
1232 3419 1409 3506 Acqpptom

217 3523 383 3613 perueniat
406 3521 571 3609 sophistici
590 3531 638 3588 cst
659 3530 691 3588 et
712 3522 801 3608 pravi
816 3521 994 3599 acuminis,
1017 3522 1048 3586 in
1070 3540 1134 3606 quo
1158 3523 1323 3589 immorari
1345 3544 1406 3590 non

217 3630 324 3698 lubet:
351 3627 495 3708 θκθμαν,
527 3631 561 3695 in
586 3647 649 3714 quo
683 3627 735 3692 bic
759 3627 844 3692 docti
870 3626 1015 3694 homines
1039 3625 1277 3707 adhaeserunt,
1303 3628 1408 3696 obiter

219 3737 396 3804 Pcurnncno
420 3732 618 3801 reddendum
643 3735 674 3799 in
695 3732 798 3799 Νιιιιιιι
816 3732 973 3818 Pompilio
989 3753 1058 3820 cap.
1079 3731 1153 3810 XX,
1178 3759 1407 3815 συμμετασχή-

216 3841 401 3926 μασθζσνσαι
424 3841 497 3922 πρὸς
520 3841 571 3907 riu
595 3843 625 3906 ἐν
648 3840 743 3922 <cisto
767 3839 819 3905 cxi
844 3838 965 3923 θμσνσθρι
986 3875 1030 3888 -
1050 3841 1241 3918 θμθμσνα
1263 3843 1317 3908 καὶ
1340 3865 1406 3918 μα·

217 3949 318 4032 κιθρισν
340 3948 426 4029 βίον,
462 3946 515 4013 ubi
547 3947 574 4012 si
607 3947 680 4032 quis
712 3943 873 4010 dubitabit
904 3945 1045 4022 ακθμσνα
1070 3947 1214 4033 recipere
1238 3966 1311 4012 cum
1338 3949 1407 4033 ipse

217 4057 412 4124 Pourancuus
442 4063 624 4140 expugnato
649 4054 681 4117 io
716 4052 814 4118 Golbo
839 4050 983 4116 scribens
1007 4071 1077 4136 cap.
1103 4051 1146 4129 X,
1169 4053 1213 4125 εἰς
1236 4053 1305 4131 βίον
1327 4054 1405 4120 ded·

215 4187 295 4244 μσνα
319 4165 372 4228 καὶ
396 4172 495 4242 γήρας
519 4160 632 4242 εἰρήνης
657 4159 710 4224 καὶ
737 4157 872 4237 longina
897 4153 1002 4234 μεςθν.

261 4269 345 4336 Libri
367 4267 422 4334 tlt.
447 4267 551 4354 Epist.
575 4273 607 4331 1.
633 4264 730 4330 οὐκέτ’
750 4263 814 4342 εἰμὶ
836 4262 865 4326 ἐν
886 4263 1029 4344 ἐμαυτῇ,
1051 4258 1072 4326 ὦ
1092 4269 1210 4344 μήτερι
1234 4261 1403 4330 Athenien·

215 4376 304 4442 sibus
328 4373 468 4440 solemne
492 4382 540 4440 est
563 4373 594 4437 ἐν
619 4373 756 4448 ἐμαυτοῦ
779 4368 897 4434 dicero.

260 4481 349 4570 Epis.
374 4483 405 4547 1.
441 4483 458 4566 §
486 4485 516 4547 1.
552 4477 640 4544 locus
666 4477 783 4542 misere
807 4472 937 4539 babitus
967 4481 1031 4552 est,
1058 4477 1089 4541 in
1115 4494 1178 4560 qup
1203 4473 1324 4561 aliquid
1350 4474 1403 4542 ba·
