3150 4972
751 377 797 448 69

171 569 259 658 apud
290 577 415 637 veteres
444 589 598 657 praesens
631 571 677 637 rel
710 569 857 637 loturum
888 569 1001 638 habet:
1029 570 1148 640 aoristo
1173 572 1238 640 lere
1261 571 1362 640 absti-

172 685 265 743 nent.

221 783 325 869 Epist.
349 787 403 849 60.
437 787 496 848 τῶν
524 783 623 848 ἐκεῖσε
654 782 820 849 πλουσίους
848 802 903 868 pro
934 783 1009 850 ἐκεῖ.
1032 821 1078 836 -·
1097 788 1237 867 εὖφυεῖοτ
1270 784 1366 851 Arria·

172 898 302 955 veteres
324 891 456 970 εὐφυεῖς.
471 927 512 938 —-
527 890 593 970 napi
615 888 650 954 τὸ
670 888 810 969 Κροίνειον
828 890 1035 969 είλονροένουςε
1060 891 1261 957 Athenienses
1278 892 1365 956 οὶλιν·

172 993 336 1074 δεομένους
362 994 519 1061 dixissent
551 995 598 1060 rel
622 995 786 1067 οῖλύοντας.
834 993 945 1062 Obiter
970 995 1027 1062 lroe
1053 997 1230 1064 Pouraaono
1255 996 1364 1064 redda-

176 1122 252 1167 mus
273 1101 466 1187 Sympeor'uc.
488 1099 541 1167 lV.
570 1106 599 1165 4.
622 1105 654 1164 2:
677 1100 748 1174 τοὺς
772 1101 840 1182 περί
863 1103 918 1176 τὴν
942 1103 1150 1182 ἰχθυοπωλίαν
1168 1103 1365 1177 ἀναδιδόντας

175 1207 311 1277 inrisere
333 1208 385 1272 nal
413 1211 466 1272 τοῦ
491 1207 621 1278 κώδωνος
642 1204 731 1282 lidae
756 1207 943 1286 οίκοθοντας,
975 1209 1249 1284 ιιΙιίοίναδιδθντας
1275 1208 1367 1276 cedat

174 1313 274 1378 uerbo
299 1314 331 1377 in
359 1311 413 1376 tali
438 1331 472 1378 re
492 1313 621 1398 proprio
644 1313 810 1388 οῖλεῖοιτας.
861 1315 895 1378 ln
919 1320 1061 1378 extrema
1083 1324 1174 1400 parte
1201 1318 1218 1400 §
1242 1323 1269 1383 l.
1291 1315 1366 1400 legi·

178 1432 235 1485 tur
258 1417 462 1500 ἀνατρέφειν,
495 1417 577 1504 qood
613 1417 690 1484 bene
726 1418 840 1484 Graece
871 1420 1100 1502 οῖναςρέφεοθαι
1134 1419 1237 1487 luerat
1261 1419 1367 1486 dieen-

177 1525 275 1601 dom,
309 1525 404 1589 onius
436 1543 514 1590 usus
542 1524 684 1610 exempla
715 1523 831 1590 alterne
864 1525 1010 1612 putidum
1036 1535 1107 1604 est,
1139 1546 1199 1592 nec
1230 1525 1367 1592 lacerem

178 1631 243 1696 nisi
267 1630 425 1695 eximium
458 1630 628 1696 Perennem
661 1630 787 1708 laeum,
816 1631 849 1696 in
881 1651 945 1717 quo
975 1631 1112 1716 legitur,
1144 1633 1232 1720 turpi
1254 1631 1370 1698 mendo

176 1735 319 1802 liberare
345 1731 480 1821 possem.
528 1735 563 1800 ln
589 1737 654 1800 vita
680 1737 850 1802 (innormis
871 1757 941 1822 cap.
968 1736 1111 1804 XXXIII.
1138 1748 1370 1804 commemorat

178 1841 304 1906 dietum
330 1861 462 1919 eorum,
487 1843 542 1927 qni
567 1842 751 1908 Creonennn
775 1842 987 1908 Alexandriae
1003 1843 1087 1929 apud
1113 1845 1315 1910 Peenameus
1338 1851 1370 1910 el

180 1947 399 2033 nequissimos
436 1947 558 2014 aulicos
589 1949 756 2015 videbant:
800 1945 886 2023 οὗτος
925 1949 938 2012 ί
978 1948 1054 2014 λίαν
1094 1950 1125 2016 ἐν
1156 1951 1273 2024 τούτοις
1308 1958 1371 2023 τοῖς

179 2054 350 2134 προβάτοις
373 2053 601 2137 dra-splenem:
626 2065 660 2121 ut
686 2057 802 2122 Graece
821 2057 923 2122 oratio
943 2055 985 2120 sit
1008 2054 1177 2142 utrobique
1197 2054 1369 2122 articulum

179 2178 341 2246 expunge.
390 2160 605 2230 dictitabant:
641 2159 726 2236 οὗτος
757 2163 833 2228 λεἀν
858 2161 889 2226 ἐν
915 2162 1031 2234 τούτοις
1056 2161 1222 2243 προβοίτοις
1245 2159 1372 2244 θναςρθ·

181 2274 301 2348 φεται,
327 2267 598 2352 quemadmodum
623 2267 662 2335 de
684 2289 718 2334 se
742 2269 810 2354 ipse
832 2265 996 2354 praedicat
1021 2266 1118 2333 Senon
1141 2267 1257 2354 fragm.
1278 2271 1321 2334 56
1338 2267 1370 2331 in

184 2373 312 2440 Bonam
336 2372 375 2440 P.
399 2371 451 2439 L..-

366 2482 405 2552 ὡς
430 2481 460 2545 ἐν
483 2479 569 2546 κυσίν
588 2489 754 2546 πολλαῖσιν
778 2478 915 2561 depellerer
934 2479 1036 2554 λύκος.

186 2590 262 2672 §2
283 2587 457 2666 οῖτομεῖναν
485 2587 636 2652 irlandae:
667 2585 797 2672 requiro
828 2587 1035 2664 ἐνυπομεῖναν.
1088 2587 1162 2670 §2
1187 2586 1372 2669 οῖχαρίςουςε

183 2700 219 2758 et
242 2691 295 2757 hie
320 2692 389 2776 lege
412 2694 592 2776 ἀχαρίτους.

231 2799 334 2885 Epist.
355 2803 409 2864 61.
445 2802 518 2880 παρ’
550 2799 677 2878 οῖναξίου
701 2797 876 2878 deculcare:
909 2799 1081 2864 decumae
1110 2797 1143 2862 in
1171 2797 1285 2864 Graeco
1309 2817 1373 2863 ser·

182 2924 279 2971 mooe
299 2904 384 2971 idem
410 2906 568 2992 peccarit,
593 2905 676 2991 quod
702 2907 891 2971 damnosa
916 2903 1064 2969 Crannone
1089 2921 1239 2988 peccasse
1266 2905 1373 2989 argui·

182 3019 240 3078 tur
265 3011 298 3075 in
323 3009 462 3099 Plrilipp.
485 3011 540 3076 lll.
566 3017 607 3090 9,
627 3032 727 3098 quum
747 3015 777 3076 in
799 3011 905 3076 edicto
923 3011 1127 3095 scripsisset:
1154 3007 1251 3076 Nulla
1267 3020 1374 3075 coretu-

182 3122 281 3188 melia
305 3130 350 3185 est
365 3140 458 3205 quarn
479 3119 557 3204 facit
578 3119 703 3202 dipnne.
732 3123 796 3201 §d
820 3120 892 3196 ἡμῖν
909 3113 1127 3196 ἕργαζίμενοςι
1151 3133 1208 3201 pro
1223 3117 1318 3195 dacia.
1332 3156 1376 3167 -

185 3227 352 3309 asenaria:
378 3224 475 3290 Attici
494 3225 648 3308 νουμηνία.
685 3227 703 3310 §
729 3229 759 3289 5.
791 3225 821 3288 ἕν
845 3224 977 3303 ταπεινῷ
1002 3223 1044 3304 τῷ
1067 3221 1232 3301 exiluere:
1261 3221 1376 3288 illelius

184 3337 259 3402 sine
284 3335 338 3414 τῷ.
360 3369 405 3380 -
424 3332 542 3408 dranci
566 3330 744 3412 ἐκπορίζειν;
772 3337 894 3394 velares
918 3325 1087 3408 ἐκπορίζων.
1110 3365 1153 3376 -
1173 3329 1228 3404 τίρν
1252 3329 1372 3394 ardna:

186 3460 310 3528 repone
337 3437 452 3504 πίννα.
479 3473 522 3486 -
542 3437 576 3500 τὸ
601 3437 632 3502 ἐν
656 3435 837 3518 Μαραθῶνος
868 3453 923 3520 pro
946 3434 980 3498 ri
1004 3435 1187 3514 Μαραθῶνι,
1213 3434 1297 3520 (μισεῖ
1322 3434 1377 3500 arl-

185 3547 335 3613 veroium
361 3552 430 3621 est,
458 3548 492 3608 ut
516 3543 686 3619 Ἐλευσῖνι,
718 3548 859 3618 Σικυῶνι,
884 3538 958 3605 alia:
996 3541 1067 3624 §ln
1093 3541 1117 3604 οῖ
1141 3539 1293 3621 carices:
1319 3561 1377 3627 pro

186 3660 300 3734 γονεῖς.

235 3759 339 3846 Epist.
365 3761 419 3822 oe.
444 3755 586 3835 μυςιίριον
609 3755 639 3818 ἕν
661 3755 773 3827 αὐταῖς
796 3755 965 3836 στρέφεται
987 3759 1058 3816 ταῖν
1083 3751 1164 3814 θεαῖν
1182 3757 1254 3816 ταῖν
1273 3754 1378 3818 'Ener-

193 3865 302 3932 σινίαιν
334 3861 565 3946 οῖσφαλίςερονε
599 3861 724 3945 corrige
747 3859 917 3942 τρέφεται,
942 3858 1035 3922 utin
1062 3856 1255 3922 Terentiano
1279 3858 1378 3926 Andr.

191 3971 217 4038 l.
233 3991 262 4036 r.
279 3977 331 4036 15.
343 3967 466 4054 aliquid
479 3967 608 4032 monstri
621 3966 731 4045 alunt,
751 3973 820 4031 tum
839 3973 902 4031 τοῖν
915 3966 989 4030 θεοῖν
1000 3972 1064 4029 τοῖν
1077 3964 1272 4030 Ἐλευσινίαν
1290 3965 1382 4031 Grae·

191 4099 262 4144 enm
286 4082 357 4154 est,
381 4082 453 4139 ταῖν
476 4076 559 4138 θεαῖν
580 4091 641 4138 non
666 4079 725 4136 est.
774 4072 930 4157 Perpetua
957 4070 1034 4136 liaeo
1058 4077 1107 4134 est
1128 4067 1381 4138 describentium

192 4182 419 4269 interpolatio,
450 4181 492 4245 τὼ
524 4179 577 4245 θεώ
608 4176 710 4244 solent
741 4177 896 4243 intactum
924 4176 1198 4262 proclamatione,
1222 4183 1285 4242 τοῖν
1309 4178 1384 4245 θεοῖν

193 4288 295 4354 siouhi
320 4287 360 4353 de
391 4285 507 4352 deolrns
530 4283 595 4349 diei
625 4282 1064 4374 intelliguntusubstituunt
1088 4289 1159 4347 ταῖν
1182 4283 1280 4360 θεαῖν,
1301 4303 1383 4369 quae

194 4394 296 4461 torma
328 4393 441 4460 Atticis
472 4399 537 4458 tarn
569 4393 677 4476 ignota
710 4399 807 4476 atque
834 4389 876 4456 τοὶ
901 4389 965 4454 θεοί.
1012 4385 1098 4453 Nihil
1123 4387 1162 4454 iis
1185 4387 1327 4455 suboluit
1351 4393 1383 4458 io
