3160 4972
802 353 875 428 404

242 559 344 619 recturo
371 564 469 632 essct,
501 555 529 618 si
555 554 626 641 puio
649 563 809 634 comeret,
832 553 909 641 quid
932 553 1117 631 inuenisset,
1142 554 1202 620 lroc
1220 558 1346 643 formo:
1370 554 1427 633 ήγ-

242 676 346 741 oetaeo
376 659 422 728 dor
455 661 535 742 ήκσι,
566 669 704 741 γυναῖκα
734 662 760 727 δ’
792 659 878 743 εὕροι.
929 658 1104 726 verissima
1137 657 1215 726 baec
1245 666 1339 734 suut.
1372 657 1427 726 sed

242 765 328 852 quod
363 765 468 833 addit:
506 763 596 833 -utst
626 769 697 855 pois
726 768 820 834 audet
850 765 1006 853 Aeschylo
1037 767 1172 832 tribrrcre
1201 766 1364 854 repetitum
1387 787 1428 832 ee

240 871 374 960 infimae
397 871 506 938 aetolis
528 874 713 960 scriptorum
738 873 865 963 capulis
886 877 1031 962 [acturum
1047 872 1140 952 εὑρεῖ,
1158 871 1354 938 scribendum
1366 880 1429 937 est:

241 986 379 1059 porcino
411 979 500 1054 orosio
532 978 558 1044 d*
591 979 629 1046 ὑιν
660 980 762 1060 δόμοις
792 977 869 1062 adpro
894 978 1029 1060 pecario!¹
1078 978 1143 1044 Hoc
1171 976 1247 1044 illud
1271 975 1427 1064 estquod

241 1083 335 1150 modo
357 1081 502 1150 dicebam
527 1085 657 1152 Graecis
681 1106 717 1153 ea
742 1083 933 1163 obtrudere,
956 1103 1038 1172 quae
1063 1103 1155 1151 neruo
1179 1085 1213 1150 in
1227 1084 1360 1151 Graecia
1373 1103 1427 1148 na·

242 1197 296 1256 tus
320 1210 471 1277 umquam
500 1192 546 1257 sic
570 1191 677 1259 dicere
703 1192 869 1279 potuisset.
917 1190 999 1272 Qoro
1024 1189 1129 1257 dicam
1155 1189 1193 1258 de
1217 1188 1327 1256 futuro
1350 1190 1432 1272 εὑρεῑ

240 1315 301 1383 pro
331 1297 468 1379 εὑρήσειὺ
516 1297 619 1380 Quam
652 1297 772 1365 rideret
804 1296 984 1384 Madvigius
1008 1297 1035 1362 si
1058 1299 1131 1383 quis
1157 1297 1187 1362 in
1212 1297 1325 1363 Latino
1345 1297 1429 1363 scri·

240 1412 332 1491 ptore
363 1404 407 1470 ita
440 1413 613 1490 peccasset.
658 1403 720 1471 Sed
751 1404 851 1470 nihilo
881 1403 995 1470 molius
1029 1413 1098 1469 est:
1129 1411 1265 1484 γυιιιῖκιι
1286 1403 1378 1478 ursin
1401 1402 1429 1468 ὑ·

239 1511 278 1577 ἂν
301 1510 402 1590 δόμοις
425 1507 502 1592 εὕροι
525 1511 644 1591 pecario,
676 1511 753 1597 quia
780 1529 882 1597 neque
904 1507 981 1592 εὕροι
1004 1507 1043 1576 ἄν
1066 1509 1100 1573 in
1124 1510 1267 1576 oratione
1292 1509 1428 1596 prornii-

239 1618 338 1683 tentis
363 1615 467 1682 locum
493 1615 594 1682 ullum
621 1616 733 1694 habet,
758 1636 861 1703 neque
881 1615 920 1683 ὑι
940 1614 993 1682 illa
1015 1614 1089 1682 sede
1109 1612 1256 1681 collocari
1272 1633 1425 1702 umquam

238 1723 353 1810 potuit.
398 1721 480 1803 Quid
514 1723 616 1809 igitur
648 1722 823 1789 iaciemus?
861 1723 1022 1789 Futurum
1059 1721 1278 1787 necessarium
1307 1730 1373 1798 est,
1395 1728 1428 1787 et

239 1835 367 1916 praeter
385 1827 574 1906 Homerum,
595 1829 651 1914 qui
665 1825 893 1907 formosulus,
914 1828 1038 1908 δήομεν,
1060 1827 1149 1903 δήετε
1170 1828 1292 1906 utitur,
1312 1827 1426 1894 Graeci

237 1952 349 1998 omnes
381 1951 508 1999 summa
538 1936 718 2000 constantia
751 1953 878 2020 semper
910 1943 942 2000 et
975 1933 1094 2020 ubique
1123 1933 1236 2014 εὑρήσω
1264 1932 1424 2000 dicebant.

237 2037 416 2127 Aeschylus
444 2057 570 2126 quoque
600 2039 716 2121 εὑρήσει
739 2038 882 2118 dixerat,
907 2047 943 2105 ut
966 2059 1088 2107 omnes.
1137 2037 1197 2105 Sed
1224 2048 1327 2107 metro
1346 2039 1426 2127 quid

237 2144 307 2223 liat,
332 2144 418 2211 dicat
442 2143 579 2232 aliquis,
605 2165 679 2212 nam
705 2154 793 2212 certe
817 2153 871 2225 tu,
893 2146 948 2234 qui
969 2143 1166 2231 Madvigium
1188 2145 1220 2210 in
1242 2165 1276 2213 rc
1289 2147 1426 2213 metrica

159 2281 162 2286 ·
235 2251 362 2339 carpis,
388 2271 449 2318 nou
475 2252 658 2339 scripturus
681 2272 716 2319 es
740 2253 803 2318 sio:

417 2364 554 2439 yooeixe
579 2360 670 2435 σιςήι
693 2357 719 2424 δ’
743 2359 773 2424 e’o
796 2355 898 2438 ὑδριιις
922 2358 1038 2440 εὑρήσει
1060 2357 1173 2438 poncio.

235 2484 297 2531 non
329 2462 464 2543 faciam,
495 2463 550 2530 sed
581 2483 733 2550 quaeram
765 2483 828 2550 quo
852 2471 945 2552 pacto
969 2465 1116 2531 senarius
1141 2461 1272 2530 molesta
1298 2461 1423 2553 syllaba

234 2570 364 2639 liberari
389 2569 501 2658 possit.
546 2569 645 2636 Vetus
668 2580 831 2636 corrector
855 2567 930 2652 εὑριι
954 2570 1099 2656 reposuit
1119 2568 1175 2636 sed
1201 2568 1332 2636 trustra.
1371 2569 1424 2636 Vi·

233 2679 315 2745 tium
337 2686 385 2745 est
411 2679 443 2744 in
470 2685 709 2744 eNAOMOtC.
746 2675 829 2758 Quid
855 2674 977 2742 muital
1004 2676 1147 2761 corrige:

412 2793 551 2865 ρυνιιῖκσι
576 2784 667 2859 orsio
688 2784 714 2850 δ’
734 2785 902 2850 ἜΝΔΟΝ
930 2792 1105 2849 eTPHcet
1128 2784 1240 2862 cocao.

277 2998 397 3065 Nactus
417 2994 539 3082 aliquid
564 2996 621 3063 otii
644 2996 751 3061 omnio
777 3015 794 3062 a
818 2993 975 3080 bladrigio
998 2994 1038 3061 ad
1064 3002 1174 3083 poetas
1196 2995 1332 3064 Graecos
1354 3001 1422 3064 ani·

232 3104 399 3202 madversa
425 3123 495 3189 pag.
525 3104 697 3169 tao-501
725 3121 821 3188 quam
848 3103 937 3189 potui
959 3099 1208 3187 diligentissime
1228 3103 1342 3191 relegi,
1364 3106 1420 3173 sed

232 3231 293 3276 non
319 3227 456 3294 agnosco
482 3209 514 3273 in
537 3207 588 3274 bis
606 3207 696 3274 illum
720 3207 934 3292 Madvigium,
960 3209 1014 3293 qui
1038 3208 1175 3294 priorem
1199 3208 1272 3276 libri
1293 3221 1419 3298 partem

230 3316 421 3402 conscripsit
452 3315 591 3400 egregiis
623 3322 655 3380 et
685 3313 881 3400 palmaribus
910 3311 1189 3382 emendationibus
1218 3325 1250 3382 et
1274 3317 1417 3398 ἐισρρέσι

230 3421 391 3490 refertam.
428 3419 495 3487 Nou
521 3419 661 3486 arbitror
680 3439 834 3507 personae
855 3437 944 3488 meae
964 3427 996 3485 et
1016 3417 1184 3506 dignitatis
1206 3442 1275 3489 esse
1296 3423 1417 3492 summi

228 3529 307 3609 uiri,
333 3537 365 3595 ct
389 3527 584 3614 ubicumque
610 3547 687 3604 sana
712 3529 838 3594 ratione
862 3534 895 3592 et
919 3534 1007 3592 recto
1027 3525 1148 3594 iudicio
1161 3530 1324 3615 negotium
1339 3549 1418 3596 con·

229 3637 281 3704 fici
307 3644 409 3723 potest
435 3633 527 3722 plane
556 3631 836 3719 incomparabilis,
864 3651 992 3698 errores
1027 3631 1163 3699 subinde
1189 3633 1344 3701 adversus
1368 3635 1419 3701 di-

227 3744 321 3812 cendi
356 3742 517 3836 usumin
547 3737 716 3804 verborum
750 3738 981 3826 compositione
1014 3745 1070 3804 aut
1102 3737 1205 3806 iorma
1228 3741 1419 3808 commissos

228 3869 375 3938 arguere.

494 3951 570 4020 ὄλοιο
592 3955 704 4029 leurdo
728 3951 863 4032 ἐκλέγων
884 3950 944 4026 rice
970 3949 1144 4036 συμφοράς.

228 4081 330 4131 unum
364 4069 512 4139 tantum,
541 4079 581 4126 ne
612 4059 664 4125 cui
698 4057 809 4124 ridear
833 4061 865 4124 in
890 4056 1010 4124 talibus
1033 4058 1105 4124 λ’ὑιιι
1129 4057 1418 4140 ἀκριβολογεῖσθαι,

226 4169 329 4237 obiter
349 4167 518 4252 attingam.
568 4169 642 4252 Pag.
671 4169 736 4231 aab
760 4163 800 4231 ad
826 4163 1049 4252 Aristophanis
1072 4163 1208 4251 Lysistr.
1230 4168 1294 4232 7ὑὺ
1320 4185 1418 4232 anno·

226 4285 331 4344 latur:
357 4272 490 4359 Scripsit
513 4268 755 4359 Aristopbooes:

406 4380 436 4452 ἐς
459 4376 645 4460 Ὀρσιλόχου
658 4377 781 4474 ‘lodoico
805 4384 864 4446 τῶν
885 4383 998 4459 τριχῶν
1022 4375 1225 4442 reclusere.

227 4505 288 4553 non
313 4484 456 4571 accipio,
490 4501 563 4548 uam
598 4485 651 4571 (ne
674 4481 779 4549 dicam
803 4481 931 4580 φὺιὺσιις
956 4482 1072 4572 populo
1096 4491 1128 4550 et
1151 4481 1289 4550 Cornicis
1316 4481 1417 4551 usita-
