3160 4972
843 353 917 422 444

278 550 383 633 ἑτέρων
407 549 516 632 ἄρχειν
539 544 689 620 ὐδύυατιίς
709 547 754 617 ε’ςι
779 543 825 612 rei
849 549 882 612 οὐ
904 545 1038 628 δυνατή,
1065 542 1119 610 ubi
1143 543 1295 613 οίδύνατον
1315 547 1456 633 peninon
1523 583 1524 586 ι

281 663 399 744 potest.
1123 707 1127 715 .

324 758 471 848 Thucyd.
498 758 552 825 ili.
578 762 631 824 58.
667 758 767 827 scrib.
792 763 927 842 ποφιςύν
958 759 1084 833 ὐεαταῖς
1109 756 1225 832 είκίτες
1249 778 1307 844 pro
1329 756 1459 832 εὀικίτες.

178 890 185 896 ·
279 867 403 934 Είκένοιι
423 874 568 932 veterum
594 864 774 931 Atticorum
800 874 848 930 est
875 872 906 931 et
926 865 1033 944 είκύς,
1061 873 1095 930 nt
1116 863 1305 945 προσεικέναι
1327 873 1361 933 et
1378 888 1460 947 προο-

280 973 382 1048 εικιίς,
416 979 448 1038 et
479 968 625 1037 fcturum
664 969 754 1050 είξα,
789 970 906 1058 quibus
944 970 1069 1037 scribae
1101 989 1192 1038 suam
1217 972 1374 1048 ουιιίίειαν
1396 971 1461 1038 sub·

280 1080 437 1146 stitount.

327 1184 472 1274 Thucyd.
508 1183 563 1250 iii.
597 1187 650 1250 59.
682 1179 732 1258 αίς
764 1183 803 1250 δν
826 1221 871 1234 -
894 1183 1119 1266 ἀπροσδόκητος
1143 1181 1298 1266 εὐπραξία
1321 1183 1461 1268 ἔλθῃ,-

277 1291 494 1373 κακοτρανίαν
523 1293 593 1375 ρ’ρῖον
611 1289 816 1356 ὐπαύοὐυται.
865 1289 1118 1356 Valckenaerios
1141 1291 1173 1357 in
1197 1300 1306 1357 annot.
1341 1293 1398 1360 tis.
1421 1295 1461 1358 εὐ

279 1399 403 1481 πραγία
427 1395 616 1485 reponebat,
646 1397 722 1482 quia
756 1396 803 1462 sie
835 1395 1041 1486 Thucydides
1065 1405 1254 1463 constanter
1277 1397 1407 1478 scribit,
1433 1406 1461 1462 nt
1521 1403 1522 1408 ’

279 1513 311 1572 et
344 1503 554 1586 κακοπραγία.
604 1501 737 1568 Pharios
769 1523 807 1568 ex
842 1502 930 1570 Aelio
964 1503 1134 1591 Dionysio:
1172 1504 1412 1585 Εὐπραξίαν
1441 1506 1461 1569 οῖ

277 1612 407 1678 παλαιοί
433 1609 558 1688 κωμικοὶ
583 1607 634 1674 διύι
657 1612 711 1674 τοῦ
737 1618 781 1689 Ξ,
808 1609 992 1685 Θουκυδίδης
1018 1608 1049 1674 δὲ
1075 1609 1125 1675 διὰ
1149 1615 1203 1675 τοῦ
1226 1620 1262 1675 Γ.
1292 1610 1484 1700 ’ΊῚιιιυγιΙῖΙ

278 1717 330 1785 dis
355 1735 486 1782 manum
512 1715 650 1782 serravit
676 1715 821 1781 incertus
846 1714 1085 1782 Grammaticus
1108 1715 1146 1781 cte
1169 1717 1266 1803 sortis
1285 1719 1461 1805 aoriptonm

280 1822 473 1909 compilatus
504 1841 520 1887 a
556 1819 721 1887 Clemente
754 1819 844 1889 Alex.
879 1821 998 1888 Stronr.
1028 1821 1083 1888 vi.
1119 1842 1149 1907 p.
1175 1827 1240 1888 740
1265 1822 1351 1890 Ρυῑῑ.
1382 1822 1462 1889 anti

282 1927 465 2006 Θουκυδίδης
490 1929 521 1992 ἐν
548 1935 619 1999 ταῖς
651 1926 793 2008 ῖςορίαις·
826 1926 959 1994 Είύὐαοι
984 1926 1015 1994 δὲ
1037 1929 1063 1993 οῖ
1086 1927 1194 1994 πολλοὶ
1219 1935 1277 1995 τῶν
1298 1930 1461 2012 ὐνύρύποι,

280 2029 323 2108 οῖς
348 2033 387 2100 διν
409 2032 533 2112 μοίλιςα
557 2032 610 2097 καί
642 2031 678 2098 δι’
703 2033 855 2116 ἐλαχίςον
884 2033 1109 2120 ὐπροοδίκκτος
1133 2035 1293 2116 εὐπραΓία
1316 2035 1407 2120 ἔλθῃ,
1428 2036 1461 2108 είς

281 2135 369 2222 ὐβριυ
388 2139 568 2222 τρίπεοίαι,
594 2138 649 2225 qui
675 2139 706 2204 in
732 2140 869 2206 caeteris
888 2159 1002 2206 errans
1022 2141 1182 2223 εὐπραγία
1201 2149 1289 2209 certe
1313 2142 1461 2208 intactum

282 2246 432 2312 serravit.
481 2243 600 2313 Eadem
625 2263 721 2333 opera
742 2245 868 2330 corrige
889 2245 913 2311 i.
939 2251 993 2314 55.
1014 2247 1063 2321 τίς
1086 2244 1241 2328 εὐπραξία
1264 2247 1461 2329 παλαιοτέροις

327 2352 401 2419 Post
421 2371 522 2440 pauca
545 2351 639 2418 nnice
663 2369 773 2418 verum
795 2361 845 2419 est
863 2353 958 2432 μηδὲν
979 2351 1207 2436 διαφερίυτίλο
1229 2358 1288 2418 τῶν
1312 2351 1462 2420 ἄλλαν-

280 2459 464 2539 τετιμῆοὐαι
488 2478 546 2545 pro
569 2457 803 2541 διαφίροντΛΟ,
829 2466 898 2524 tum
924 2457 1020 2525 scrib.
1046 2457 1168 2543 πέφυκε
1187 2457 1461 2543 γὰρ-ἅνθρωποι

265 2580 339 2651 'pro
362 2562 534 2648 ἄνθρωπος,
559 2572 591 2631 ei
614 2565 822 2631 κολαούίιταυ
848 2585 904 2652 pro
927 2567 1177 2643 κολαούὐτυταν.

327 2671 363 2737 in
390 2671 452 2739 ime
475 2691 544 2758 cap.
569 2663 600 2736 ὐν
622 2671 729 2754 χρίνον
751 2680 814 2744 τοῖς
838 2676 888 2737 νῦν
911 2671 1092 2748 καύεςκκύοι
1118 2671 1166 2737 δεῖ
1187 2671 1305 2756 ἐχύροῖς
1326 2673 1461 2742 οῖνύίςαο·

242 2781 246 2790 ’
281 2778 328 2844 aa
352 2785 415 2852 τοῖς
438 2778 555 2851 οίκείοις
578 2775 759 2858 ξυμμάχοις
784 2778 1018 2856 πολεμήσομεν,
1045 2777 1113 2865 ipsa
1146 2778 1190 2843 rei
1225 2787 1343 2845 natura
1367 2777 1462 2864 requi-

281 2884 323 2950 rit
343 2883 430 2950 Ἔδει
457 2903 512 2971 pro
531 2884 594 2956 δεῖ,
622 2883 796 2970 oportebat,
823 2882 876 2949 sed
901 2881 969 2950 fieri
997 2903 1057 2949 non
1082 2891 1207 2970 potest,
1233 2891 1269 2950 ut
1293 2884 1324 2950 in
1351 2883 1420 2951 iiio:

374 2987 427 3074 ,ori
450 2993 485 3069 μ’
509 2992 632 3072 ἐχρῆν
655 2989 737 3071 πυρὸν
760 2989 906 3071 πρίαούαι
929 2993 1013 3056 τούπ’
1036 2991 1139 3073 ίφλιδν
1160 2989 1359 3073 ἀπέρχομαι.

327 3093 472 3184 Thucyd.
495 3094 550 3160 ίΙί.
576 3100 630 3162 40.
655 3096 716 3176 4χύ
748 3096 805 3174 μὲν
836 3089 961 3162 οὖνκαὶ
985 3095 1056 3162 τότε
1085 3096 1228 3185 [πρῶτον]
1255 3097 1307 3162 καί
1330 3097 1464 3163 υύνδια·

279 3200 430 3282 μιίχομαι
453 3201 498 3279 μὴ
523 3209 722 3282 μεταγνῶναι
744 3202 827 3280 ὐμοῖς
851 3201 894 3267 τύ
912 3202 1150 3284 προδεδογμένα.
1190 3201 1309 3269 Vitiose
1327 3199 1464 3270 abundat

280 3312 405 3388 πρῶτον.
431 3305 501 3373 ttici
523 3315 626 3394 potest
646 3308 698 3374 καί
717 3308 752 3374 τύ
773 3314 888 3389 πρῶτον
901 3309 954 3374 καὶ
974 3313 1044 3388 νῦν,
1060 3307 1116 3376 sed
1136 3309 1282 3376 animose
1308 3307 1463 3381 dicebant,

281 3419 317 3478 ut
348 3411 431 3498 apud
464 3412 709 3481 Demosthenem
741 3421 790 3480 est
822 3414 860 3479 de
894 3414 1012 3481 Corona
1037 3435 1067 3501 p.
1090 3418 1168 3494 056,
1197 3418 1237 3481 t:
1266 3414 1338 3496 ὑπὲρ
1362 3410 1396 3480 οὐ
1418 3408 1464 3477 καί

278 3517 351 3586 τότε
375 3518 426 3585 καί
452 3524 502 3586 νῦν
525 3521 577 3585 καί
603 3518 652 3585 aet
672 3520 815 3598 ὁμολογῶ
839 3528 989 3598 πολεμεῖν
1012 3518 1142 3592 τούτοις.

325 3625 471 3716 Thucyd.
498 3625 553 3692 tit.
588 3629 631 3692 40
662 3623 759 3690 scrib.
791 3625 862 3707 πρὸς
888 3624 922 3690 τὸ
947 3625 1128 3707 παραυτίκα
1155 3644 1212 3711 pro
1235 3624 1270 3690 τὸ
1295 3623 1391 3708 παρδν
1414 3623 1465 3688 αὐ·

278 3732 368 3808 τίκα,
389 3742 420 3799 et
438 3732 646 3816 παράδειγμα
662 3731 765 3814 σαφὲς
784 3733 990 3808 καταςιὶοατε
1009 3734 1048 3805 ὥς
1069 3725 1100 3805 ta
1116 3729 1326 3813 ῖινύΦιςιῖται
1353 3726 1464 3804 ὐαυύτς

280 3835 524 3918 ζκμιιοοίμενου,
549 3838 603 3904 ubi
628 3838 723 3924 vuigo
747 3839 785 3910 ὐς
820 3848 894 3902 ante
925 3833 956 3912 ῖς
988 3839 1142 3905 omissum
1170 3845 1232 3903 est.
1281 3833 1464 3902 Simiiiinms

279 3953 326 4009 est
359 3945 449 4010 iocus
483 3944 625 4010 Platonis
656 3944 694 4010 ric
725 3943 800 4031 ch.
836 3943 888 4010 lv,
925 3963 956 4029 ρ.
985 3947 1061 4011 tao.
1096 3964 1125 4011 c.
1151 3944 1386 4024 προαγορεύουσι
1409 3943 1464 4007 τοῖι

278 4049 423 4123 πολίταις
446 4052 501 4126 τὴν
525 4049 702 4122 κατοῖςαοιν
732 4059 788 4126 τῆς
822 4049 941 4126 πύλειος
964 4052 1010 4131 μὴ
1034 4058 1125 4118 κινεῖν
1148 4051 1186 4123 ιύς
1212 4045 1463 4127 οῖπούανουμένους

279 4152 311 4231 ὃς
334 4155 373 4222 ev
394 4161 485 4222 τοῦτο
510 4157 576 4241 δρᾷ.

323 4261 469 4350 Thucyd.
495 4261 553 4329 tit.
583 4266 636 4328 46.
658 4268 780 4328 πολλῶν
804 4260 961 4329 ὐανοίτΟΤ
985 4261 1085 4344 ζημία
1109 4260 1285 4344 πρόκειται,
1308 4267 1415 4326 certus
1437 4259 1464 4319 et

277 4377 454 4456 perpetuus
471 4366 598 4435 dicendi
618 4387 696 4434 usus
715 4367 857 4454 postulat
878 4378 913 4437 ut
932 4369 1087 4436 ίοίνατοο
1101 4367 1289 4446 scribatur,
1309 4374 1343 4432 ut
1363 4359 1461 4452 pantio

279 4483 353 4540 ante
378 4493 448 4562 cap.
474 4479 529 4541 44.
553 4471 682 4538 ὐοίνατον
706 4471 820 4553 ζαμίαν
844 4476 1012 4557 προύεῖπιν,
1037 4483 1069 4544 et
1092 4474 1281 4561 saepissime
1305 4469 1390 4540 attii.
