<?xml version="1.0" encoding="UTF-8"?>
<!DOCTYPE html PUBLIC "-//W3C//DTD XHTML 1.0 Transitional//EN"
    "http://www.w3.org/TR/xhtml1/DTD/xhtml1-transitional.dtd">
<html xmlns="http://www.w3.org/1999/xhtml" xml:lang="en" lang="en">
 <head>
  <title>
</title>
<meta http-equiv="Content-Type" content="text/html;charset=utf-8" />
  <meta name='ocr-system' content='tesseract 3.04.00' />
  <meta name='ocr-capabilities' content='ocr_page ocr_carea ocr_par ocr_line ocrx_word'/>
</head>
<body>
  <div class='ocr_page' id='page_1' title='image "./variaelectiones04cobegoog_0208.png"; bbox 0 0 3150 4972; ppageno 0'>
   <div class='ocr_carea' id='block_1_1' title="bbox 0 1181 2 1690">
    <p class='ocr_par' dir='ltr' id='par_1_1' title="bbox 0 1181 2 1690">
     <span class='ocr_line' id='line_1_1' title="bbox 0 1181 2 1690; baseline 0 0"><span class='ocrx_word' id='word_1_1' title='bbox 0 1181 2 1690; x_wconf 95' lang='lat' dir='ltr'><strong> </strong></span> 
     </span>
    </p>
   </div>
   <div class='ocr_carea' id='block_1_2' title="bbox 752 383 824 457">
    <p class='ocr_par' dir='ltr' id='par_1_2' title="bbox 752 383 824 457">
     <span class='ocr_line' id='line_1_2' title="bbox 752 383 824 457; baseline 0.028 -2"><span class='ocrx_word' id='word_1_2' title='bbox 752 383 824 457; x_wconf 82' lang='lat' dir='ltr'><strong>lot</strong></span> 
     </span>
    </p>
   </div>
   <div class='ocr_carea' id='block_1_3' title="bbox 192 531 1387 666">
    <p class='ocr_par' dir='ltr' id='par_1_3' title="bbox 192 531 1387 666">
     <span class='ocr_line' id='line_1_3' title="bbox 192 531 1387 666; baseline -0.004 -21"><span class='ocrx_word' id='word_1_3' title='bbox 192 602 251 653; x_wconf 87' lang='grc' dir='ltr'><strong>σας</strong></span> <span class='ocrx_word' id='word_1_4' title='bbox 284 579 317 643; x_wconf 92' lang='lat' dir='ltr'><strong>in</strong></span> <span class='ocrx_word' id='word_1_5' title='bbox 351 574 442 644; x_wconf 80' lang='lat' dir='ltr'><strong>libris</strong></span> <span class='ocrx_word' id='word_1_6' title='bbox 471 579 519 647; x_wconf 91' lang='lat' dir='ltr'><strong>sic</strong></span> <span class='ocrx_word' id='word_1_7' title='bbox 552 585 589 645; x_wconf 91' lang='lat' dir='ltr'><strong>ut</strong></span> <span class='ocrx_word' id='word_1_8' title='bbox 613 531 750 660; x_wconf 60' lang='grc' dir='ltr'><strong><em>δοκομαέ</em></strong></span> <span class='ocrx_word' id='word_1_9' title='bbox 767 579 925 666; x_wconf 90' lang='lat' dir='ltr'><strong>scriptum</strong></span> <span class='ocrx_word' id='word_1_10' title='bbox 951 597 1022 647; x_wconf 86' lang='lat' dir='ltr'><strong>esse</strong></span> <span class='ocrx_word' id='word_1_11' title='bbox 1044 575 1209 642; x_wconf 85' lang='lat' dir='ltr'><strong>uideatur:</strong></span> <span class='ocrx_word' id='word_1_12' title='bbox 1234 595 1387 665; x_wconf 87' lang='lat' dir='ltr'><strong>compon-</strong></span> 
     </span>
    </p>
   </div>
   <div class='ocr_carea' id='block_1_4' title="bbox 189 683 1386 2463">
    <p class='ocr_par' dir='ltr' id='par_1_4' title="bbox 189 683 1386 2463">
     <span class='ocr_line' id='line_1_4' title="bbox 192 683 1386 773; baseline -0.001 -22"><span class='ocrx_word' id='word_1_13' title='bbox 192 683 282 751; x_wconf 88' lang='lat' dir='ltr'><strong>dium</strong></span> <span class='ocrx_word' id='word_1_14' title='bbox 321 694 367 751; x_wconf 91' lang='lat' dir='ltr'><strong>est</strong></span> <span class='ocrx_word' id='word_1_15' title='bbox 405 683 545 773; x_wconf 78' lang='lat' dir='ltr'>syllabae</span> <span class='ocrx_word' id='word_1_16' title='bbox 583 708 643 761; x_wconf 86' lang='grc' dir='ltr'><strong>ασ,</strong></span> <span class='ocrx_word' id='word_1_17' title='bbox 680 683 764 771; x_wconf 89' lang='lat' dir='ltr'><strong>quod</strong></span> <span class='ocrx_word' id='word_1_18' title='bbox 801 704 875 750; x_wconf 91' lang='lat' dir='ltr'><strong>curn</strong></span> <span class='ocrx_word' id='word_1_19' title='bbox 906 683 1111 772; x_wconf 89' lang='lat' dir='ltr'><strong>praecedeuti</strong></span> <span class='ocrx_word' id='word_1_20' title='bbox 1144 700 1252 747; x_wconf 85' lang='lat' dir='ltr'><strong>cuno</strong></span> <span class='ocrx_word' id='word_1_21' title='bbox 1276 689 1386 750; x_wconf 83' lang='lat' dir='ltr'><strong>teucro</strong></span> 
     </span>
     <span class='ocr_line' id='line_1_5' title="bbox 192 786 1383 877; baseline -0.004 -20"><span class='ocrx_word' id='word_1_22' title='bbox 192 789 408 877; x_wconf 87' lang='lat' dir='ltr'><strong>perscriptum</strong></span> <span class='ocrx_word' id='word_1_23' title='bbox 441 790 645 858; x_wconf 79' lang='lat' dir='ltr'><strong>strnttbmum</strong></span> <span class='ocrx_word' id='word_1_24' title='bbox 676 796 725 855; x_wconf 87' lang='lat' dir='ltr'><strong>est</strong></span> <span class='ocrx_word' id='word_1_25' title='bbox 757 787 885 856; x_wconf 78' lang='lat' dir='ltr'><strong>litterae</strong></span> <span class='ocrx_word' id='word_1_26' title='bbox 915 793 949 868; x_wconf 79' lang='lat' dir='ltr'><strong>d,</strong></span> <span class='ocrx_word' id='word_1_27' title='bbox 985 788 1069 856; x_wconf 89' lang='lat' dir='ltr'><strong>unde</strong></span> <span class='ocrx_word' id='word_1_28' title='bbox 1092 809 1109 855; x_wconf 88' lang='lat' dir='ltr'><strong>e</strong></span> <span class='ocrx_word' id='word_1_29' title='bbox 1132 786 1304 867; x_wconf 67' lang='grc' dir='ltr'><strong><em>δοκιμάσας</em></strong></span> <span class='ocrx_word' id='word_1_30' title='bbox 1327 807 1383 853; x_wconf 90' lang='lat' dir='ltr'><strong>na-</strong></span> 
     </span>
     <span class='ocr_line' id='line_1_6' title="bbox 191 893 1382 981; baseline -0.002 -20"><span class='ocrx_word' id='word_1_31' title='bbox 191 895 294 962; x_wconf 89' lang='lat' dir='ltr'><strong>scitur</strong></span> <span class='ocrx_word' id='word_1_32' title='bbox 328 897 522 974; x_wconf 74' lang='grc' dir='ltr'><strong><em>δοκομσσιεές</em></strong></span> <span class='ocrx_word' id='word_1_33' title='bbox 557 905 614 963; x_wconf 89' lang='lat' dir='ltr'><strong>aut</strong></span> <span class='ocrx_word' id='word_1_34' title='bbox 652 893 843 972; x_wconf 73' lang='grc' dir='ltr'><strong><em>δοκομασιέν.</em></strong></span> <span class='ocrx_word' id='word_1_35' title='bbox 890 894 959 962; x_wconf 87' lang='lat' dir='ltr'><strong>Non</strong></span> <span class='ocrx_word' id='word_1_36' title='bbox 993 905 1063 972; x_wconf 87' lang='lat' dir='ltr'><strong>cst,</strong></span> <span class='ocrx_word' id='word_1_37' title='bbox 1100 901 1135 960; x_wconf 87' lang='lat' dir='ltr'><strong>ut</strong></span> <span class='ocrx_word' id='word_1_38' title='bbox 1169 903 1264 981; x_wconf 87' lang='lat' dir='ltr'><strong>puto,</strong></span> <span class='ocrx_word' id='word_1_39' title='bbox 1299 893 1382 960; x_wconf 85' lang='lat' dir='ltr'><strong>eiius</strong></span> 
     </span>
     <span class='ocr_line' id='line_1_7' title="bbox 191 996 1384 1088; baseline -0.003 -21"><span class='ocrx_word' id='word_1_40' title='bbox 191 999 281 1067; x_wconf 85' lang='lat' dir='ltr'><strong>iocus</strong></span> <span class='ocrx_word' id='word_1_41' title='bbox 313 999 353 1066; x_wconf 89' lang='lat' dir='ltr'><strong>ad</strong></span> <span class='ocrx_word' id='word_1_42' title='bbox 385 999 417 1066; x_wconf 91' lang='lat' dir='ltr'><strong>id</strong></span> <span class='ocrx_word' id='word_1_43' title='bbox 445 998 731 1068; x_wconf 87' lang='lat' dir='ltr'><strong>demonstrandum</strong></span> <span class='ocrx_word' id='word_1_44' title='bbox 767 1000 870 1085; x_wconf 82' lang='lat' dir='ltr'><strong>magis</strong></span> <span class='ocrx_word' id='word_1_45' title='bbox 900 998 1034 1066; x_wconf 85' lang='lat' dir='ltr'><strong>idoneus</strong></span> <span class='ocrx_word' id='word_1_46' title='bbox 1061 1019 1157 1088; x_wconf 84' lang='lat' dir='ltr'><strong>quam</strong></span> <span class='ocrx_word' id='word_1_47' title='bbox 1182 1000 1238 1086; x_wconf 87' lang='lat' dir='ltr'><strong>qui</strong></span> <span class='ocrx_word' id='word_1_48' title='bbox 1263 996 1384 1084; x_wconf 76' lang='lat' dir='ltr'><strong>iegitur</strong></span> 
     </span>
     <span class='ocr_line' id='line_1_8' title="bbox 190 1103 1382 1195; baseline -0.003 -22"><span class='ocrx_word' id='word_1_49' title='bbox 190 1105 275 1192; x_wconf 83' lang='lat' dir='ltr'><strong>apud</strong></span> <span class='ocrx_word' id='word_1_50' title='bbox 299 1107 493 1176; x_wconf 77' lang='lat' dir='ltr'><strong>Catnttonstt</strong></span> <span class='ocrx_word' id='word_1_51' title='bbox 513 1128 543 1195; x_wconf 87' lang='lat' dir='ltr'><strong>p.</strong></span> <span class='ocrx_word' id='word_1_52' title='bbox 565 1112 627 1186; x_wconf 83' lang='grc'><strong>71,</strong></span> <span class='ocrx_word' id='word_1_53' title='bbox 658 1110 697 1174; x_wconf 84' lang='lat' dir='ltr'><strong>te</strong></span> <span class='ocrx_word' id='word_1_54' title='bbox 716 1106 834 1182; x_wconf 82' lang='grc' dir='ltr'><strong><em>ταύτην</em></strong></span> <span class='ocrx_word' id='word_1_55' title='bbox 852 1107 907 1182; x_wconf 72' lang='grc' dir='ltr'><strong>την</strong></span> <span class='ocrx_word' id='word_1_56' title='bbox 927 1105 1071 1183; x_wconf 69' lang='grc' dir='ltr'><strong>ἐπιτολὴν</strong></span> <span class='ocrx_word' id='word_1_57' title='bbox 1090 1103 1321 1190; x_wconf 75' lang='grc' dir='ltr'><strong>έδκκενὟγένςο</strong></span> <span class='ocrx_word' id='word_1_58' title='bbox 1336 1141 1382 1154; x_wconf 90' lang='lat'>-</span> 
     </span>
     <span class='ocr_line' id='line_1_9' title="bbox 190 1208 1383 1295; baseline -0.003 -17"><span class='ocrx_word' id='word_1_59' title='bbox 190 1213 448 1294; x_wconf 75' lang='lat' dir='ltr'><strong>accpcyupcrudaic</strong></span> <span class='ocrx_word' id='word_1_60' title='bbox 471 1214 555 1295; x_wconf 76' lang='grc' dir='ltr'><strong><em>αὐτῷ</em></strong></span> <span class='ocrx_word' id='word_1_61' title='bbox 579 1212 630 1278; x_wconf 75' lang='grc' dir='ltr'><strong>καὶ</strong></span> <span class='ocrx_word' id='word_1_62' title='bbox 656 1213 708 1278; x_wconf 79' lang='grc' dir='ltr'><strong>τὸν</strong></span> <span class='ocrx_word' id='word_1_63' title='bbox 731 1210 802 1278; x_wconf 74' lang='lat' dir='ltr'><strong>idaco</strong></span> <span class='ocrx_word' id='word_1_64' title='bbox 826 1208 934 1292; x_wconf 76' lang='grc' dir='ltr'><strong><em>έρυτα.</em></strong></span> <span class='ocrx_word' id='word_1_65' title='bbox 970 1212 1127 1280; x_wconf 81' lang='lat' dir='ltr'><strong>irascitur</strong></span> <span class='ocrx_word' id='word_1_66' title='bbox 1152 1210 1278 1282; x_wconf 81' lang='lat' dir='ltr'><strong>barsam</strong></span> <span class='ocrx_word' id='word_1_67' title='bbox 1302 1209 1383 1283; x_wconf 78' lang='lat' dir='ltr'><strong>[lon-</strong></span> 
     </span>
     <span class='ocr_line' id='line_1_10' title="bbox 191 1314 1381 1407; baseline 0.003 -26"><span class='ocrx_word' id='word_1_68' title='bbox 191 1338 307 1388; x_wconf 86' lang='lat' dir='ltr'><strong>vnarus</strong></span> <span class='ocrx_word' id='word_1_69' title='bbox 342 1341 373 1407; x_wconf 93' lang='lat' dir='ltr'><strong>p.</strong></span> <span class='ocrx_word' id='word_1_70' title='bbox 412 1323 495 1396; x_wconf 76' lang='lat'>405,</span> <span class='ocrx_word' id='word_1_71' title='bbox 527 1319 582 1405; x_wconf 86' lang='lat' dir='ltr'><strong>qui</strong></span> <span class='ocrx_word' id='word_1_72' title='bbox 616 1337 678 1386; x_wconf 87' lang='lat' dir='ltr'><strong>nou</strong></span> <span class='ocrx_word' id='word_1_73' title='bbox 710 1316 836 1384; x_wconf 89' lang='lat' dir='ltr'><strong>dederit</strong></span> <span class='ocrx_word' id='word_1_74' title='bbox 864 1315 1033 1385; x_wconf 87' lang='lat' dir='ltr'><strong>lectionem</strong></span> <span class='ocrx_word' id='word_1_75' title='bbox 1065 1314 1241 1402; x_wconf 76' lang='lat' dir='ltr'><strong>apographi</strong></span> <span class='ocrx_word' id='word_1_76' title='bbox 1280 1339 1381 1398; x_wconf 77' lang='grc' dir='ltr'><strong><em>σαςοο·</em></strong></span> 
     </span>
     <span class='ocr_line' id='line_1_11' title="bbox 189 1421 1381 1512; baseline 0 -22"><span class='ocrx_word' id='word_1_77' title='bbox 189 1425 397 1504; x_wconf 75' lang='grc' dir='ltr'><strong><em>γυμουσισές.</em></strong></span> <span class='ocrx_word' id='word_1_78' title='bbox 430 1443 527 1512; x_wconf 86' lang='lat' dir='ltr'><strong>quam</strong></span> <span class='ocrx_word' id='word_1_79' title='bbox 564 1421 642 1490; x_wconf 87' lang='lat' dir='ltr'><strong>benc</strong></span> <span class='ocrx_word' id='word_1_80' title='bbox 670 1423 819 1492; x_wconf 78' lang='lat' dir='ltr'><strong>Graecam</strong></span> <span class='ocrx_word' id='word_1_81' title='bbox 843 1442 914 1492; x_wconf 82' lang='lat' dir='ltr'><strong>esse</strong></span> <span class='ocrx_word' id='word_1_82' title='bbox 936 1431 968 1489; x_wconf 93' lang='lat' dir='ltr'><strong>et</strong></span> <span class='ocrx_word' id='word_1_83' title='bbox 996 1422 1177 1492; x_wconf 83' lang='lat' dir='ltr'><strong>Donvrtuus</strong></span> <span class='ocrx_word' id='word_1_84' title='bbox 1200 1421 1381 1490; x_wconf 74' lang='lat' dir='ltr'><strong>arbitratur</strong></span> 
     </span>
     <span class='ocr_line' id='line_1_12' title="bbox 190 1525 1380 1616; baseline -0.003 -18"><span class='ocrx_word' id='word_1_85' title='bbox 190 1539 223 1598; x_wconf 85' lang='lat' dir='ltr'><strong>et</strong></span> <span class='ocrx_word' id='word_1_86' title='bbox 255 1531 400 1606; x_wconf 79' lang='lat' dir='ltr'><strong>Rsrstuu</strong></span> <span class='ocrx_word' id='word_1_87' title='bbox 433 1528 473 1598; x_wconf 81' lang='lat' dir='ltr'><strong>ad</strong></span> <span class='ocrx_word' id='word_1_88' title='bbox 505 1527 536 1595; x_wconf 89' lang='lat' dir='ltr'><strong>b.</strong></span> <span class='ocrx_word' id='word_1_89' title='bbox 568 1527 588 1594; x_wconf 90' lang='grc' dir='ltr'><strong>Ι.</strong></span> <span class='ocrx_word' id='word_1_90' title='bbox 624 1530 679 1616; x_wconf 89' lang='lat' dir='ltr'><strong>qui</strong></span> <span class='ocrx_word' id='word_1_91' title='bbox 704 1525 835 1595; x_wconf 82' lang='lat' dir='ltr'><strong>scribit:</strong></span> <span class='ocrx_word' id='word_1_92' title='bbox 861 1528 1026 1614; x_wconf 81' lang='lat' dir='ltr'><strong>«quamuis</strong></span> <span class='ocrx_word' id='word_1_93' title='bbox 1047 1527 1193 1594; x_wconf 85' lang='lat' dir='ltr'><strong>usitatius</strong></span> <span class='ocrx_word' id='word_1_94' title='bbox 1215 1528 1256 1593; x_wconf 87' lang='lat' dir='ltr'><strong>ait</strong></span> <span class='ocrx_word' id='word_1_95' title='bbox 1279 1552 1380 1612; x_wconf 79' lang='lat' dir='ltr'><strong>rapa·</strong></span> 
     </span>
     <span class='ocr_line' id='line_1_13' title="bbox 190 1634 1381 1724; baseline -0.003 -20"><span class='ocrx_word' id='word_1_96' title='bbox 190 1635 380 1716; x_wconf 76' lang='grc' dir='ltr'><strong><em>γυςονυέεές,</em></strong></span> <span class='ocrx_word' id='word_1_97' title='bbox 410 1635 493 1724; x_wconf 76' lang='lat' dir='ltr'><strong>[ecci</strong></span> <span class='ocrx_word' id='word_1_98' title='bbox 515 1644 619 1700; x_wconf 85' lang='lat' dir='ltr'><strong>tamea</strong></span> <span class='ocrx_word' id='word_1_99' title='bbox 643 1642 742 1722; x_wconf 85' lang='lat' dir='ltr'><strong>potest</strong></span> <span class='ocrx_word' id='word_1_100' title='bbox 766 1672 798 1684; x_wconf 92' lang='lat'>-</span> <span class='ocrx_word' id='word_1_101' title='bbox 811 1635 940 1708; x_wconf 75' lang='grc' dir='ltr'><strong><em>υυσδοές.</em></strong></span> <span class='ocrx_word' id='word_1_102' title='bbox 967 1634 1084 1700; x_wconf 80' lang='lat' dir='ltr'><strong>Acrisii</strong></span> <span class='ocrx_word' id='word_1_103' title='bbox 1108 1634 1133 1708; x_wconf 86' lang='lat'><strong>1.</strong></span> <span class='ocrx_word' id='word_1_104' title='bbox 1154 1655 1239 1720; x_wconf 84' lang='lat' dir='ltr'><strong>poss.</strong></span> <span class='ocrx_word' id='word_1_105' title='bbox 1260 1654 1381 1722; x_wconf 77' lang='lat' dir='ltr'><strong>petoque</strong></span> 
     </span>
     <span class='ocr_line' id='line_1_14' title="bbox 191 1738 1382 1830; baseline -0.004 -17"><span class='ocrx_word' id='word_1_106' title='bbox 191 1744 288 1813; x_wconf 86' lang='lat' dir='ltr'><strong>uicem</strong></span> <span class='ocrx_word' id='word_1_107' title='bbox 324 1741 421 1808; x_wconf 86' lang='lat' dir='ltr'><strong>madii</strong></span> <span class='ocrx_word' id='word_1_108' title='bbox 451 1741 581 1818; x_wconf 84' lang='lat' dir='ltr'><strong>babeat,</strong></span> <span class='ocrx_word' id='word_1_109' title='bbox 610 1742 665 1830; x_wconf 84' lang='lat' dir='ltr'><strong>qui</strong></span> <span class='ocrx_word' id='word_1_110' title='bbox 693 1741 873 1828; x_wconf 80' lang='lat' dir='ltr'><strong>saepissima</strong></span> <span class='ocrx_word' id='word_1_111' title='bbox 895 1740 1074 1806; x_wconf 84' lang='lat' dir='ltr'><strong>aiteraaat”</strong></span> <span class='ocrx_word' id='word_1_112' title='bbox 1097 1759 1191 1806; x_wconf 85' lang='lat' dir='ltr'><strong>naara</strong></span> <span class='ocrx_word' id='word_1_113' title='bbox 1214 1749 1263 1806; x_wconf 86' lang='lat' dir='ltr'><strong>est</strong></span> <span class='ocrx_word' id='word_1_114' title='bbox 1288 1738 1382 1808; x_wconf 87' lang='lat' dir='ltr'><strong>bodie</strong></span> 
     </span>
     <span class='ocr_line' id='line_1_15' title="bbox 192 1843 1378 1920; baseline -0.001 -7"><span class='ocrx_word' id='word_1_115' title='bbox 192 1846 413 1920; x_wconf 86' lang='lat' dir='ltr'><strong>admonendus</strong></span> <span class='ocrx_word' id='word_1_116' title='bbox 437 1845 516 1912; x_wconf 88' lang='lat' dir='ltr'><strong>nihii</strong></span> <span class='ocrx_word' id='word_1_117' title='bbox 541 1867 610 1914; x_wconf 89' lang='lat' dir='ltr'><strong>esse</strong></span> <span class='ocrx_word' id='word_1_118' title='bbox 636 1847 667 1912; x_wconf 91' lang='lat' dir='ltr'><strong>ia</strong></span> <span class='ocrx_word' id='word_1_119' title='bbox 692 1844 743 1912; x_wconf 90' lang='lat' dir='ltr'><strong>his</strong></span> <span class='ocrx_word' id='word_1_120' title='bbox 762 1847 830 1911; x_wconf 87' lang='lat' dir='ltr'><strong>reri</strong></span> <span class='ocrx_word' id='word_1_121' title='bbox 852 1851 885 1912; x_wconf 90' lang='lat' dir='ltr'><strong>et</strong></span> <span class='ocrx_word' id='word_1_122' title='bbox 905 1847 1065 1912; x_wconf 80' lang='lat' dir='ltr'><strong>mirantur</strong></span> <span class='ocrx_word' id='word_1_123' title='bbox 1086 1865 1197 1915; x_wconf 90' lang='lat' dir='ltr'><strong>eorum</strong></span> <span class='ocrx_word' id='word_1_124' title='bbox 1219 1843 1378 1912; x_wconf 85' lang='lat' dir='ltr'><strong>confiden-</strong></span> 
     </span>
     <span class='ocr_line' id='line_1_16' title="bbox 193 1950 1380 2041; baseline 0.002 -23"><span class='ocrx_word' id='word_1_125' title='bbox 193 1954 293 2031; x_wconf 82' lang='lat' dir='ltr'><strong>tiam,</strong></span> <span class='ocrx_word' id='word_1_126' title='bbox 326 1953 381 2041; x_wconf 88' lang='lat' dir='ltr'><strong>qui</strong></span> <span class='ocrx_word' id='word_1_127' title='bbox 413 1951 452 2020; x_wconf 93' lang='lat' dir='ltr'><strong>de</strong></span> <span class='ocrx_word' id='word_1_128' title='bbox 482 1951 532 2019; x_wconf 92' lang='lat' dir='ltr'><strong>his</strong></span> <span class='ocrx_word' id='word_1_129' title='bbox 555 1951 650 2019; x_wconf 90' lang='lat' dir='ltr'><strong>rebus</strong></span> <span class='ocrx_word' id='word_1_130' title='bbox 674 1953 716 2028; x_wconf 85' lang='lat' dir='ltr'><strong>ita</strong></span> <span class='ocrx_word' id='word_1_131' title='bbox 743 1951 946 2028; x_wconf 77' lang='lat' dir='ltr'><strong>scribebant,</strong></span> <span class='ocrx_word' id='word_1_132' title='bbox 972 1952 1004 2016; x_wconf 89' lang='lat' dir='ltr'><strong>ia</strong></span> <span class='ocrx_word' id='word_1_133' title='bbox 1029 1950 1147 2038; x_wconf 90' lang='lat' dir='ltr'><strong>quibus</strong></span> <span class='ocrx_word' id='word_1_134' title='bbox 1170 1950 1263 2039; x_wconf 82' lang='lat' dir='ltr'><strong>piane</strong></span> <span class='ocrx_word' id='word_1_135' title='bbox 1286 1961 1380 2020; x_wconf 88' lang='lat' dir='ltr'><strong>erant</strong></span> 
     </span>
     <span class='ocr_line' id='line_1_17' title="bbox 192 2055 1379 2145; baseline -0.004 -17"><span class='ocrx_word' id='word_1_136' title='bbox 192 2057 344 2145; x_wconf 71' lang='lat' dir='ltr'><strong>hospites</strong></span> <span class='ocrx_word' id='word_1_137' title='bbox 393 2057 562 2124; x_wconf 83' lang='lat' dir='ltr'><strong>Caeterum</strong></span> <span class='ocrx_word' id='word_1_138' title='bbox 596 2058 742 2125; x_wconf 69' lang='lat' dir='ltr'><strong>berarius</strong></span> <span class='ocrx_word' id='word_1_139' title='bbox 772 2055 881 2132; x_wconf 74' lang='grc' dir='ltr'><strong><em>ἄλλους</em></strong></span> <span class='ocrx_word' id='word_1_140' title='bbox 912 2059 943 2123; x_wconf 86' lang='grc' dir='ltr'><strong>έν</strong></span> <span class='ocrx_word' id='word_1_141' title='bbox 967 2056 1083 2130; x_wconf 74' lang='grc' dir='ltr'><strong><em>ἐσθλοῖς</em></strong></span> <span class='ocrx_word' id='word_1_142' title='bbox 1106 2056 1186 2124; x_wconf 72' lang='grc' dir='ltr'><strong><em>τόνδ’</em></strong></span> <span class='ocrx_word' id='word_1_143' title='bbox 1208 2059 1379 2125; x_wconf 76' lang='grc' dir='ltr'><strong><em>οέτκοέεῖτας</em></strong></span> 
     </span>
     <span class='ocr_line' id='line_1_18' title="bbox 190 2161 1381 2254; baseline 0.001 -24"><span class='ocrx_word' id='word_1_144' title='bbox 190 2164 308 2247; x_wconf 70' lang='grc' dir='ltr'><strong><em>ψόγον,</em></strong></span> <span class='ocrx_word' id='word_1_145' title='bbox 334 2163 505 2254; x_wconf 85' lang='lat' dir='ltr'><strong>plumbeus</strong></span> <span class='ocrx_word' id='word_1_146' title='bbox 529 2165 562 2229; x_wconf 90' lang='lat' dir='ltr'><strong>in</strong></span> <span class='ocrx_word' id='word_1_147' title='bbox 583 2164 829 2242; x_wconf 84' lang='lat' dir='ltr'><strong>Grammaticis,</strong></span> <span class='ocrx_word' id='word_1_148' title='bbox 849 2170 901 2242; x_wconf 89' lang='lat' dir='ltr'><strong>at,</strong></span> <span class='ocrx_word' id='word_1_149' title='bbox 927 2161 980 2228; x_wconf 90' lang='lat' dir='ltr'><strong>ubi</strong></span> <span class='ocrx_word' id='word_1_150' title='bbox 1002 2183 1079 2229; x_wconf 88' lang='lat' dir='ltr'><strong>sana</strong></span> <span class='ocrx_word' id='word_1_151' title='bbox 1100 2163 1225 2230; x_wconf 88' lang='lat' dir='ltr'><strong>ratione</strong></span> <span class='ocrx_word' id='word_1_152' title='bbox 1240 2173 1381 2234; x_wconf 85' lang='lat' dir='ltr'><strong>etaautc</strong></span> 
     </span>
     <span class='ocr_line' id='line_1_19' title="bbox 192 2267 1382 2357; baseline 0.001 -21"><span class='ocrx_word' id='word_1_153' title='bbox 192 2269 313 2336; x_wconf 86' lang='lat' dir='ltr'><strong>iudicio</strong></span> <span class='ocrx_word' id='word_1_154' title='bbox 346 2290 397 2336; x_wconf 89' lang='lat' dir='ltr'><strong>res</strong></span> <span class='ocrx_word' id='word_1_155' title='bbox 428 2267 566 2336; x_wconf 88' lang='lat' dir='ltr'><strong>obtineri</strong></span> <span class='ocrx_word' id='word_1_156' title='bbox 596 2277 720 2357; x_wconf 88' lang='lat' dir='ltr'><strong>potest,</strong></span> <span class='ocrx_word' id='word_1_157' title='bbox 746 2288 840 2356; x_wconf 87' lang='lat' dir='ltr'><strong>saepe</strong></span> <span class='ocrx_word' id='word_1_158' title='bbox 866 2267 1125 2355; x_wconf 82' lang='lat' dir='ltr'><strong>incomparabilis</strong></span> <span class='ocrx_word' id='word_1_159' title='bbox 1148 2277 1181 2336; x_wconf 91' lang='lat' dir='ltr'><strong>et</strong></span> <span class='ocrx_word' id='word_1_160' title='bbox 1204 2278 1269 2336; x_wconf 89' lang='lat' dir='ltr'><strong>tarn</strong></span> <span class='ocrx_word' id='word_1_161' title='bbox 1295 2271 1382 2357; x_wconf 80' lang='lat' dir='ltr'><strong>iugc·</strong></span> 
     </span>
     <span class='ocr_line' id='line_1_20' title="bbox 193 2373 1382 2463; baseline 0.001 -21"><span class='ocrx_word' id='word_1_162' title='bbox 193 2377 302 2442; x_wconf 88' lang='lat' dir='ltr'><strong>niosus</strong></span> <span class='ocrx_word' id='word_1_163' title='bbox 325 2395 421 2463; x_wconf 86' lang='lat' dir='ltr'><strong>quarn</strong></span> <span class='ocrx_word' id='word_1_164' title='bbox 449 2373 533 2441; x_wconf 85' lang='lat' dir='ltr'><strong>ieiix.</strong></span> <span class='ocrx_word' id='word_1_165' title='bbox 560 2375 594 2441; x_wconf 83' lang='lat' dir='ltr'><strong>ln</strong></span> <span class='ocrx_word' id='word_1_166' title='bbox 615 2375 797 2442; x_wconf 83' lang='lat' dir='ltr'><strong>Gaaurrunts</strong></span> <span class='ocrx_word' id='word_1_167' title='bbox 817 2373 926 2442; x_wconf 88' lang='lat' dir='ltr'><strong>codice</strong></span> <span class='ocrx_word' id='word_1_168' title='bbox 947 2376 1061 2453; x_wconf 87' lang='lat' dir='ltr'><strong>unico,</strong></span> <span class='ocrx_word' id='word_1_169' title='bbox 1085 2394 1179 2463; x_wconf 86' lang='lat' dir='ltr'><strong>quem</strong></span> <span class='ocrx_word' id='word_1_170' title='bbox 1202 2373 1382 2443; x_wconf 80' lang='lat' dir='ltr'><strong>Florentiae</strong></span> 
     </span>
    </p>
   </div>
   <div class='ocr_carea' id='block_1_5' title="bbox 176 2467 1386 4487">
    <p class='ocr_par' dir='ltr' id='par_1_5' title="bbox 176 2467 1386 4487">
     <span class='ocr_line' id='line_1_21' title="bbox 192 2467 1381 2584; baseline 0.003 -20"><span class='ocrx_word' id='word_1_171' title='bbox 192 2497 365 2584; x_wconf 73' lang='lat' dir='ltr'><strong>diiigenter</strong></span> <span class='ocrx_word' id='word_1_172' title='bbox 390 2497 538 2573; x_wconf 85' lang='lat' dir='ltr'><strong>excussi,</strong></span> <span class='ocrx_word' id='word_1_173' title='bbox 563 2496 720 2582; x_wconf 85' lang='lat' dir='ltr'><strong>scripturn</strong></span> <span class='ocrx_word' id='word_1_174' title='bbox 741 2505 790 2563; x_wconf 89' lang='lat' dir='ltr'><strong>est</strong></span> <span class='ocrx_word' id='word_1_175' title='bbox 809 2467 1031 2577; x_wconf 59' lang='grc' dir='ltr'><strong><em>ταραγυμνώέ</em></strong></span> <span class='ocrx_word' id='word_1_176' title='bbox 1039 2497 1060 2561; x_wconf 90' lang='lat' dir='ltr'><strong>i.</strong></span> <span class='ocrx_word' id='word_1_177' title='bbox 1073 2516 1100 2562; x_wconf 89' lang='lat' dir='ltr'><strong>e.</strong></span> <span class='ocrx_word' id='word_1_178' title='bbox 1115 2499 1381 2579; x_wconf 75' lang='grc' dir='ltr'><strong><em>ταραγυμνώσας.</em></strong></span> 
     </span>
     <span class='ocr_line' id='line_1_22' title="bbox 193 2601 1379 2691; baseline 0.002 -22"><span class='ocrx_word' id='word_1_179' title='bbox 193 2602 282 2691; x_wconf 78' lang='lat' dir='ltr'><strong>Apud</strong></span> <span class='ocrx_word' id='word_1_180' title='bbox 309 2603 446 2670; x_wconf 83' lang='lat' dir='ltr'><strong>Paorrun</strong></span> <span class='ocrx_word' id='word_1_181' title='bbox 471 2602 590 2687; x_wconf 84' lang='lat' dir='ltr'><strong>iegitur</strong></span> <span class='ocrx_word' id='word_1_182' title='bbox 611 2602 733 2675; x_wconf 78' lang='lat' dir='ltr'><strong>cicdsic:</strong></span> <span class='ocrx_word' id='word_1_183' title='bbox 757 2602 927 2678; x_wconf 73' lang='grc' dir='ltr'><strong>εἰκασθεὶς,</strong></span> <span class='ocrx_word' id='word_1_184' title='bbox 953 2601 1128 2681; x_wconf 70' lang='grc' dir='ltr'><strong><em>ὑπολαβών.</em></strong></span> <span class='ocrx_word' id='word_1_185' title='bbox 1153 2611 1184 2668; x_wconf 89' lang='lat' dir='ltr'><strong>et</strong></span> <span class='ocrx_word' id='word_1_186' title='bbox 1209 2602 1293 2690; x_wconf 93' lang='lat' dir='ltr'><strong>apud</strong></span> <span class='ocrx_word' id='word_1_187' title='bbox 1319 2603 1379 2671; x_wconf 86' lang='lat' dir='ltr'><strong>Ha·</strong></span> 
     </span>
     <span class='ocr_line' id='line_1_23' title="bbox 194 2705 1381 2788; baseline 0 -12"><span class='ocrx_word' id='word_1_188' title='bbox 194 2729 323 2776; x_wconf 82' lang='lat' dir='ltr'><strong>sructura</strong></span> <span class='ocrx_word' id='word_1_189' title='bbox 336 2709 458 2782; x_wconf 75' lang='lat' dir='ltr'><strong>uiciate:</strong></span> <span class='ocrx_word' id='word_1_190' title='bbox 485 2707 677 2788; x_wconf 79' lang='grc' dir='ltr'><strong>αισιδμενος,</strong></span> <span class='ocrx_word' id='word_1_191' title='bbox 701 2708 872 2783; x_wconf 67' lang='grc' dir='ltr'><strong>εἰκασθείς,</strong></span> <span class='ocrx_word' id='word_1_192' title='bbox 896 2705 1000 2786; x_wconf 74' lang='grc' dir='ltr'><strong><em>δέξας.</em></strong></span> <span class='ocrx_word' id='word_1_193' title='bbox 1025 2706 1134 2774; x_wconf 84' lang='lat' dir='ltr'><strong>Glossa</strong></span> <span class='ocrx_word' id='word_1_194' title='bbox 1150 2716 1197 2773; x_wconf 87' lang='lat' dir='ltr'><strong>est</strong></span> <span class='ocrx_word' id='word_1_195' title='bbox 1212 2707 1381 2776; x_wconf 86' lang='lat' dir='ltr'><strong>Homerica</strong></span> 
     </span>
     <span class='ocr_line' id='line_1_24' title="bbox 192 2811 1379 2898; baseline 0.002 -20"><span class='ocrx_word' id='word_1_196' title='bbox 192 2833 229 2880; x_wconf 80' lang='lat' dir='ltr'><strong>ex</strong></span> <span class='ocrx_word' id='word_1_197' title='bbox 262 2813 357 2880; x_wconf 80' lang='lat' dir='ltr'><strong>ttioa.</strong></span> <span class='ocrx_word' id='word_1_198' title='bbox 389 2824 413 2881; x_wconf 92' lang='lat'><strong>1.</strong></span> <span class='ocrx_word' id='word_1_199' title='bbox 444 2821 509 2881; x_wconf 78' lang='lat'><strong>453</strong></span> <span class='ocrx_word' id='word_1_200' title='bbox 541 2814 643 2894; x_wconf 74' lang='lat' dir='ltr'><strong>accip</strong></span> <span class='ocrx_word' id='word_1_201' title='bbox 667 2812 693 2878; x_wconf 72' lang='grc' dir='ltr'><strong>δ’</strong></span> <span class='ocrx_word' id='word_1_202' title='bbox 717 2813 789 2891; x_wconf 73' lang='grc' dir='ltr'><strong>ἐμὸς</strong></span> <span class='ocrx_word' id='word_1_203' title='bbox 813 2811 916 2878; x_wconf 74' lang='grc' dir='ltr'><strong><em>αὐτίκ’</em></strong></span> <span class='ocrx_word' id='word_1_204' title='bbox 939 2811 1047 2884; x_wconf 78' lang='lat' dir='ltr'><strong>di&#39;cdeic</strong></span> <span class='ocrx_word' id='word_1_205' title='bbox 1072 2813 1183 2878; x_wconf 76' lang='grc' dir='ltr'><strong><em>Πολλοὶ</em></strong></span> <span class='ocrx_word' id='word_1_206' title='bbox 1204 2817 1379 2898; x_wconf 78' lang='grc' dir='ltr'><strong><em>κατηροῖτο,</em></strong></span> 
     </span>
     <span class='ocr_line' id='line_1_25' title="bbox 193 2916 1379 3006; baseline 0.003 -22"><span class='ocrx_word' id='word_1_207' title='bbox 193 2929 224 2985; x_wconf 89' lang='lat' dir='ltr'><strong>et</strong></span> <span class='ocrx_word' id='word_1_208' title='bbox 259 2939 314 3006; x_wconf 93' lang='lat' dir='ltr'><strong>pro</strong></span> <span class='ocrx_word' id='word_1_209' title='bbox 338 2920 488 2995; x_wconf 71' lang='lat' dir='ltr'><strong>ciceastria</strong></span> <span class='ocrx_word' id='word_1_210' title='bbox 513 2918 648 2986; x_wconf 87' lang='lat' dir='ltr'><strong>eurenda</strong></span> <span class='ocrx_word' id='word_1_211' title='bbox 677 2917 817 2993; x_wconf 70' lang='grc' dir='ltr'><strong><em>εἰκάσας.</em></strong></span> <span class='ocrx_word' id='word_1_212' title='bbox 843 2917 964 2984; x_wconf 85' lang='lat' dir='ltr'><strong>uidebis</strong></span> <span class='ocrx_word' id='word_1_213' title='bbox 988 2916 1172 2984; x_wconf 88' lang='lat' dir='ltr'><strong>huiusmodi</strong></span> <span class='ocrx_word' id='word_1_214' title='bbox 1196 2938 1322 2987; x_wconf 87' lang='lat' dir='ltr'><strong>errores</strong></span> <span class='ocrx_word' id='word_1_215' title='bbox 1346 2921 1379 2988; x_wconf 93' lang='lat' dir='ltr'><strong>in</strong></span> 
     </span>
     <span class='ocr_line' id='line_1_26' title="bbox 193 3022 1381 3112; baseline 0.004 -22"><span class='ocrx_word' id='word_1_216' title='bbox 193 3022 353 3110; x_wconf 78' lang='lat' dir='ltr'><strong>farragine</strong></span> <span class='ocrx_word' id='word_1_217' title='bbox 371 3024 625 3112; x_wconf 89' lang='lat' dir='ltr'><strong>discrepantium</strong></span> <span class='ocrx_word' id='word_1_218' title='bbox 648 3024 885 3111; x_wconf 85' lang='lat' dir='ltr'><strong>scripturarum</strong></span> <span class='ocrx_word' id='word_1_219' title='bbox 898 3043 992 3110; x_wconf 81' lang='lat' dir='ltr'><strong>saepe</strong></span> <span class='ocrx_word' id='word_1_220' title='bbox 1005 3024 1152 3089; x_wconf 86' lang='lat' dir='ltr'><strong>anrrctari</strong></span> <span class='ocrx_word' id='word_1_221' title='bbox 1166 3076 1173 3102; x_wconf 84' lang='lat'><strong>‚</strong></span> <span class='ocrx_word' id='word_1_222' title='bbox 1200 3045 1263 3112; x_wconf 83' lang='lat' dir='ltr'><strong>quo</strong></span> <span class='ocrx_word' id='word_1_223' title='bbox 1277 3029 1381 3095; x_wconf 91' lang='lat' dir='ltr'><strong>tutius</strong></span> 
     </span>
     <span class='ocr_line' id='line_1_27' title="bbox 191 3129 1379 3218; baseline 0.003 -22"><span class='ocrx_word' id='word_1_224' title='bbox 191 3130 377 3197; x_wconf 87' lang='lat' dir='ltr'><strong>emendabis</strong></span> <span class='ocrx_word' id='word_1_225' title='bbox 407 3130 493 3197; x_wconf 86' lang='lat' dir='ltr'><strong>iocos</strong></span> <span class='ocrx_word' id='word_1_226' title='bbox 526 3129 677 3197; x_wconf 89' lang='lat' dir='ltr'><strong>similiter</strong></span> <span class='ocrx_word' id='word_1_227' title='bbox 710 3139 890 3216; x_wconf 89' lang='lat' dir='ltr'><strong>corruptos.</strong></span> <span class='ocrx_word' id='word_1_228' title='bbox 937 3130 1185 3218; x_wconf 87' lang='lat' dir='ltr'><strong>Nonnumquam</strong></span> <span class='ocrx_word' id='word_1_229' title='bbox 1216 3131 1321 3198; x_wconf 91' lang='lat' dir='ltr'><strong>scriba</strong></span> <span class='ocrx_word' id='word_1_230' title='bbox 1345 3134 1379 3200; x_wconf 89' lang='lat' dir='ltr'><strong>iu</strong></span> 
     </span>
     <span class='ocr_line' id='line_1_28' title="bbox 176 3236 1382 3317; baseline 0.003 -14"><span class='ocrx_word' id='word_1_231' title='bbox 176 3237 354 3304; x_wconf 51' lang='lat' dir='ltr'><strong>‘contraria</strong></span> <span class='ocrx_word' id='word_1_232' title='bbox 390 3244 540 3302; x_wconf 90' lang='lat' dir='ltr'><strong>currunt.</strong></span> <span class='ocrx_word' id='word_1_233' title='bbox 591 3237 737 3312; x_wconf 78' lang='lat' dir='ltr'><strong>Paorrus:</strong></span> <span class='ocrx_word' id='word_1_234' title='bbox 770 3236 924 3317; x_wconf 76' lang='grc' dir='ltr'><strong>ιςεφέεέςε</strong></span> <span class='ocrx_word' id='word_1_235' title='bbox 960 3237 1172 3316; x_wconf 59' lang='lat' dir='ltr'><strong>caesaraeae,</strong></span> <span class='ocrx_word' id='word_1_236' title='bbox 1208 3237 1273 3303; x_wconf 89' lang='lat' dir='ltr'><strong>imo</strong></span> <span class='ocrx_word' id='word_1_237' title='bbox 1307 3259 1382 3307; x_wconf 86' lang='lat' dir='ltr'><strong>uero</strong></span> 
     </span>
     <span class='ocr_line' id='line_1_29' title="bbox 192 3341 1379 3431; baseline 0.004 -24"><span class='ocrx_word' id='word_1_238' title='bbox 192 3343 419 3423; x_wconf 74' lang='grc' dir='ltr'><strong>έσοςεγασιεις.</strong></span> <span class='ocrx_word' id='word_1_239' title='bbox 470 3342 504 3408; x_wconf 84' lang='lat' dir='ltr'><strong>iu</strong></span> <span class='ocrx_word' id='word_1_240' title='bbox 538 3341 690 3408; x_wconf 81' lang='lat' dir='ltr'><strong>{tucamur</strong></span> <span class='ocrx_word' id='word_1_241' title='bbox 723 3341 786 3406; x_wconf 88' lang='lat' dir='ltr'><strong>cito</strong></span> <span class='ocrx_word' id='word_1_242' title='bbox 817 3341 1016 3430; x_wconf 71' lang='lat' dir='ltr'><strong>Pythoporoe</strong></span> <span class='ocrx_word' id='word_1_243' title='bbox 1041 3346 1058 3427; x_wconf 89' lang='lat'>§</span> <span class='ocrx_word' id='word_1_244' title='bbox 1086 3343 1379 3431; x_wconf 73' lang='lat' dir='ltr'><strong>recompendium</strong></span> 
     </span>
     <span class='ocr_line' id='line_1_30' title="bbox 192 3445 1379 3535; baseline 0.004 -21"><span class='ocrx_word' id='word_1_245' title='bbox 192 3447 424 3515; x_wconf 89' lang='lat' dir='ltr'><strong>eiusdemmodi</strong></span> <span class='ocrx_word' id='word_1_246' title='bbox 461 3446 544 3514; x_wconf 88' lang='lat' dir='ltr'><strong>male</strong></span> <span class='ocrx_word' id='word_1_247' title='bbox 580 3445 778 3514; x_wconf 85' lang='lat' dir='ltr'><strong>intetlectum</strong></span> <span class='ocrx_word' id='word_1_248' title='bbox 813 3447 853 3513; x_wconf 88' lang='lat' dir='ltr'><strong>ab</strong></span> <span class='ocrx_word' id='word_1_249' title='bbox 884 3448 943 3525; x_wconf 84' lang='lat' dir='ltr'><strong>iis,</strong></span> <span class='ocrx_word' id='word_1_250' title='bbox 976 3449 1031 3535; x_wconf 85' lang='lat' dir='ltr'><strong>qui</strong></span> <span class='ocrx_word' id='word_1_251' title='bbox 1063 3458 1203 3515; x_wconf 88' lang='lat' dir='ltr'><strong>ueterem</strong></span> <span class='ocrx_word' id='word_1_252' title='bbox 1236 3449 1379 3519; x_wconf 85' lang='lat' dir='ltr'><strong>codicem</strong></span> 
     </span>
     <span class='ocr_line' id='line_1_31' title="bbox 192 3551 1381 3644; baseline 0.004 -26"><span class='ocrx_word' id='word_1_253' title='bbox 192 3553 410 3620; x_wconf 77' lang='lat' dir='ltr'><strong>Florentinum</strong></span> <span class='ocrx_word' id='word_1_254' title='bbox 440 3553 514 3619; x_wconf 86' lang='lat' dir='ltr'><strong>oiim</strong></span> <span class='ocrx_word' id='word_1_255' title='bbox 540 3552 799 3639; x_wconf 87' lang='lat' dir='ltr'><strong>descripserunt,</strong></span> <span class='ocrx_word' id='word_1_256' title='bbox 825 3551 909 3620; x_wconf 90' lang='lat' dir='ltr'><strong>uude</strong></span> <span class='ocrx_word' id='word_1_257' title='bbox 933 3553 1075 3620; x_wconf 88' lang='lat' dir='ltr'><strong>manavit</strong></span> <span class='ocrx_word' id='word_1_258' title='bbox 1099 3563 1128 3620; x_wconf 88' lang='lat' dir='ltr'><strong>et</strong></span> <span class='ocrx_word' id='word_1_259' title='bbox 1156 3553 1283 3621; x_wconf 72' lang='lat' dir='ltr'><strong>Circaea</strong></span> <span class='ocrx_word' id='word_1_260' title='bbox 1306 3576 1381 3644; x_wconf 91' lang='lat' dir='ltr'><strong>apo-</strong></span> 
     </span>
     <span class='ocr_line' id='line_1_32' title="bbox 193 3657 1383 3748; baseline 0.002 -23"><span class='ocrx_word' id='word_1_261' title='bbox 193 3658 350 3747; x_wconf 85' lang='lat' dir='ltr'><strong>graphum</strong></span> <span class='ocrx_word' id='word_1_262' title='bbox 384 3667 415 3725; x_wconf 89' lang='lat' dir='ltr'><strong>et</strong></span> <span class='ocrx_word' id='word_1_263' title='bbox 446 3657 604 3748; x_wconf 85' lang='lat' dir='ltr'><strong>quidquid</strong></span> <span class='ocrx_word' id='word_1_264' title='bbox 634 3667 684 3724; x_wconf 89' lang='lat' dir='ltr'><strong>est</strong></span> <span class='ocrx_word' id='word_1_265' title='bbox 708 3657 983 3746; x_wconf 82' lang='lat' dir='ltr'><strong>apographorum,</strong></span> <span class='ocrx_word' id='word_1_266' title='bbox 1010 3658 1229 3746; x_wconf 89' lang='lat' dir='ltr'><strong>pessumdedit</strong></span> <span class='ocrx_word' id='word_1_267' title='bbox 1251 3659 1383 3746; x_wconf 78' lang='lat' dir='ltr'><strong>elegan-</strong></span> 
     </span>
     <span class='ocr_line' id='line_1_33' title="bbox 194 3764 1379 3852; baseline 0.003 -22"><span class='ocrx_word' id='word_1_268' title='bbox 194 3773 255 3831; x_wconf 88' lang='lat' dir='ltr'><strong>tern</strong></span> <span class='ocrx_word' id='word_1_269' title='bbox 292 3765 398 3832; x_wconf 89' lang='lat' dir='ltr'><strong>lacurn</strong></span> <span class='ocrx_word' id='word_1_270' title='bbox 433 3785 471 3832; x_wconf 85' lang='lat' dir='ltr'><strong>ex</strong></span> <span class='ocrx_word' id='word_1_271' title='bbox 507 3766 720 3842; x_wconf 78' lang='lat' dir='ltr'><strong>dursrcxsso,</strong></span> <span class='ocrx_word' id='word_1_272' title='bbox 758 3774 793 3829; x_wconf 93' lang='lat' dir='ltr'><strong>ut</strong></span> <span class='ocrx_word' id='word_1_273' title='bbox 832 3765 998 3852; x_wconf 88' lang='lat' dir='ltr'><strong>suspicor,</strong></span> <span class='ocrx_word' id='word_1_274' title='bbox 1034 3775 1192 3834; x_wconf 88' lang='lat' dir='ltr'><strong>sumtum.</strong></span> <span class='ocrx_word' id='word_1_275' title='bbox 1242 3764 1379 3833; x_wconf 79' lang='lat' dir='ltr'><strong>Editur:</strong></span> 
     </span>
     <span class='ocr_line' id='line_1_34' title="bbox 192 3865 1384 3960; baseline 0.003 -24"><span class='ocrx_word' id='word_1_276' title='bbox 192 3865 277 3937; x_wconf 75' lang='lat' dir='ltr'><strong>ciacc</strong></span> <span class='ocrx_word' id='word_1_277' title='bbox 318 3866 364 3936; x_wconf 76' lang='lat' dir='ltr'><strong>irc</strong></span> <span class='ocrx_word' id='word_1_278' title='bbox 406 3873 461 3948; x_wconf 79' lang='grc' dir='ltr'><strong>την</strong></span> <span class='ocrx_word' id='word_1_279' title='bbox 503 3871 594 3951; x_wconf 75' lang='lat' dir='ltr'><strong>ardum</strong></span> <span class='ocrx_word' id='word_1_280' title='bbox 633 3871 734 3937; x_wconf 81' lang='grc' dir='ltr'><strong><em>αὐτῶν</em></strong></span> <span class='ocrx_word' id='word_1_281' title='bbox 779 3867 966 3960; x_wconf 79' lang='lat' dir='ltr'><strong>(Crotonem)</strong></span> <span class='ocrx_word' id='word_1_282' title='bbox 1003 3873 1145 3938; x_wconf 73' lang='grc' dir='ltr'><strong><em>οἰκεῖσθαι</em></strong></span> <span class='ocrx_word' id='word_1_283' title='bbox 1181 3871 1384 3952; x_wconf 72' lang='grc' dir='ltr'><strong>συμβέβηκεν</strong></span> 
     </span>
     <span class='ocr_line' id='line_1_35' title="bbox 192 3971 1382 4058; baseline 0.003 -17"><span class='ocrx_word' id='word_1_284' title='bbox 192 3977 411 4058; x_wconf 79' lang='grc' dir='ltr'><strong><em>Ἡρακλέα,</em></strong></span> <span class='ocrx_word' id='word_1_285' title='bbox 445 3971 495 4042; x_wconf 71' lang='grc' dir='ltr'><strong>ὅτε</strong></span> <span class='ocrx_word' id='word_1_286' title='bbox 520 3977 579 4049; x_wconf 78' lang='grc' dir='ltr'><strong><em>τοὶς</em></strong></span> <span class='ocrx_word' id='word_1_287' title='bbox 602 3976 677 4056; x_wconf 83' lang='grc' dir='ltr'><strong><em>βοῦς</em></strong></span> <span class='ocrx_word' id='word_1_288' title='bbox 701 3977 752 4042; x_wconf 78' lang='grc' dir='ltr'><strong>δια</strong></span> <span class='ocrx_word' id='word_1_289' title='bbox 775 3983 831 4053; x_wconf 74' lang='grc' dir='ltr'><strong>τῆς</strong></span> <span class='ocrx_word' id='word_1_290' title='bbox 856 3976 998 4048; x_wconf 72' lang='lat' dir='ltr'><strong>&#39;trebiae</strong></span> <span class='ocrx_word' id='word_1_291' title='bbox 1023 3977 1172 4057; x_wconf 76' lang='grc' dir='ltr'><strong>ἤλαυνεν,</strong></span> <span class='ocrx_word' id='word_1_292' title='bbox 1199 3977 1257 4044; x_wconf 77' lang='grc' dir='ltr'><strong>ὑπὸ</strong></span> <span class='ocrx_word' id='word_1_293' title='bbox 1280 3989 1382 4045; x_wconf 85' lang='grc' dir='ltr'><strong><em>Λακι-</em></strong></span> 
     </span>
     <span class='ocr_line' id='line_1_36' title="bbox 192 4081 1384 4167; baseline 0.003 -19"><span class='ocrx_word' id='word_1_294' title='bbox 192 4083 252 4148; x_wconf 81' lang='grc' dir='ltr'><strong><em>νέου</em></strong></span> <span class='ocrx_word' id='word_1_295' title='bbox 286 4083 344 4162; x_wconf 81' lang='grc' dir='ltr'><strong>μέν</strong></span> <span class='ocrx_word' id='word_1_296' title='bbox 380 4081 593 4162; x_wconf 69' lang='grc' dir='ltr'><strong>ἀδικηθέντος,</strong></span> <span class='ocrx_word' id='word_1_297' title='bbox 630 4081 771 4164; x_wconf 72' lang='grc' dir='ltr'><strong><em>Κράτωνα</em></strong></span> <span class='ocrx_word' id='word_1_298' title='bbox 805 4082 837 4148; x_wconf 76' lang='grc' dir='ltr'><strong>δὲ</strong></span> <span class='ocrx_word' id='word_1_299' title='bbox 871 4081 1042 4161; x_wconf 75' lang='grc' dir='ltr'><strong><em>βοηθοῦντα</em></strong></span> <span class='ocrx_word' id='word_1_300' title='bbox 1073 4090 1128 4159; x_wconf 77' lang='grc' dir='ltr'><strong>τῆς</strong></span> <span class='ocrx_word' id='word_1_301' title='bbox 1158 4083 1265 4159; x_wconf 71' lang='grc' dir='ltr'><strong><em>νυκτὸς</em></strong></span> <span class='ocrx_word' id='word_1_302' title='bbox 1296 4086 1384 4167; x_wconf 60' lang='lat' dir='ltr'><strong>aaut</strong></span> 
     </span>
     <span class='ocr_line' id='line_1_37' title="bbox 192 4187 1383 4272; baseline 0.003 -20"><span class='ocrx_word' id='word_1_303' title='bbox 192 4188 246 4264; x_wconf 76' lang='grc' dir='ltr'><strong>την</strong></span> <span class='ocrx_word' id='word_1_304' title='bbox 270 4187 415 4268; x_wconf 73' lang='grc' dir='ltr'><strong>ἄγνοιαν,</strong></span> <span class='ocrx_word' id='word_1_305' title='bbox 439 4192 478 4262; x_wconf 74' lang='grc' dir='ltr'><strong>ὥς</strong></span> <span class='ocrx_word' id='word_1_306' title='bbox 499 4188 572 4256; x_wconf 72' lang='grc' dir='ltr'><strong><em>ὄντα</em></strong></span> <span class='ocrx_word' id='word_1_307' title='bbox 592 4195 651 4254; x_wconf 78' lang='grc' dir='ltr'><strong>τῶν</strong></span> <span class='ocrx_word' id='word_1_308' title='bbox 667 4187 840 4266; x_wconf 70' lang='grc' dir='ltr'><strong><em>πολεμίων,</em></strong></span> <span class='ocrx_word' id='word_1_309' title='bbox 865 4189 1097 4272; x_wconf 74' lang='grc' dir='ltr'><strong>διαφθείραντος</strong></span> <span class='ocrx_word' id='word_1_310' title='bbox 1116 4189 1168 4257; x_wconf 76' lang='grc' dir='ltr'><strong>καὶ</strong></span> <span class='ocrx_word' id='word_1_311' title='bbox 1180 4189 1266 4271; x_wconf 75' lang='grc' dir='ltr'><strong>μετὰ</strong></span> <span class='ocrx_word' id='word_1_312' title='bbox 1277 4195 1383 4257; x_wconf 80' lang='grc' dir='ltr'><strong><em>ταῦτα</em></strong></span> 
     </span>
     <span class='ocr_line' id='line_1_38' title="bbox 192 4293 1383 4380; baseline 0.002 -20"><span class='ocrx_word' id='word_1_313' title='bbox 192 4293 469 4375; x_wconf 58' lang='lat' dir='ltr'><strong>trapezunctus</strong></span> <span class='ocrx_word' id='word_1_314' title='bbox 503 4294 570 4376; x_wconf 79' lang='grc' dir='ltr'><strong>τερ)</strong></span> <span class='ocrx_word' id='word_1_315' title='bbox 606 4297 641 4361; x_wconf 81' lang='grc' dir='ltr'><strong>τὸ</strong></span> <span class='ocrx_word' id='word_1_316' title='bbox 676 4303 788 4375; x_wconf 73' lang='grc' dir='ltr'><strong><em>μνῆμα</em></strong></span> <span class='ocrx_word' id='word_1_317' title='bbox 819 4297 988 4375; x_wconf 74' lang='grc' dir='ltr'><strong><em>συνώνυμον</em></strong></span> <span class='ocrx_word' id='word_1_318' title='bbox 1019 4297 1119 4380; x_wconf 73' lang='lat' dir='ltr'><strong>dacica</strong></span> <span class='ocrx_word' id='word_1_319' title='bbox 1152 4297 1319 4364; x_wconf 72' lang='lat' dir='ltr'><strong>caracui</strong></span> <span class='ocrx_word' id='word_1_320' title='bbox 1326 4321 1383 4362; x_wconf 83' lang='grc' dir='ltr'><strong>σε·</strong></span> 
     </span>
     <span class='ocr_line' id='line_1_39' title="bbox 192 4399 1386 4487; baseline 0.003 -23"><span class='ocrx_word' id='word_1_321' title='bbox 192 4402 278 4468; x_wconf 72' lang='grc' dir='ltr'><strong>σθαι</strong></span> <span class='ocrx_word' id='word_1_322' title='bbox 311 4399 403 4466; x_wconf 74' lang='lat' dir='ltr'><strong>adnm</strong></span> <span class='ocrx_word' id='word_1_323' title='bbox 435 4399 532 4482; x_wconf 69' lang='grc' dir='ltr'><strong><em>ἄντες</em></strong></span> <span class='ocrx_word' id='word_1_324' title='bbox 559 4401 653 4475; x_wconf 75' lang='grc' dir='ltr'><strong><em>αὐτὸς</em></strong></span> <span class='ocrx_word' id='word_1_325' title='bbox 676 4401 827 4486; x_wconf 76' lang='grc' dir='ltr'><strong>μετοέσχη</strong></span> <span class='ocrx_word' id='word_1_326' title='bbox 850 4407 906 4476; x_wconf 74' lang='grc' dir='ltr'><strong>τῆς</strong></span> <span class='ocrx_word' id='word_1_327' title='bbox 928 4401 1110 4476; x_wconf 73' lang='grc' dir='ltr'><strong><em>οὶέανασέοος.</em></strong></span> <span class='ocrx_word' id='word_1_328' title='bbox 1134 4400 1191 4474; x_wconf 77' lang='lat' dir='ltr'><strong>c‘r‘ca</strong></span> <span class='ocrx_word' id='word_1_329' title='bbox 1214 4405 1269 4481; x_wconf 79' lang='lat' dir='ltr'><strong>riu</strong></span> <span class='ocrx_word' id='word_1_330' title='bbox 1291 4401 1386 4487; x_wconf 70' lang='grc' dir='ltr'><strong>χάριν</strong></span> 
     </span>
    </p>
   </div>
   <div class='ocr_carea' id='block_1_6' title="bbox 0 0 1580 4965">
    <p class='ocr_par' dir='ltr' id='par_1_6' title="bbox 0 0 1580 4965">
     <span class='ocr_line' id='line_1_40' title="bbox 0 0 1580 4965; baseline 0 0"><span class='ocrx_word' id='word_1_331' title='bbox 0 0 1580 4965; x_wconf 95' lang='lat' dir='ltr'><strong> </strong></span> 
     </span>
    </p>
   </div>
  </div>
 </body>
</html>
