3086 4974
656 329 729 403 479

96 526 220 594 omitti:
252 545 315 593 nou
346 536 442 596 erant
473 525 597 594 iudices
630 535 695 592 tam
723 523 868 593 obtirtosi
899 536 932 595 et
954 528 1084 616 scopus
1109 529 1141 594 in
1166 525 1286 598 iudicio

94 632 531 702 audiverantTIMAPXOC
558 634 785 700 ’ΛΡΙΖΗΛΟΤ
811 641 1046 715 curamue,
1072 632 1128 700 sed
1155 634 1287 702 ίυυίθυιιι

96 741 178 808 hanc
210 759 280 808 ease
309 739 461 809 dictitant
493 740 641 808 orationis
671 740 854 807 νύενίιιιοιιι.
901 739 989 808 iisto.
1039 741 1113 807 Post
1146 747 1285 828 quatuor

94 845 271 914 uersiculos
306 847 351 913 ita
389 847 509 934 pergit:
542 847 608 914 ίσεί
639 846 672 914 ii
701 847 754 914 καί
786 847 800 912 ί
830 847 988 931 Ἀρίζηλος
1011 845 1214 924 ἐτελεύτησεν
1245 850 1284 913 ‘0

93 961 321 1021 TtMAPxot·
352 963 549 1024 TOTTo'rt
582 961 739 1022 ΠΛΤΗΡ.
787 952 856 1020 Νοιι
880 963 929 1020 cst
953 953 1061 1021 heroic
1081 955 1144 1020 ieta
1168 953 1285 1020 oratio·

95 1060 147 1126 nis
176 1058 308 1127 ubertas
330 1059 399 1127 siue
422 1060 542 1139 tumeo,
575 1061 644 1126 siue
670 1058 935 1148 qualiscumque,
965 1058 1019 1127 sod
1044 1058 1156 1148 putida
1180 1067 1213 1125 ct
1235 1059 1286 1126 in·

96 1165 272 1234 tolerabitis
285 1165 476 1253 loquacitas,
493 1185 557 1233 non
575 1166 673 1234 Attici
694 1167 844 1244 oratoris,
865 1163 920 1234 sed
938 1167 1113 1254 garrientis
1129 1164 1287 1245 aniculae,

94 1274 129 1340 ού
151 1271 206 1340 καί
229 1272 277 1340 σοί
301 1272 399 1349 δοκεῖς
431 1273 581 1360 quisquis
612 1270 691 1338 hoec
724 1270 814 1359 tegis.
862 1271 896 1340 Si
931 1269 1011 1340 mihi
1043 1271 1103 1339 troc
1136 1271 1285 1353 dederis,

95 1377 263 1446 considera
286 1377 459 1466 diligenter
484 1377 515 1444 id
540 1376 624 1465 quod
651 1376 756 1465 punito
787 1386 862 1446 anto
885 1378 1008 1446 editur:
1033 1377 1218 1460 Ἀρίγνωτος
1240 1375 1285 1468 [ic

95 1484 141 1552 ἔτι
165 1483 218 1552 καί
244 1488 295 1551 νῦν
319 1485 380 1573 ἔτι]
413 1485 592 1568 πρεσβύτης
622 1481 844 1568 διεφθαρμένος
874 1489 944 1562 τοὺς
975 1486 1169 1572 ύφύαλμούς.
1216 1485 1286 1554 Non

96 1609 161 1658 una
185 1589 225 1658 dc
244 1610 342 1658 eausa
363 1591 534 1660 delendum
555 1600 605 1659 est
623 1588 656 1666 ὃς
674 1591 721 1658 ἔτι
741 1593 793 1659 καί
814 1597 865 1658 νύν
885 1594 959 1664 ίςιν.
994 1591 1094 1659 Unam
1110 1591 1282 1680 proteram:

93 1695 271 1764 Aesehinos
294 1698 362 1786 ipse
385 1696 542 1766 dixisset:
571 1694 604 1772 ίς
623 1696 668 1765 ίτι
692 1699 747 1764 καί
770 1704 821 1767 νῦν
844 1707 937 1782 zur,
963 1717 1026 1766 nou
1056 1699 1130 1770 ἕςίν.
1162 1697 1225 1765 vid.
1250 1697 1282 1764 in

94 1802 229 1891 dissipit.
256 1806 274 1890 §
301 1809 375 1873 159.

139 1909 222 1978 Sunt
255 1910 335 1978 traco
369 1910 451 1977 sutis
481 1909 667 1998 perspicua:
712 1909 795 1978 dabo
832 1909 878 1978 ἔτι
914 1912 1107 1995 ίνοιργίςερα.
1157 1909 1213 1979 Est
1251 1913 1283 1979 in

91 2017 237 2084 cretione
260 2017 299 2084 de
322 2015 421 2083 Falso
444 2015 654 2103 hepaticus
681 2023 723 2083 35
748 2016 1005 2086 additamentum
1032 2020 1191 2106 pertuepti
1217 2039 1283 2085 ma-

91 2123 213 2210 gisteiii
238 2132 305 2190 torn
330 2121 559 2201 menifestum,
592 2131 629 2189 ut
661 2124 823 2190 neminem
856 2123 935 2190 adeo
967 2123 1191 2192 καταπαύειν
1217 2125 1283 2192 vui·

92 2237 188 2316 gatae
219 2228 367 2296 iectionis
396 2223 594 2295 obstinatum
632 2225 832 2296 defensorem
864 2247 904 2297 oc
935 2230 1115 2310 uindicem,
1150 2241 1187 2299 nt
1219 2251 1282 2298 non

95 2353 183 2402 nuno
218 2333 348 2421 quidem
382 2336 505 2402 uictum
541 2355 577 2402 se
608 2333 749 2403 intuatur
783 2356 821 2402 nc
856 2355 973 2404 manus
1008 2337 1085 2412 dero
1121 2347 1283 2424 paratum.

95 2440 231 2508 Editur:
258 2437 296 2506 cir
321 2440 352 2507 δὲ
375 2440 536 2521 Ἀμύντας
559 2441 663 2518 cirico
688 2445 727 2510 '0
752 2451 960 2511 ΦΙΛΙΠΠΟΤ
984 2453 1128 2511 ΠΑΤΗΡ
1151 2446 1285 2513 ἐναντίον

93 2553 156 2614 τῶν
178 2548 332 2624 Ἑλλήνων
355 2547 502 2616 ύιισίντοιν
526 2550 558 2615 ού
586 2546 675 2627 μύνιν
698 2547 803 2629 λύγοις
826 2549 916 2616 ἀλλὰ
940 2549 994 2616 καί
1016 2551 1131 2634 ψήφῳ,
1155 2551 1285 2626 τούτων,

93 2650 174 2734 ἔφην
196 2653 275 2732 tre,
300 2653 335 2720 σί
357 2656 409 2722 τίν
433 2655 468 2733 ἐξ
490 2655 601 2722 ἐκείνου
624 2655 833 2735 γεγενημένον
857 2659 911 2724 ούκ
942 2653 988 2726 ἔτι
1012 2656 1126 2724 δίκαιον
1144 2659 1285 2724 ύντιιιοι·

90 2759 203 2826 είσύαι.
236 2745 343 2826 ¹Nunc
366 2768 415 2826 est
440 2779 541 2848 quum
566 2759 646 2827 ruihi
670 2759 742 2826 deri
767 2761 862 2827 ratim
888 2763 1099 2849 quantumuis
1122 2781 1230 2830 uorem
1252 2773 1286 2831 et

92 2865 291 2952 pertinacem
324 2865 565 2945 adversarium,
594 2865 770 2933 dummodo
803 2866 882 2935 beno
907 2869 1029 2936 Grnocc
1054 2869 1284 2958 mintionem-

90 2990 192 3059 quum
217 2991 257 3039 ne
280 2970 340 3040 hoc
362 2971 493 3060 quidem
519 2974 552 3040 in
577 2973 638 3040 Ιικο
662 2993 759 3042 causa
784 2982 834 3042 est
854 2973 1029 3042 admodum
1051 2976 1285 3066 necessarium)

91 3086 127 3144 et
147 3097 279 3145 emaum
299 3098 504 3146 communem
527 3079 660 3159 hubent,
685 3089 717 3148 et
741 3099 816 3148 cum
841 3081 980 3148 invitum
994 3099 1033 3147 ao
1051 3089 1284 3168 repugnantem

92 3185 127 3250 in
153 3203 257 3251 meam
290 3186 484 3252 sententiam
517 3184 715 3274 pertraham.
762 3187 795 3254 Is
815 3188 916 3274 igitur
947 3186 1027 3253 mihi
1052 3185 1203 3275 inspicite
1227 3187 1285 3255 ios

91 3289 197 3357 locos:
222 3292 363 3379 primunr
390 3296 407 3380 §
433 3296 493 3359 26:
517 3293 577 3366 τίος
596 3292 796 3375 εὐεργεσίας,
823 3291 863 3368 ἃς
886 3293 973 3373 ὑμεῖς
995 3291 1151 3375 ὑτιίρξατε
1170 3294 1285 3374 Ἀμύν-

92 3419 137 3480 τᾳ
160 3405 245 3463 ΤΩΙ
271 3405 482 3465 ΦΙΛΙΠΠΟΤ
506 3409 657 3477 ΠΛΤΡΙ,
683 3397 800 3466 deindo
822 3401 914 3486 ΗΘ.
936 3399 1084 3482 Εὐρυδίκη
1106 3401 1123 3476 ἦ
1146 3401 1286 3484 pericope?

93 3504 135 3580 σίρ
156 3502 209 3592 (ad
234 3503 342 3590 ipsum
367 3502 551 3591 Philippum
576 3503 654 3571 haec
678 3503 846 3596 dicuntur)
873 3503 1044 3588 noritonam
1073 3506 1285 3592 τίνρίδελφίν

94 3609 150 3675 τίν
178 3607 232 3675 σύν
264 3610 480 3687 καταςνίτασα
509 3613 553 3685 είς
584 3612 644 3685 τὰς
675 3619 786 3700 χεῖρας
813 3615 868 3680 τοῦ
891 3607 1105 3695 Ἰφικροίτονς,
1130 3609 1165 3677 τί
1187 3611 1219 3677 δὲ
1242 3614 1286 3686 είς

94 3714 140 3781 τὸ
162 3713 286 3794 γύναι-α
301 3717 345 3784 τοι
364 3718 478 3783 ἐκείνου
497 3719 583 3784 tetra
604 3718 726 3785 σαιδίον
746 3717 820 3784 trra
843 3715 944 3784 εἶτεν·
964 3715 1129 3797 Ἀμύντας
1148 3717 1163 3782 ύ
1183 3719 1286 3801 τατίρρ

93 3826 155 3886 τῶν
177 3819 294 3887 aulico
317 3821 432 3888 τούτοιν
453 3819 499 3889 ύτ’
522 3821 574 3907 ίζη
606 3824 668 3890 viic
692 3823 859 3900 ἐτοιύσατύ
886 3847 938 3902 σε,
963 3832 995 3890 et
1020 3823 1153 3890 tertium
1185 3827 1203 3909 §
1231 3827 1284 3890 ut.

92 3923 256 4004 Ἀμύντας
279 3930 317 3993 '0
342 3937 553 3996 ΦΙΛΙΠΠΟΤ
577 3937 722 3997 ΠΛΤΗΡ
742 3969 786 3980 --
806 3931 987 4014 ἑψηφίσατο
1010 3929 1208 4015 Ἀμφίπολιν
1230 3933 1286 4007 την

91 4032 258 4108 Ἀθηναίων
290 4031 488 4115 συνεξαιρεῖν.
537 4035 734 4102 Putemusue
765 4055 853 4103 nuuc
877 4037 957 4103 satis
980 4037 1065 4103 scire
1089 4033 1216 4103 iudices
1238 4033 1285 4104 ύσι

89 4137 254 4218 Ἀμύντας
278 4139 342 4209 isio
364 4141 378 4206 ύ
403 4141 557 4208 Φιλίστου
576 4139 701 4223 corripi
733 4139 881 4208 Nondum
907 4151 1015 4209 temen
1037 4139 1175 4220 sufficit,
1196 4163 1285 4210 narn.

91 4264 155 4342 que
180 4246 212 4311 iu
246 4254 358 4313 nostro
388 4245 457 4313 ioco
486 4257 632 4335 qrmrtum
657 4246 795 4314 dicitur:
820 4245 859 4314 ύν
879 4249 911 4316 ii
934 4248 1095 4329 Ἀμύντας
1119 4248 1222 4328 ύτίεη
1246 4253 1284 4317 ‘0

92 4361 303 4419 ΦΙΛΙΠΠΟΤ
337 4362 495 4420 ΠΛΤΗΡ.
542 4351 748 4434 liidicuium,
787 4354 916 4442 inquio,
950 4365 982 4422 ct
1014 4354 1190 4422 absurdum
1222 4364 1283 4422 est.

93 4457 205 4526 Dicam
231 4457 316 4547 quod
350 4461 448 4527 etium
480 4461 585 4548 magis
616 4460 756 4528 mireris.
802 4460 923 4550 Nempe
952 4461 984 4528 iu
1010 4465 1027 4549 §
1053 4467 1095 4530 35
1119 4461 1161 4528 σιί
1183 4461 1284 4549 ipsum
