3160 4972
680 361 750 432 445

169 553 317 644 Thtteyd.
351 556 409 626 ΙΙΙ.
451 561 502 624 46.
534 557 607 624 τίνα
638 556 733 624 οίεσίε
768 555 872 635 ἥντινα
903 560 957 625 οὐκ
988 557 1111 638 άμεινον
1141 561 1199 641 μὲν
1223 562 1239 640 ἢ
1264 565 1315 630 νῦν

124 661 429 745 παρασκευάσΑσίαι
446 665 603 749 πολιορκίᾳ
621 689 656 731 τε
672 665 911 746 παρατενεῖσίαι
933 665 964 739 ἐς
980 665 1171 746 τοῦσχατον;
1192 668 1314 756 Corrig.

125 753 507 851 παρασκευάσεσίαι,ὐῑ
533 771 587 838 ili.
614 775 667 838 59.
691 771 761 838 τίνα
786 770 880 838 οίεσίε
906 769 1007 839 ὅντινα
1031 774 1064 839 οὖ
1084 774 1227 860 βραχείᾳ
1247 800 1317 858 προ·

124 875 222 954 Φάοει
247 878 476 960 &annuariam

170 981 317 1070 Tirtreyd.
343 983 396 1049 ΙΙΙ.
423 989 476 1051 50.
502 985 628 1066 κλήρους
660 984 691 1050 δὲ
723 983 905 1060 ποιήσοντες
928 1019 972 1033 -
991 985 1200 1068 τρισχιλίους,
1233 1012 1317 1070 τρια-

123 1087 240 1162 κοσίους
274 1089 332 1167 μὲν
372 1099 436 1165 τοῖς
477 1093 552 1164 ίεοῖς
583 1089 706 1178 [ἱεροὺς]
740 1088 874 1167 ἐξεῖλον,
907 1090 1085 1157 insiticium
1121 1099 1170 1159 esi
1203 1094 1315 1176 ἱερούς,

122 1179 209 1282 ‹¹1'nou
235 1196 267 1260 in
289 1194 551 1282 frequentissima
572 1195 668 1262 huius
690 1197 735 1263 rei
762 1197 922 1263 mentione
944 1216 1036 1262 rremo
1056 1196 1164 1276 addit,
1187 1208 1219 1265 et
1234 1202 1318 1268 inest

122 1302 293 1390 perspicue
318 1301 349 1367 in
376 1302 481 1368 uerbis
509 1311 572 1377 τοῖς
597 1305 672 1377 άεοῖς
697 1301 842 1385 ἐξαιρεῖν,
865 1309 899 1368 et
923 1301 1074 1384 ἐξαίρετος
1098 1313 1163 1378 τοῖς
1184 1307 1270 1380 ίεοῖς.

171 1406 317 1496 Thucyd.
349 1408 405 1474 ΙΙΙ.
442 1413 495 1475 52.
528 1409 680 1492 εἰργμένον
712 1409 790 1494 [γάρ
819 1402 866 1495 ἦν]
899 1410 983 1491 αὐτῷ
1016 1409 1051 1474 ἐκ
1073 1412 1316 1492 Λακεδαίμονος.

45 1511 51 1522 “
125 1514 267 1581 Haerere
299 1513 401 1581 solent
426 1513 513 1580 scioli
541 1516 572 1580 in
604 1513 828 1582 huiuscemodi
852 1515 1046 1581 accusativis
1070 1517 1238 1599 εῖρνμίνον,
1267 1520 1316 1586 δε·

123 1620 288 1701 δογμίνον,
311 1622 581 1703 προστεταγμένον
604 1632 636 1688 et
660 1623 734 1690 sim.
759 1631 791 1688 et
814 1619 937 1709 aliquid
962 1620 1085 1689 fraudis
1110 1632 1254 1703 struere,
1280 1633 1317 1691 ut

125 1725 155 1792 h.
179 1725 200 1792 i.
236 1727 299 1809 γάρ
333 1724 366 1803 ἦν
398 1727 436 1793 de
467 1747 527 1794 sno
558 1727 770 1806 addiderunt,
804 1713 953 1814 ut‘apud
986 1728 1150 1796 Platonem
1178 1732 1217 1796 do
1240 1730 1316 1818 Rep.

124 1855 155 1921 p.
178 1837 254 1900 557.
278 1843 315 1900 Ε.
337 1834 536 1917 ἀπειρημένον
558 1837 642 1917 αὐτῷ
668 1833 744 1922 [εῖν]
772 1833 1025 1921 interponunt,
1049 1844 1082 1903 et
1113 1856 1207 1924 saepe
1231 1837 1316 1924 apud

123 1938 216 2006 aiios.
266 1939 344 2006 vine
369 1938 409 2005 ad
434 1939 549 2006 Herod.
575 1940 613 2006 V.
638 1945 693 2006 62.

170 2043 318 2134 Thucyd.
352 2045 408 2112 ΙΙΙ.
442 2052 494 2113 52.
526 2047 641 2130 ἠρώτων
673 2046 705 2112 δὲ
732 2045 845 2118 αὐτοὺς
865 2083 908 2096 -·-
927 2052 1069 2114 τοσοῦτον
1100 2046 1190 2129 μόνον
1213 2049 1243 2116 εί
1270 2059 1316 2116 TI

125 2152 387 2232 Λακεδαιμονίους
405 2188 450 2216 --,
466 2153 585 2232 άγαίίν
614 2153 688 2242 [TI]
713 2152 907 2235 εἰργασμένοι
932 2150 1000 2220 είεν.
1025 2154 1163 2223 aiterum
1188 2166 1233 2223 TI
1259 2178 1315 2225 ue·

124 2259 266 2324 cessario
299 2256 481 2325 delendum.
531 2258 606 2326 Siue
638 2258 717 2326 vitio
752 2257 836 2326 idern
875 2257 995 2346 legitur
1026 2281 1097 2348 ουρ.
1122 2267 1164 2328 54
1196 2271 1229 2329 et
1266 2262 1316 2330 bis

124 2384 195 2452 κερ.
221 2368 275 2430 61.
791 2423 793 2428 ,
921 2419 922 2422 ,
962 2380 967 2388 ·

172 2469 317 2558 Thucyd.
343 2469 398 2536 tlt.
425 2476 480 2537 55.
506 2474 562 2548 *rin
585 2470 753 2554 παράδοσιν
776 2479 832 2547 τιῖς
852 2471 972 2544 πόλεως
992 2475 1316 2555 -ἕποιιςσάμεάα-

126 2577 157 2642 ἓν
181 2578 323 2649 δικαταῖς
347 2579 399 2642 οὐκ
424 2578 491 2644 ἘΝ
516 2575 625 2653 άλλοις
649 2577 809 2656 δεὲάμενοι
831 2575 945 2665 [ὥσπερ
969 2579 1021 2644 καί
1041 2581 1149 2668 ἐσμέν]
1171 2583 1314 2661 γενέσθαι

123 2683 142 2762 ἢ
168 2684 258 2762 ὑμῖν,
283 2683 400 2769 corrig.
423 2684 455 2749 ἐν
478 2685 620 2759 δικαςαῖς
645 2687 700 2751 οὐκ
724 2680 799 2750 ”AN
834 2684 943 2760 άλλοις
968 2682 1126 2764 δεξάμενοι
1150 2687 1313 2767 γενέσθαι,

123 2798 160 2856 ut
186 2787 272 2856 recte
296 2788 419 2875 iegitur
443 2789 497 2856 iil.
524 2795 578 2857 57.
611 2792 649 2864 ὥς
675 2791 705 2856 ἐν
728 2788 836 2865 άλλοις
860 2788 995 2870 μείζοσιν
1020 2792 1074 2858 οὐκ
1098 2791 1135 2859 άν
1158 2793 1315 2870 inurinar-
1407 2867 1411 2874 ,

121 2921 174 2969 τες
198 2889 254 2970 τὴν
278 2895 415 2974 γνώμην.

167 3002 340 3068 inficetum
374 2999 632 3078 additamentum
668 3000 766 3086 ίίσπερ
802 3001 853 3068 καί
886 3002 977 3082 ε’σμίν
1010 3003 1057 3070 rei
1092 3005 1199 3093 inepta
1224 3004 1315 3072 sedes

123 3109 205 3175 satis
230 3107 408 3194 redarguit.

170 3213 319 3302 Thucyd.
344 3213 398 3280 iii.
425 3221 478 3281 55.
503 3217 528 3282 εί
554 3216 579 3282 δ’
611 3217 764 3290 άποςῆυαι
787 3215 954 3292 Ἀθηναίων
978 3219 1032 3283 οὐκ
1055 3218 1249 3298 ἠθελήσαμεν
1272 3255 1311 3268 -

123 3324 178 3389 οὐκ
205 3322 384 3400 ἠδικοῦμεν,
410 3323 591 3408 requiritur
616 3342 767 3409 praesens
791 3325 844 3389 οὐκ
867 3324 1047 3402 ἀδικοῦμεν,
1070 3325 1158 3389 noaii
1181 3346 1243 3392 νιονι
1267 3347 1316 3391 ευ·

120 3449 213 3504 ιιιιιε,
241 3437 274 3492 nt
296 3447 365 3512 cap.
381 3432 434 3494 65.
460 3430 484 3493 ri
510 3431 566 3508 μὲν
585 3431 649 3513 γάρ
663 3431 773 3505 -τὶρν
793 3437 854 3508 γῆν
868 3429 1316 3510 ἐδροῦμεν-άδικοῦμεν·
1373 3447 1376 3454 “

121 3535 147 3599 εἰ
169 3535 201 3602 δὲ
221 3532 325 3615 άνδρες
349 3535 429 3612 ὑμῶν
446 3537 471 3602 oi
487 3542 648 3616 πρῶτοι-
660 3535 892 3602 ἐπεκαλέσαντο
905 3535 1022 3608 ἑκόντες
1041 3536 1073 3602 τί
1093 3537 1318 3614 άδικοῦμενρ

168 3638 317 3727 Thucyd.
353 3638 410 3704 iil.
449 3645 502 3706 56.
537 3641 573 3706 τὸ
605 3642 637 3708 δὲ
659 3650 839 3709 τελευταῖον
861 3642 948 3708 αὐτοὶ
972 3641 1074 3712 σύνιτε
1099 3643 1137 3708 δι’
1160 3638 1240 3723 άπερ
1263 3641 1316 3707 καί

121 3743 200 3810 τάδε
225 3744 411 3827 πάσχομεν,
438 3746 502 3810 into
529 3765 603 3812 vero
627 3747 664 3813 δι’
688 3743 770 3828 ὅπερ.

169 3848 318 3938 Thucyd.
353 3851 408 3917 iii.
444 3856 498 3918 56.
532 3854 631 3919 καίτοι
656 3856 718 3936 χρὴ
750 3855 854 3921 ταύτά
879 3855 1029 3936 περὶτῶν
1060 3855 1160 3922 αὐτῶν
1185 3851 1318 3944 [ὁμοίως]

120 3955 291 4042 φαίνεσθαι
322 3958 570 4038 γιγνώσκοντας,
604 3959 803 4044 magistellos
826 3961 935 4039 δμοίως
959 3959 1096 4040 adiecit,
1123 3959 1208 4047 qnod
1244 3981 1317 4026 sen·

120 4063 260 4130 tentiam
294 4061 373 4129 dieti
410 4065 514 4130 vitiat.
565 4065 662 4132 ileeie
692 4066 718 4132 ί.
753 4071 808 4132 22.
842 4068 875 4132 ori
906 4068 1010 4134 ταύτά
1043 4067 1192 4147 περὶτῶν
1217 4067 1320 4133 αὐτοῖν

120 4169 249 4249 ἔλεγον,
275 4171 378 4236 etsie
404 4169 493 4236 Plato
517 4191 759 4258 nonnumquam
774 4171 928 4259 'loquitur
952 4182 984 4239 et
1006 4172 1155 4241 Socrates
1180 4175 1317 4239 ineatur.

169 4273 318 4366 Thucyd.
344 4275 402 4342 ill.
428 4281 482 4342 58.
506 4274 632 4353 ἕκίντοις
656 4303 692 4344 τε
715 4277 851 4359 ἐλάβετε
876 4277 928 4345 καί
952 4288 1063 4362 χεῖρας
1081 4279 1318 4362 προϊσχομένους

119 4381 168 4449 ἔτι
192 4382 226 4448 δὲ
249 4381 302 4448 καί
326 4383 494 4465 εὐεργέτας
520 4384 743 4464 γεγενημένους
765 4385 815 4453 διά
839 4384 967 4460 παντίς.
1016 4387 1191 4452 Annoiavit
1212 4383 1319 4450 neseio

119 4487 234 4577 quisi
261 4488 292 4555 δὲ
315 4489 404 4569 νίμος
436 4500 499 4565 τοῖς
530 4491 665 4570 Ἕλλησι
698 4493 742 4572 μὴ
766 4493 892 4560 κτείνειν
916 4493 1062 4571 τούτους,
1097 4511 1199 4578 eaque
1233 4508 1321 4556 nunu
