3208 4972
741 345 811 415 245

180 535 329 604 Graeculi
351 536 409 604 boc
428 557 556 625 quoquc
576 536 762 605 nesciebant
778 545 1006 625 etcoepcront
1020 537 1199 621 τατριιότκς
1213 557 1269 625 pro
1280 538 1370 606 τολό-

179 665 239 718 τας
257 642 375 711 dicere.
411 644 542 729 Insigne
564 643 662 709 buius
682 645 727 708 rei
749 643 929 730 exemplum
953 644 1145 711 Scanarrros
1164 643 1203 711 ad
1217 645 1368 712 Srnrrrnnr

180 749 383 816 Thesaurum
408 749 518 815 attulit
542 771 579 816 es
605 750 786 826 Innumero,
811 751 865 836 qni
887 771 943 816 sua
965 750 1060 816 rerba
1084 748 1123 817 de
1148 751 1243 816 trivio
1263 759 1370 818 sumta

179 853 359 922 admiscere
379 854 574 933 soletlocis,
600 875 680 942 qnos
698 875 735 921 ex
760 856 892 942 optimis
909 856 1123 944 scriptoribus
1143 866 1309 943 excerptos
1329 855 1370 922 ad

178 959 379 1048 Pytltogoroe
409 962 505 1028 citum
537 959 750 1028 enarrandam
784 963 957 1046 componit.
1007 963 1111 1028 Locus
1145 970 1195 1028 est
1229 983 1299 1048 cap.
1334 961 1368 1027 V.

180 1068 198 1151 §
226 1070 281 1132 2¹.
314 1072 427 1146 γεῦσαι
459 1069 606 1147 ἐβούλετο
634 1075 689 1143 τῆς
722 1073 781 1132 τῶν
810 1067 1004 1145 μαθημάτων
1034 1075 1186 1144 καλλονῆς
1210 1067 1281 1141 τοὺς
1305 1091 1369 1133 τα·

177 1173 326 1254 τριότας,
356 1172 440 1259 quod
474 1181 540 1238 tam
573 1173 734 1240 abiectum
768 1181 800 1238 et
832 1172 991 1260 plebeium
1023 1185 1071 1239 est
1105 1182 1201 1260 atquc
1226 1173 1258 1240 id
1283 1172 1375 1260 quod

177 1276 262 1365 apud
287 1278 442 1346 bucrrnmr
466 1278 562 1345 borno
580 1278 695 1346 doctus
718 1286 750 1344 et
770 1276 874 1344 salsus
893 1279 1027 1358 irridet,
1054 1283 1114 1357 76,
1134 1285 1164 1346 b.
1188 1279 1258 1365 (qui
1280 1297 1366 1346 nunc
1388 1343 1391 1351 ,

178 1383 344 1466 scopatur
374 1386 388 1451 ό
420 1388 483 1453 ciri
515 1382 629 1467 Μόψου
665 1384 804 1461 dicitur,
837 1403 895 1469 ego
924 1405 998 1450 eum
1024 1405 1093 1451 esse
1128 1387 1274 1469 suspicor
1304 1385 1367 1451 θτὸ

175 1490 290 1570 Μόψου
315 1489 414 1580 icius)
439 1492 495 1578 qni
520 1511 620 1577 quum
646 1489 790 1556 audisset
817 1488 996 1556 dicentem:
1020 1491 1195 1573 τασριώτιρς
1223 1490 1271 1559 ret
1294 1514 1365 1568 μοι,

176 1596 359 1683 respondit:
391 1595 553 1671 ἐλάνθανες
584 1595 646 1678 ἄρα
675 1597 759 1674 ἡμᾶς
782 1593 942 1678 βάρβαρος
965 1596 1012 1662 όν.
1060 1597 1095 1662 ln
1122 1599 1139 1680 §
1163 1602 1193 1662 4.
1209 1596 1262 1676 ,μόι
1286 1620 1368 1678 τερι·
1419 1588 1420 1594 ¹

175 1704 239 1787 όόρς
275 1703 493 1786 θνατρέψοντα
523 1721 628 1789 neque
658 1699 793 1787 cogitari
824 1719 929 1788 neque
960 1701 1023 1768 dici
1061 1709 1165 1788 potest
1197 1700 1251 1770 scd
1290 1704 1367 1768 θνα-

175 1809 348 1892 τρέψαντα.

222 1915 257 1982 ln
283 1915 364 1981 libro
386 1919 452 1987 τῶς
479 1913 527 1979 δεῖ
544 1890 660 1994 tloptav
683 1913 880 1996 συγγράφειν
913 1919 972 1990 ao..
995 1917 1025 1978 7.
1057 1915 1099 1988 εἰς
1122 1911 1200 1996 ὕψος
1228 1913 1365 1995 inciper-

175 2045 245 2098 τις,
269 2019 338 2106 lega
361 2021 503 2103 αἴροντες.
541 2022 559 2103 §
589 2023 640 2084 14.
665 2017 874 2098 οὐολόγεσος,
901 2037 1012 2084 rerum
1036 2039 1151 2086 nomen
1175 2026 1225 2086 est
1249 2019 1365 2086 Οὐολό-

176 2149 297 2206 γοιισις.
336 2129 353 2211 §
381 2133 432 2192 lb.
456 2122 766 2204 Πομτνιουτολότοιι
790 2125 949 2192 sincerior
971 2123 1072 2192 lorma
1094 2133 1144 2192 est
1169 2136 1365 2204 Πυμτιιιοτο-

175 2233 282 2311 λότνο,
308 2231 454 2316 analogia
485 2229 570 2317 apud
602 2237 727 2295 veteres
757 2233 938 2309 constanti,
973 2240 1009 2297 ut
1041 2233 1072 2297 in
1102 2230 1243 2310 Μεγαλη
1274 2231 1364 2306 πόλις

174 2338 459 2418 Μεγαλοπολίτης,
487 2335 633 2402 Ἀνταόου
664 2335 755 2410 πόλις
786 2337 1059 2414 Ἀνταιοοτολότκς,
1090 2338 1279 2421 Ἀρχάνδρου
1309 2337 1364 2405 τό·

174 2458 221 2518 λιι
257 2441 576 2526 Ἀρχανδροτσλότνς,
617 2442 760 2509 Γλαύκου
800 2443 894 2523 δῆμος
926 2443 1175 2522 Γλαυκοδιθμιος,
1218 2445 1365 2519 Γυναικός

173 2550 264 2623 τόλις
295 2549 569 2623 Γυναικοτολίτνσ,
607 2546 777 2627 Δροθιοοντος
808 2555 896 2624 νῆσος
936 2549 1238 2630 Δρακοντονιισότκς,
1274 2553 1365 2627 Καλός

173 2657 255 2732 cerr
287 2661 500 2731 Καλακτῖνος,
534 2661 565 2720 et
596 2651 659 2718 alia
693 2651 795 2718 multa
826 2651 911 2741 apud
943 2655 1122 2720 Srrraunuu
1152 2655 1363 2732 Βνιιιινιιιυιι,

172 2761 206 2827 in
240 2760 359 2847 quibus
384 2761 514 2826 nomina
539 2758 667 2826 urbium
699 2760 791 2825 card
808 2758 974 2839 παράθεσιν
1000 2759 1208 2838 scribuntur,
1238 2761 1293 2826 scd
1319 2763 1364 2828 τόν

173 2867 275 2934 όθνικόι
304 2866 389 2932 κοιτόι
420 2864 566 2932 σύνθεσιν.
615 2864 763 2932 Graeculi
792 2865 966 2951 peccabant
990 2865 1133 2932 dicentes
1157 2867 1362 2936 Κιυταντινού·Ι

173 2989 278 3049 τολις,
309 2972 416 3057 itaque
448 2971 600 3038 admonet
633 2970 806 3037 Srarannus
837 2990 906 3036 esse
937 2970 988 3037 δύο
1011 2971 1087 3052 μέρος
1112 2970 1227 3051 λόγου,
1253 2972 1285 3039 id
1310 2982 1359 3040 cst

172 3077 363 3149 Κυταντόνιο
386 3077 475 3152 πόλις
506 3097 576 3144 esse
601 3075 825 3156 scribendum,
850 3076 934 3162 quod
958 3077 1128 3143 llrrssrnos
1153 3079 1261 3144 nescio
1284 3097 1360 3164 qno·

173 3182 267 3251 modo
300 3187 418 3270 passim
451 3181 611 3268 neglexit,
643 3180 727 3270 apud
751 3202 847 3269 quem
872 3192 923 3250 est
945 3182 1200 3260 Ἀνταιούτολις,
1225 3185 1360 3267 Ἀρχαν·
1445 3169 1446 3172 “

173 3290 349 3373 δρουιτολις,
373 3291 535 3362 Νσότολις
556 3297 617 3355 cic.
648 3287 747 3355 necte
770 3287 919 3356 Lucrinus
945 3293 1005 3364 32,
1027 3294 1055 3354 l.
1080 3309 1118 3354 cx
1139 3289 1276 3370 Ἀβώνου
1299 3301 1361 3360 rsi-

172 3419 229 3478 χος
255 3395 404 3462 formarit
424 3393 703 3478 ’λβυνοτειχότοο,
729 3403 761 3461 ct
786 3393 927 3460 nondum
953 3393 1017 3460 illis
1041 3395 1240 3482 temporibus
1266 3397 1297 3462 in
1322 3417 1360 3466 ca

173 3522 208 3569 re
232 3509 400 3589 peccalum
424 3519 494 3566 esse
514 3499 664 3566 arbitror.
713 3502 730 3585 §
757 3505 808 3566 tu.
834 3499 906 3581 τρότ
928 3500 963 3568 τὸ
987 3500 1169 3582 σαφότοοτον
1193 3503 1245 3567 καὶ
1270 3503 1361 3582 ἰσχυ-

171 3605 307 3691 ρότατα.
332 3607 479 3692 suspicor
501 3606 687 3688 ἰσχνότατον
711 3624 822 3672 verum
847 3625 928 3672 csse.
967 3609 984 3691 §
1011 3611 1065 3674 bl.
1098 3604 1229 3674 ἅπαντα
1258 3609 1360 3674 ἐκεῖνα

172 3712 304 3798 legerim
338 3709 468 3779 ἅπαντα
503 3713 547 3779 τοὶ
577 3713 652 3779 ἐκεῖ.
701 3713 719 3797 §
748 3716 801 3778 bl.
832 3710 986 3793 ἀξιόρατα
1021 3712 1149 3798 corrige
1183 3709 1360 3790 ἀξιοθέατοι.

172 3821 258 3904 §3⁴-
284 3837 341 3904 pro
363 3818 442 3884 θτό
466 3817 610 3895 Κόνωνος,
634 3817 709 3884 ciri
730 3817 944 3900 Αευτροφόδου
974 3816 1023 3884 bis
1043 3817 1148 3885 scribe
1172 3819 1217 3884 ἐκ.
1265 3821 1361 3904 §ott

171 3921 218 3991 ότι
248 3923 374 4006 όλέθριις
409 3924 461 3990 καὶ
492 3924 620 4003 μανικὸς
655 3922 806 4005 ἄνθρωπος
837 3919 924 3996 οὗτος
958 3919 1003 3998 ἦν.
1053 3923 1195 3990 Emenda
1224 3923 1362 4006 όλοθροο,

171 4049 235 4118 quo
266 4031 412 4097 convicio
451 4050 547 4117 saepe
583 4030 733 4096 Lucrinus
763 4030 890 4108 utitur,
928 4049 946 4094 a
990 4028 1192 4097 Denosruaoc
1232 4041 1361 4110 sumto,

171 4137 266 4204 curius
290 4136 458 4203 notissima
478 4145 555 4202 sunt
573 4135 689 4219 όλεθρος
707 4135 877 4214 Μακεδών,
898 4134 1014 4217 όλεθρος
1027 4135 1261 4218 γραμματεύς,
1286 4137 1362 4204 alia.

173 4243 327 4310 dbutitur
365 4251 474 4309 autent
507 4240 655 4308 Lucrinus
694 4261 732 4309 eo
764 4240 938 4321 vocabolo,
973 4241 1026 4309 cui
1058 4241 1195 4310 eundem
1231 4261 1362 4310 sensum

170 4347 289 4416 tribuit
312 4356 409 4434 atque
433 4347 590 4431 νόθαρμα.
618 4344 782 4415 ueteribus
805 4346 892 4414 cuim
918 4345 1069 4429 κάθαρμα
1093 4347 1225 4427 odium,
1247 4347 1365 4432 ὄλεθρος

170 4462 373 4523 contemtum
392 4452 572 4542 significat,
592 4461 624 4520 et
642 4451 758 4536 όλοθρις
773 4460 824 4521 est
837 4451 930 4520 homo
942 4451 1079 4546 obscuro
1097 4463 1130 4522 ct
1151 4453 1281 4524 sordido
1297 4453 1367 4522 loco
