3160 4972
713 351 785 426 403

161 546 316 636 ὠφέλιμός
350 551 395 620 lev
426 548 479 615 tvai
506 547 681 633 πάμφορος.
731 547 847 636 Lepide
881 549 965 618 iulet·
996 569 1030 621 se
1061 563 1268 642 opponuntur
1301 559 1354 625 cdv

160 654 255 735 dyada
279 653 485 738 ἐγκωμιάζειν
507 664 540 722 el
562 653 714 738 ἅνθρωποι
735 655 888 733 ἐπαινεῖν,
908 664 940 724 et
961 657 1041 724 scite
1058 658 1091 726 itt
1105 676 1141 728 ee
1155 662 1353 750 oppositione

162 762 303 848 parasito
328 770 360 830 et
383 759 544 830 adulatori
569 781 649 830 suus
674 781 730 828 ros
755 761 921 846 adamum
940 763 1132 851 appellatur.

209 973 331 1043 Crebro
354 983 386 1042 et
409 974 558 1046 luleoter
581 973 732 1062 Madvigii
756 974 947 1044 adversaria
971 976 1086 1044 Critica
1106 979 1139 1046 in
1162 999 1278 1052 manus
1297 1001 1352 1050 su·

164 1100 252 1151 urere
275 1079 382 1160 soleo,
405 1083 439 1148 in
464 1081 583 1169 quitos

167 1259 170 1264 ,
257 1196 331 1254 eunt
352 1207 449 1266 aaut,
474 1197 546 1256 aaut
569 1186 723 1276 quaedam
746 1187 935 1268 mediocria,
960 1197 1032 1256 cunt
1054 1209 1127 1260 nont
1148 1190 1262 1279 pluro,

162 1303 195 1361 et
217 1290 324 1360 hercle
348 1292 420 1381 plus
446 1313 542 1380 quem
569 1295 663 1372 loeo,
685 1302 766 1362 suut
786 1292 960 1380 palinuriae
984 1302 1016 1362 et
1038 1294 1226 1367 manifestae
1245 1316 1353 1368 emen·

163 1400 309 1468 dationes
334 1399 530 1488 permultae,
561 1400 693 1467 Latinae
717 1408 875 1487 quantum
899 1399 1030 1486 quidem
1053 1401 1197 1470 iudicare
1222 1423 1351 1490 possum

163 1527 269 1574 amaea
293 1514 326 1572 et
352 1505 547 1575 Graecarum
573 1526 649 1594 pars
673 1525 735 1572 non
760 1506 909 1592 exigua
934 1505 1002 1594 lion
1027 1510 1171 1596 suppetit
1195 1507 1353 1596 iladvigio

163 1611 270 1700 ampla
306 1621 338 1682 et
374 1615 500 1700 copiosa
537 1611 801 1700 palaeographioa
836 1610 1015 1699 suppellex,
1053 1612 1183 1682 Codices
1215 1615 1354 1682 Graecos

165 1720 254 1790 MSS.
285 1729 342 1789 ant
375 1740 449 1787 raro
480 1729 537 1788 aut
568 1739 746 1806 numquam
777 1737 925 1788 versasse
961 1718 1108 1799 videtur,
1141 1718 1249 1788 deficit
1278 1741 1353 1790 eum

166 1827 460 1896 Gravrvmaticorum
486 1827 622 1902 interior
646 1826 782 1904 notitia,
803 1833 835 1892 et
859 1825 934 1912 quia
960 1825 1155 1894 Graecarum
1170 1827 1353 1898 litterarum

165 1932 272 2006 studia
295 1933 325 2000 ei
349 1953 476 2020 sempev
501 1931 672 2014 πάρεργον,
698 1952 760 1998 non
785 1929 871 2014 ἔργον
897 1930 1048 2011 luerunt,
1074 1951 1135 1999 non
1157 1933 1202 2000 ita
1224 1935 1354 2020 ponitus

167 2040 276 2112 lraasit
298 2047 331 2108 et
353 2037 487 2106 imbibit
510 2039 704 2108 Graecitatis
726 2039 882 2114 rationem
903 2045 937 2106 et
957 2057 1067 2116 usum,
1093 2047 1203 2106 utnon
1217 2039 1353 2110 subinde

167 2148 308 2216 Graecos
332 2145 507 2233 scriptores
531 2163 567 2214 ea
591 2142 736 2216 dicentes
760 2142 949 2224 induceret,
974 2163 1056 2230 quaa
1078 2143 1200 2214 Graece
1223 2145 1354 2234 loqueu-

168 2255 250 2320 tium
277 2273 370 2319 nemo
396 2271 548 2339 umquam
575 2251 628 2317 illo
652 2249 746 2317 inodo
770 2249 914 2319 dixisset.

212 2358 314 2440 Quam
348 2358 459 2428 vellem
484 2365 595 2445 poetas
618 2357 757 2426 Graecos
780 2366 811 2426 et
837 2357 1028 2444 praesertim
1053 2357 1177 2428 Attieos
1200 2377 1262 2424 non
1282 2359 1355 2425 atti·

167 2467 280 2552 gisset.
330 2463 363 2532 si
394 2463 473 2550 quid
505 2483 747 2550 nonnumquam
780 2464 903 2551 reperit
936 2462 1028 2542 boni,
1066 2470 1099 2530 at
1132 2463 1234 2532 nrvtlto
1263 2464 1355 2550 plura

168 2571 341 2642 infeliciter
366 2571 500 2638 tentavit
525 2579 581 2640 aut
606 2570 638 2636 in
664 2589 698 2638 re
724 2572 858 2638 metrica
883 2570 1032 2656 impegit,
1062 2567 1148 2636 uude
1171 2569 1356 2638 hominibus

167 2676 361 2766 quibusdam
394 2675 497 2746 doctis
521 2675 582 2744 'sed
615 2674 702 2742 nullo
734 2673 826 2741 modo
857 2693 931 2744 cum
963 2674 1016 2746 illo
1037 2675 1276 2763 vcomparandis
1303 2675 1355 2746 sui

165 2780 385 2868 redarguendi
403 2791 434 2853 et
454 2781 708 2868 reprehendendi
732 2781 828 2850 nimis
848 2779 975 2848 facilem
992 2789 1024 2848 ot
1040 2791 1186 2867 paratam
1208 2781 1356 2869 praebuit

166 2890 350 2956 materiam.
402 2887 570 2954 Praeterea
601 2887 687 2977 (quia
720 2885 819 2952 semel
850 2887 938 2974 ooopi
965 2885 1003 2952 de
1027 2884 1078 2952 lais
1102 2885 1210 2954 dicere
1233 2884 1354 2954 exhau-

166 2997 249 3064 riam
272 2994 466 3074 ἐγκλήμασιν
489 2994 609 3083 omnia)
643 2993 743 3060 nimia
767 3012 805 3059 ac
830 2991 896 3060 lere
915 2992 1026 3080 putida
1047 2992 1215 3083 diligentia
1236 2992 1355 3062 inultas

164 3102 264 3172 etiam
291 3101 446 3168 minutias
469 3108 501 3166 et
525 3099 660 3166 leviores
683 3098 943 3185 suspiciunculam
971 3101 1125 3176 corrasit,
1155 3119 1237 3186 quas
1259 3098 1354 3187 quili-

163 3207 221 3279 bet
246 3207 387 3296 reperire
412 3206 585 3292 potuisset,
609 3213 665 3272 aut
690 3205 730 3272 ab
754 3204 825 3275 aliis
848 3225 975 3292 quoque
997 3214 1194 3292 reportasse
1214 3207 1354 3293 priorem

162 3311 286 3382 vidisse
315 3321 443 3391 narrat,
476 3312 568 3398 attasi
593 3330 667 3378 vero
692 3310 868 3398 quidquam
893 3309 1045 3388 referret,
1071 3321 1295 3400 praeterquam
1320 3313 1353 3379 in

163 3421 210 3495 lis
242 3416 362 3505 quibus
391 3417 612 3503 excogitandis
643 3426 700 3484 aut
729 3417 865 3486 Poasouo
889 3416 996 3505 aliquo
1019 3438 1099 3506 opus
1120 3427 1169 3486 est
1191 3427 1248 3485 ant
1271 3419 1355 3488 llan-

163 3519 268 3600 vmvo,
299 3543 382 3610 quae
413 3544 453 3590 ne
480 3523 521 3590 alr
553 3523 654 3592 altero
687 3525 928 3610 praeripiantur
959 3545 1020 3591 non
1046 3533 1095 3592 est
1121 3545 1236 3611 niagno
1260 3545 1355 3614 opere

162 3628 389 3700 metuendum.
438 3629 605 3696 Tractavit
629 3628 808 3715 ltlodvigins
831 3649 903 3716 pag.
928 3635 1002 3698 198.
1023 3629 1129 3700 locum
1147 3650 1185 3698 ex
1205 3628 1353 3720 Aeschyli

163 3735 419 3822 Apamemcorve,
445 3735 497 3802 ubi
522 3734 776 3824 Clytaemnestra
801 3737 847 3802 ita
871 3736 951 3802 dicit
975 3755 1021 3804 vs.
1046 3742 1128 3806 sat:

553 3845 646 3908 ταῦτ’
667 3841 868 3923 ἀπάγγειλον
890 3841 997 3908 adasa·

396 3949 476 4027 ἥκειν
498 3945 579 4022 trac
601 3947 715 4030 πάρεις’
738 3948 881 4030 ἐράσμιον
904 3949 1004 4024 πόλει.

393 4063 531 4136 γννννῒιινι
555 4056 646 4131 averia
670 4057 696 4122 δ’
720 4056 750 4122 ἐν
772 4055 874 4134 δόμοις
897 4051 974 4138 εὕροι
997 4059 1098 4136 μολὼν

349 4229 353 4236 .
398 4161 520 4245 clavata
546 4158 595 4230 οὖν
618 4160 723 4231 ἔλειπε
747 4161 896 4241 accarca
921 4162 999 4230 κύνιι

397 4271 505 4344 ἐσθλὴν
528 4269 647 4351 ἐκείνῳ,
672 4268 918 4360 σσλεμίιινπσῖσ
936 4268 1111 4352 δύσφροσιν.

155 4375 201 4446 ad
239 4371 316 4442 hacc
349 4375 543 4461 Madvigius:
576 4375 711 4445 Proreus
740 4374 940 4443 incredibilia
970 4385 1140 4445 aumaatcr
1161 4375 1201 4442 dc
1222 4375 1355 4463 optativo

152 4480 274 4553 coristi
298 4479 385 4570 (adia
410 4502 456 4550 vs.
481 4483 580 4570 605),
604 4483 659 4570 qui
681 4483 716 4550 ia
737 4482 873 4550 oratione
888 4482 1097 4570 pronvittaatis
1115 4481 1270 4549 ebarardus
1287 4489 1352 4553 'eata
