<?xml version="1.0" encoding="UTF-8"?>
<!DOCTYPE html PUBLIC "-//W3C//DTD XHTML 1.0 Transitional//EN"
    "http://www.w3.org/TR/xhtml1/DTD/xhtml1-transitional.dtd">
<html xmlns="http://www.w3.org/1999/xhtml" xml:lang="en" lang="en">
 <head>
  <title>
</title>
<meta http-equiv="Content-Type" content="text/html;charset=utf-8" />
  <meta name='ocr-system' content='tesseract 3.04.00' />
  <meta name='ocr-capabilities' content='ocr_page ocr_carea ocr_par ocr_line ocrx_word'/>
</head>
<body>
  <div class='ocr_page' id='page_1' title='image "./variaelectiones04cobegoog_0243.png"; bbox 0 0 3208 4972; ppageno 0'>
   <div class='ocr_carea' id='block_1_1' title="bbox 817 361 888 430">
    <p class='ocr_par' dir='ltr' id='par_1_1' title="bbox 817 361 888 430">
     <span class='ocr_line' id='line_1_1' title="bbox 817 361 888 430; baseline 0 0"><span class='ocrx_word' id='word_1_1' title='bbox 817 361 888 430; x_wconf 74' lang='grc'><strong>202</strong></span> 
     </span>
    </p>
   </div>
   <div class='ocr_carea' id='block_1_2' title="bbox 251 550 1448 3584">
    <p class='ocr_par' dir='ltr' id='par_1_2' title="bbox 251 550 1444 2324">
     <span class='ocr_line' id='line_1_2' title="bbox 252 550 1438 655; baseline -0.003 -31"><span class='ocrx_word' id='word_1_2' title='bbox 252 556 413 655; x_wconf 70' lang='grc' dir='ltr'><strong><em>νευόντων,</em></strong></span> <span class='ocrx_word' id='word_1_3' title='bbox 444 553 623 640; x_wconf 73' lang='lat' dir='ltr'><strong>requiritur</strong></span> <span class='ocrx_word' id='word_1_4' title='bbox 655 551 803 620; x_wconf 90' lang='lat' dir='ltr'><strong>lutururn</strong></span> <span class='ocrx_word' id='word_1_5' title='bbox 834 550 1069 620; x_wconf 61' lang='lat' dir='ltr'><strong>incarceraret.</strong></span> <span class='ocrx_word' id='word_1_6' title='bbox 1127 553 1162 619; x_wconf 91' lang='lat' dir='ltr'><strong>ln</strong></span> <span class='ocrx_word' id='word_1_7' title='bbox 1197 557 1292 639; x_wconf 72' lang='lat'><strong>539.</strong></span> <span class='ocrx_word' id='word_1_8' title='bbox 1317 555 1438 637; x_wconf 79' lang='grc' dir='ltr'><strong><em>χρύσεα</em></strong></span> 
     </span>
     <span class='ocr_line' id='line_1_3' title="bbox 251 658 1441 747; baseline -0.002 -19"><span class='ocrx_word' id='word_1_9' title='bbox 251 664 428 742; x_wconf 80' lang='grc' dir='ltr'><strong><em>εἰιτύματα</em></strong></span> <span class='ocrx_word' id='word_1_10' title='bbox 450 658 674 742; x_wconf 72' lang='grc' dir='ltr'><strong><em>προτεινόμενος</em></strong></span> <span class='ocrx_word' id='word_1_11' title='bbox 697 667 760 732; x_wconf 80' lang='grc' dir='ltr'><strong><em>τοῖς</em></strong></span> <span class='ocrx_word' id='word_1_12' title='bbox 784 658 980 738; x_wconf 80' lang='grc' dir='ltr'><strong><em>ονμτόταιι,</em></strong></span> <span class='ocrx_word' id='word_1_13' title='bbox 1003 658 1037 722; x_wconf 88' lang='lat' dir='ltr'><strong>in</strong></span> <span class='ocrx_word' id='word_1_14' title='bbox 1061 659 1211 726; x_wconf 73' lang='lat' dir='ltr'><strong>nonninus</strong></span> <span class='ocrx_word' id='word_1_15' title='bbox 1235 658 1326 726; x_wconf 88' lang='lat' dir='ltr'><strong>libris</strong></span> <span class='ocrx_word' id='word_1_16' title='bbox 1350 679 1441 747; x_wconf 83' lang='lat' dir='ltr'><strong>prae·</strong></span> 
     </span>
     <span class='ocr_line' id='line_1_4' title="bbox 252 760 1440 850; baseline -0.004 -16"><span class='ocrx_word' id='word_1_17' title='bbox 252 777 304 835; x_wconf 89' lang='lat' dir='ltr'><strong>ter</strong></span> <span class='ocrx_word' id='word_1_18' title='bbox 327 786 429 834; x_wconf 89' lang='lat' dir='ltr'><strong>unum</strong></span> <span class='ocrx_word' id='word_1_19' title='bbox 453 767 478 831; x_wconf 86' lang='lat' dir='ltr'><strong>li</strong></span> <span class='ocrx_word' id='word_1_20' title='bbox 503 772 553 831; x_wconf 87' lang='lat' dir='ltr'><strong>est</strong></span> <span class='ocrx_word' id='word_1_21' title='bbox 584 764 764 846; x_wconf 76' lang='grc' dir='ltr'><strong><em>προτείνων,</em></strong></span> <span class='ocrx_word' id='word_1_22' title='bbox 797 764 829 829; x_wconf 92' lang='lat' dir='ltr'><strong>in</strong></span> <span class='ocrx_word' id='word_1_23' title='bbox 862 783 925 850; x_wconf 94' lang='lat' dir='ltr'><strong>quo</strong></span> <span class='ocrx_word' id='word_1_24' title='bbox 949 760 1028 829; x_wconf 86' lang='lat' dir='ltr'><strong>latet</strong></span> <span class='ocrx_word' id='word_1_25' title='bbox 1052 781 1126 830; x_wconf 80' lang='lat' dir='ltr'><strong>tera</strong></span> <span class='ocrx_word' id='word_1_26' title='bbox 1154 764 1249 832; x_wconf 91' lang='lat' dir='ltr'><strong>lectio</strong></span> <span class='ocrx_word' id='word_1_27' title='bbox 1279 767 1440 846; x_wconf 84' lang='grc' dir='ltr'><strong><em>τροτίνιιν.</em></strong></span> 
     </span>
     <span class='ocr_line' id='line_1_5' title="bbox 251 867 1439 956; baseline -0.003 -18"><span class='ocrx_word' id='word_1_28' title='bbox 251 872 373 954; x_wconf 80' lang='grc' dir='ltr'><strong><em>χρύσεα</em></strong></span> <span class='ocrx_word' id='word_1_29' title='bbox 403 868 539 937; x_wconf 87' lang='lat' dir='ltr'><strong>debetur</strong></span> <span class='ocrx_word' id='word_1_30' title='bbox 569 868 753 947; x_wconf 78' lang='lat' dir='ltr'><strong>Graeculis,</strong></span> <span class='ocrx_word' id='word_1_31' title='bbox 783 869 838 956; x_wconf 92' lang='lat' dir='ltr'><strong>qui</strong></span> <span class='ocrx_word' id='word_1_32' title='bbox 871 876 995 935; x_wconf 84' lang='lat' dir='ltr'><strong>veteres</strong></span> <span class='ocrx_word' id='word_1_33' title='bbox 1026 867 1145 936; x_wconf 89' lang='lat' dir='ltr'><strong>lormas</strong></span> <span class='ocrx_word' id='word_1_34' title='bbox 1175 869 1376 937; x_wconf 74' lang='lat' dir='ltr'><strong>resolvebant</strong></span> <span class='ocrx_word' id='word_1_35' title='bbox 1406 877 1439 935; x_wconf 91' lang='lat' dir='ltr'><strong>et</strong></span> 
     </span>
     <span class='ocr_line' id='line_1_6' title="bbox 253 973 1440 1056; baseline -0.003 -13"><span class='ocrx_word' id='word_1_36' title='bbox 253 978 286 1042; x_wconf 95' lang='lat' dir='ltr'><strong>in</strong></span> <span class='ocrx_word' id='word_1_37' title='bbox 319 975 370 1042; x_wconf 83' lang='lat' dir='ltr'><strong>nis</strong></span> <span class='ocrx_word' id='word_1_38' title='bbox 400 974 568 1042; x_wconf 81' lang='lat' dir='ltr'><strong>allectivis</strong></span> <span class='ocrx_word' id='word_1_39' title='bbox 598 981 631 1040; x_wconf 90' lang='lat' dir='ltr'><strong>et</strong></span> <span class='ocrx_word' id='word_1_40' title='bbox 655 975 689 1038; x_wconf 92' lang='lat' dir='ltr'><strong>in</strong></span> <span class='ocrx_word' id='word_1_41' title='bbox 722 973 827 1041; x_wconf 83' lang='lat' dir='ltr'><strong>realis</strong></span> <span class='ocrx_word' id='word_1_42' title='bbox 857 973 977 1049; x_wconf 87' lang='grc' dir='ltr'><strong><em>τλίειν,</em></strong></span> <span class='ocrx_word' id='word_1_43' title='bbox 1010 973 1100 1054; x_wconf 79' lang='grc' dir='ltr'><strong><em>ῥίειν,</em></strong></span> <span class='ocrx_word' id='word_1_44' title='bbox 1130 975 1233 1056; x_wconf 76' lang='grc' dir='ltr'><strong><em>χέειν,</em></strong></span> <span class='ocrx_word' id='word_1_45' title='bbox 1267 974 1440 1040; x_wconf 78' lang='lat' dir='ltr'><strong>similibus.</strong></span> 
     </span>
     <span class='ocr_line' id='line_1_7' title="bbox 254 1078 1438 1166; baseline -0.003 -17"><span class='ocrx_word' id='word_1_46' title='bbox 254 1081 316 1163; x_wconf 81' lang='lat' dir='ltr'><strong>Qui</strong></span> <span class='ocrx_word' id='word_1_47' title='bbox 340 1081 417 1148; x_wconf 88' lang='lat' dir='ltr'><strong>haec</strong></span> <span class='ocrx_word' id='word_1_48' title='bbox 441 1079 550 1146; x_wconf 90' lang='lat' dir='ltr'><strong>omnia</strong></span> <span class='ocrx_word' id='word_1_49' title='bbox 566 1079 740 1146; x_wconf 87' lang='lat' dir='ltr'><strong>emendare</strong></span> <span class='ocrx_word' id='word_1_50' title='bbox 760 1078 942 1157; x_wconf 82' lang='lat' dir='ltr'><strong>audebunt,</strong></span> <span class='ocrx_word' id='word_1_51' title='bbox 966 1080 1152 1166; x_wconf 79' lang='lat' dir='ltr'><strong>saepissime</strong></span> <span class='ocrx_word' id='word_1_52' title='bbox 1173 1091 1320 1147; x_wconf 84' lang='lat' dir='ltr'><strong>veterum</strong></span> <span class='ocrx_word' id='word_1_53' title='bbox 1345 1079 1438 1146; x_wconf 89' lang='lat' dir='ltr'><strong>libro·</strong></span> 
     </span>
     <span class='ocr_line' id='line_1_8' title="bbox 253 1183 1444 1270; baseline -0.003 -18"><span class='ocrx_word' id='word_1_54' title='bbox 253 1205 328 1252; x_wconf 90' lang='lat' dir='ltr'><strong>rum</strong></span> <span class='ocrx_word' id='word_1_55' title='bbox 359 1186 553 1253; x_wconf 73' lang='lat' dir='ltr'><strong>auctoritaie</strong></span> <span class='ocrx_word' id='word_1_56' title='bbox 585 1192 618 1251; x_wconf 92' lang='lat' dir='ltr'><strong>et</strong></span> <span class='ocrx_word' id='word_1_57' title='bbox 649 1183 941 1252; x_wconf 78' lang='lat' dir='ltr'><strong>Grammaticorum</strong></span> <span class='ocrx_word' id='word_1_58' title='bbox 975 1185 1153 1270; x_wconf 78' lang='lat' dir='ltr'><strong>praeceptis</strong></span> <span class='ocrx_word' id='word_1_59' title='bbox 1184 1193 1218 1252; x_wconf 88' lang='lat' dir='ltr'><strong>et</strong></span> <span class='ocrx_word' id='word_1_60' title='bbox 1247 1185 1444 1252; x_wconf 75' lang='lat' dir='ltr'><strong>testimoniis</strong></span> 
     </span>
     <span class='ocr_line' id='line_1_9' title="bbox 253 1287 1440 1376; baseline -0.003 -19"><span class='ocrx_word' id='word_1_61' title='bbox 253 1289 504 1359; x_wconf 84' lang='lat' dir='ltr'><strong>adiurabuntur.</strong></span> <span class='ocrx_word' id='word_1_62' title='bbox 551 1289 588 1356; x_wconf 91' lang='lat' dir='ltr'><strong>ln</strong></span> <span class='ocrx_word' id='word_1_63' title='bbox 619 1291 782 1356; x_wconf 74' lang='lat' dir='ltr'><strong>resonos</strong></span> <span class='ocrx_word' id='word_1_64' title='bbox 815 1289 1029 1376; x_wconf 72' lang='lat' dir='ltr'><strong>ctesiphonten</strong></span> <span class='ocrx_word' id='word_1_65' title='bbox 1054 1309 1084 1375; x_wconf 95' lang='lat' dir='ltr'><strong>p.</strong></span> <span class='ocrx_word' id='word_1_66' title='bbox 1105 1295 1158 1358; x_wconf 87' lang='grc'><strong>77.</strong></span> <span class='ocrx_word' id='word_1_67' title='bbox 1186 1295 1204 1376; x_wconf 88' lang='lat'><em>§</em></span> <span class='ocrx_word' id='word_1_68' title='bbox 1230 1295 1305 1356; x_wconf 80' lang='lat'><strong>166.</strong></span> <span class='ocrx_word' id='word_1_69' title='bbox 1329 1287 1351 1355; x_wconf 86' lang='grc' dir='ltr'><strong>ίι</strong></span> <span class='ocrx_word' id='word_1_70' title='bbox 1375 1296 1440 1363; x_wconf 78' lang='grc' dir='ltr'><strong><em>τῶς</em></strong></span> 
     </span>
     <span class='ocr_line' id='line_1_10' title="bbox 253 1392 1440 1478; baseline -0.003 -14"><span class='ocrx_word' id='word_1_71' title='bbox 253 1399 320 1464; x_wconf 71' lang='grc' dir='ltr'><strong>ποθ’</strong></span> <span class='ocrx_word' id='word_1_72' title='bbox 346 1397 456 1476; x_wconf 85' lang='grc' dir='ltr'><strong><em>ύμείς,</em></strong></span> <span class='ocrx_word' id='word_1_73' title='bbox 492 1392 514 1461; x_wconf 82' lang='grc' dir='ltr'><strong><em>ὦ</em></strong></span> <span class='ocrx_word' id='word_1_74' title='bbox 547 1395 739 1478; x_wconf 79' lang='grc' dir='ltr'><strong><em>οιόιίρεοι,</em></strong></span> <span class='ocrx_word' id='word_1_75' title='bbox 770 1395 960 1476; x_wconf 72' lang='grc' dir='ltr'><strong>ἐκαρτερεῖτε</strong></span> <span class='ocrx_word' id='word_1_76' title='bbox 994 1393 1194 1475; x_wconf 74' lang='grc' dir='ltr'><strong><em>ιίκρούμενοις</em></strong></span> <span class='ocrx_word' id='word_1_77' title='bbox 1227 1395 1309 1461; x_wconf 87' lang='lat' dir='ltr'><strong>male</strong></span> <span class='ocrx_word' id='word_1_78' title='bbox 1339 1393 1440 1460; x_wconf 82' lang='lat' dir='ltr'><strong>alunt</strong></span> 
     </span>
     <span class='ocr_line' id='line_1_11' title="bbox 253 1498 1442 1589; baseline -0.003 -21"><span class='ocrx_word' id='word_1_79' title='bbox 253 1521 365 1570; x_wconf 83' lang='lat' dir='ltr'><strong>ornnes</strong></span> <span class='ocrx_word' id='word_1_80' title='bbox 384 1521 442 1589; x_wconf 91' lang='lat' dir='ltr'><strong>pro</strong></span> <span class='ocrx_word' id='word_1_81' title='bbox 459 1502 582 1582; x_wconf 70' lang='lat' dir='ltr'><strong>crispat.</strong></span> <span class='ocrx_word' id='word_1_82' title='bbox 605 1500 774 1574; x_wconf 82' lang='lat' dir='ltr'><strong>verissima</strong></span> <span class='ocrx_word' id='word_1_83' title='bbox 797 1498 964 1566; x_wconf 84' lang='lat' dir='ltr'><strong>tlocentern</strong></span> <span class='ocrx_word' id='word_1_84' title='bbox 986 1499 1184 1568; x_wconf 73' lang='lat' dir='ltr'><strong>Pacuuianus</strong></span> <span class='ocrx_word' id='word_1_85' title='bbox 1207 1521 1237 1587; x_wconf 89' lang='lat' dir='ltr'><strong>p.</strong></span> <span class='ocrx_word' id='word_1_86' title='bbox 1260 1505 1324 1566; x_wconf 74' lang='lat'><strong>207</strong></span> <span class='ocrx_word' id='word_1_87' title='bbox 1347 1519 1442 1566; x_wconf 86' lang='lat' dir='ltr'><strong>nerno</strong></span> 
     </span>
     <span class='ocr_line' id='line_1_12' title="bbox 254 1601 1439 1694; baseline -0.004 -21"><span class='ocrx_word' id='word_1_88' title='bbox 254 1608 413 1694; x_wconf 88' lang='lat' dir='ltr'><strong>sequitur.</strong></span> <span class='ocrx_word' id='word_1_89' title='bbox 459 1606 496 1672; x_wconf 91' lang='lat' dir='ltr'><strong>lu</strong></span> <span class='ocrx_word' id='word_1_90' title='bbox 529 1609 624 1692; x_wconf 79' lang='lat'><strong>§40.</strong></span> <span class='ocrx_word' id='word_1_91' title='bbox 656 1601 706 1671; x_wconf 88' lang='grc' dir='ltr'><strong><em>ιία</em></strong></span> <span class='ocrx_word' id='word_1_92' title='bbox 733 1601 810 1682; x_wconf 76' lang='grc' dir='ltr'><strong><em>ἕξεις</em></strong></span> <span class='ocrx_word' id='word_1_93' title='bbox 841 1603 1023 1686; x_wconf 73' lang='grc' dir='ltr'><strong><em>πράγματα</em></strong></span> <span class='ocrx_word' id='word_1_94' title='bbox 1056 1605 1192 1691; x_wconf 77' lang='lat' dir='ltr'><strong>intelligi</strong></span> <span class='ocrx_word' id='word_1_95' title='bbox 1223 1625 1285 1670; x_wconf 92' lang='lat' dir='ltr'><strong>non</strong></span> <span class='ocrx_word' id='word_1_96' title='bbox 1316 1611 1439 1691; x_wconf 82' lang='lat' dir='ltr'><strong>potest,</strong></span> 
     </span>
     <span class='ocr_line' id='line_1_13' title="bbox 255 1707 1442 1797; baseline -0.004 -18"><span class='ocrx_word' id='word_1_97' title='bbox 255 1711 311 1780; x_wconf 80' lang='lat' dir='ltr'><strong>sed</strong></span> <span class='ocrx_word' id='word_1_98' title='bbox 333 1709 403 1778; x_wconf 82' lang='grc' dir='ltr'><strong><em>ύτα.</em></strong></span> <span class='ocrx_word' id='word_1_99' title='bbox 449 1710 486 1777; x_wconf 86' lang='lat' dir='ltr'><strong>lu</strong></span> <span class='ocrx_word' id='word_1_100' title='bbox 518 1714 535 1794; x_wconf 70' lang='grc' dir='ltr'>ς</span> <span class='ocrx_word' id='word_1_101' title='bbox 563 1715 617 1776; x_wconf 73' lang='lat' dir='ltr'><strong>ll.</strong></span> <span class='ocrx_word' id='word_1_102' title='bbox 643 1731 700 1797; x_wconf 87' lang='lat' dir='ltr'><strong>pro</strong></span> <span class='ocrx_word' id='word_1_103' title='bbox 728 1709 858 1784; x_wconf 79' lang='grc' dir='ltr'><strong><em>οίόόατος</em></strong></span> <span class='ocrx_word' id='word_1_104' title='bbox 882 1709 1012 1795; x_wconf 84' lang='lat' dir='ltr'><strong>requiro</strong></span> <span class='ocrx_word' id='word_1_105' title='bbox 1042 1707 1182 1790; x_wconf 83' lang='grc' dir='ltr'><strong><em>οίόρατος.</em></strong></span> <span class='ocrx_word' id='word_1_106' title='bbox 1230 1710 1266 1777; x_wconf 91' lang='lat' dir='ltr'><strong>ln</strong></span> <span class='ocrx_word' id='word_1_107' title='bbox 1293 1713 1384 1796; x_wconf 72' lang='lat' dir='ltr'><strong>ste.</strong></span> <span class='ocrx_word' id='word_1_108' title='bbox 1409 1707 1442 1782; x_wconf 68' lang='lat' dir='ltr'><strong>te</strong></span> 
     </span>
     <span class='ocr_line' id='line_1_14' title="bbox 253 1813 1443 1898; baseline -0.002 -17"><span class='ocrx_word' id='word_1_109' title='bbox 253 1841 289 1882; x_wconf 84' lang='grc' dir='ltr'><strong><em>τε</em></strong></span> <span class='ocrx_word' id='word_1_110' title='bbox 324 1815 439 1883; x_wconf 84' lang='grc' dir='ltr'><strong><em>ταύοει</em></strong></span> <span class='ocrx_word' id='word_1_111' title='bbox 480 1815 673 1898; x_wconf 69' lang='lat' dir='ltr'><strong>perpetravere</strong></span> <span class='ocrx_word' id='word_1_112' title='bbox 706 1817 762 1891; x_wconf 77' lang='grc' dir='ltr'><strong><em>τίιν</em></strong></span> <span class='ocrx_word' id='word_1_113' title='bbox 795 1815 915 1890; x_wconf 78' lang='grc' dir='ltr'><strong><em>τολλίιν</em></strong></span> <span class='ocrx_word' id='word_1_114' title='bbox 948 1813 1065 1890; x_wconf 79' lang='grc' dir='ltr'><strong><em>ταύτην</em></strong></span> <span class='ocrx_word' id='word_1_115' title='bbox 1101 1815 1228 1896; x_wconf 77' lang='grc' dir='ltr'><strong><em>κόρυζαν</em></strong></span> <span class='ocrx_word' id='word_1_116' title='bbox 1262 1813 1443 1892; x_wconf 74' lang='grc' dir='ltr'><strong><em>ιίτοξύοαι,</em></strong></span> 
     </span>
     <span class='ocr_line' id='line_1_15' title="bbox 255 1918 1442 2007; baseline -0.003 -20"><span class='ocrx_word' id='word_1_117' title='bbox 255 1939 319 1987; x_wconf 92' lang='lat' dir='ltr'><strong>non</strong></span> <span class='ocrx_word' id='word_1_118' title='bbox 342 1920 539 2007; x_wconf 81' lang='grc' dir='ltr'><strong><em>αίνιιειροαόί</em></strong></span> <span class='ocrx_word' id='word_1_119' title='bbox 563 1921 650 1986; x_wconf 88' lang='lat' dir='ltr'><strong>notio</strong></span> <span class='ocrx_word' id='word_1_120' title='bbox 672 1918 728 1986; x_wconf 89' lang='lat' dir='ltr'><strong>sed</strong></span> <span class='ocrx_word' id='word_1_121' title='bbox 749 1920 938 2006; x_wconf 80' lang='lat' dir='ltr'><strong>emcopenrli</strong></span> <span class='ocrx_word' id='word_1_122' title='bbox 960 1919 1151 2006; x_wconf 87' lang='lat' dir='ltr'><strong>requiritur.</strong></span> <span class='ocrx_word' id='word_1_123' title='bbox 1199 1919 1312 1987; x_wconf 86' lang='lat' dir='ltr'><strong>Scribe</strong></span> <span class='ocrx_word' id='word_1_124' title='bbox 1340 1921 1442 2004; x_wconf 77' lang='lat' dir='ltr'><strong>igitur</strong></span> 
     </span>
     <span class='ocr_line' id='line_1_16' title="bbox 254 2022 1443 2109; baseline -0.004 -16"><span class='ocrx_word' id='word_1_125' title='bbox 254 2024 433 2104; x_wconf 80' lang='grc' dir='ltr'><strong><em>ιίτομύξας.</em></strong></span> <span class='ocrx_word' id='word_1_126' title='bbox 480 2023 631 2092; x_wconf 88' lang='lat' dir='ltr'><strong>Sumtum</strong></span> <span class='ocrx_word' id='word_1_127' title='bbox 663 2045 681 2092; x_wconf 92' lang='lat' dir='ltr'><strong>a</strong></span> <span class='ocrx_word' id='word_1_128' title='bbox 713 2025 852 2091; x_wconf 78' lang='lat' dir='ltr'><strong>Peiroae</strong></span> <span class='ocrx_word' id='word_1_129' title='bbox 882 2025 915 2089; x_wconf 93' lang='lat' dir='ltr'><strong>in</strong></span> <span class='ocrx_word' id='word_1_130' title='bbox 950 2025 1118 2091; x_wconf 86' lang='lat' dir='ltr'><strong>notissimo</strong></span> <span class='ocrx_word' id='word_1_131' title='bbox 1144 2024 1213 2092; x_wconf 89' lang='lat' dir='ltr'><strong>loco</strong></span> <span class='ocrx_word' id='word_1_132' title='bbox 1242 2024 1281 2090; x_wconf 78' lang='lat' dir='ltr'><strong>de</strong></span> <span class='ocrx_word' id='word_1_133' title='bbox 1312 2022 1387 2109; x_wconf 85' lang='lat' dir='ltr'><strong>liep.</strong></span> <span class='ocrx_word' id='word_1_134' title='bbox 1414 2023 1443 2088; x_wconf 89' lang='lat' dir='ltr'><strong>i·</strong></span> 
     </span>
     <span class='ocr_line' id='line_1_17' title="bbox 257 2127 1443 2218; baseline -0.003 -20"><span class='ocrx_word' id='word_1_135' title='bbox 257 2152 288 2218; x_wconf 90' lang='lat' dir='ltr'><strong>p.</strong></span> <span class='ocrx_word' id='word_1_136' title='bbox 313 2135 377 2198; x_wconf 77' lang='grc'><strong>547</strong></span> <span class='ocrx_word' id='word_1_137' title='bbox 401 2153 430 2196; x_wconf 79' lang='grc' dir='ltr'><strong>ι.</strong></span> <span class='ocrx_word' id='word_1_138' title='bbox 455 2129 624 2212; x_wconf 80' lang='grc' dir='ltr'><strong><em>κορνζύντοί</em></strong></span> <span class='ocrx_word' id='word_1_139' title='bbox 655 2155 690 2196; x_wconf 86' lang='grc' dir='ltr'><strong>οε</strong></span> <span class='ocrx_word' id='word_1_140' title='bbox 717 2137 839 2214; x_wconf 78' lang='grc' dir='ltr'><strong><em>τεριορζί</em></strong></span> <span class='ocrx_word' id='word_1_141' title='bbox 861 2131 914 2196; x_wconf 80' lang='grc' dir='ltr'><strong><em>καί</em></strong></span> <span class='ocrx_word' id='word_1_142' title='bbox 946 2131 999 2195; x_wconf 90' lang='grc' dir='ltr'><strong><em>ούιι</em></strong></span> <span class='ocrx_word' id='word_1_143' title='bbox 1022 2129 1199 2209; x_wconf 83' lang='grc' dir='ltr'><strong><em>οίιιομύττει</em></strong></span> <span class='ocrx_word' id='word_1_144' title='bbox 1222 2129 1377 2210; x_wconf 69' lang='grc' dir='ltr'><strong><em>δεόμενον,</em></strong></span> <span class='ocrx_word' id='word_1_145' title='bbox 1403 2127 1443 2195; x_wconf 88' lang='lat' dir='ltr'><strong>de</strong></span> 
     </span>
     <span class='ocr_line' id='line_1_18' title="bbox 257 2231 1086 2324; baseline -0.006 -21"><span class='ocrx_word' id='word_1_146' title='bbox 257 2255 321 2324; x_wconf 91' lang='lat' dir='ltr'><strong>quo</strong></span> <span class='ocrx_word' id='word_1_147' title='bbox 344 2233 417 2302; x_wconf 77' lang='lat' dir='ltr'><strong>virle</strong></span> <span class='ocrx_word' id='word_1_148' title='bbox 440 2235 642 2302; x_wconf 82' lang='lat' dir='ltr'><strong>lluunurnruu</strong></span> <span class='ocrx_word' id='word_1_149' title='bbox 666 2234 706 2302; x_wconf 89' lang='lat' dir='ltr'><strong>ad</strong></span> <span class='ocrx_word' id='word_1_150' title='bbox 731 2236 872 2302; x_wconf 84' lang='grc' dir='ltr'><strong><em>Τιιιιιιιιιι</em></strong></span> <span class='ocrx_word' id='word_1_151' title='bbox 896 2256 925 2301; x_wconf 86' lang='lat' dir='ltr'><strong>r.</strong></span> <span class='ocrx_word' id='word_1_152' title='bbox 953 2231 1086 2316; x_wconf 75' lang='grc' dir='ltr'><strong>κορνζιὶν.</strong></span> 
     </span>
    </p>

    <p class='ocr_par' dir='ltr' id='par_1_3' title="bbox 255 2337 1448 3584">
     <span class='ocr_line' id='line_1_19' title="bbox 302 2337 1444 2429; baseline -0.005 -21"><span class='ocrx_word' id='word_1_153' title='bbox 302 2343 340 2408; x_wconf 92' lang='lat' dir='ltr'><strong>ln</strong></span> <span class='ocrx_word' id='word_1_154' title='bbox 364 2341 508 2429; x_wconf 78' lang='lat' dir='ltr'><strong>Diclopr&#39;r</strong></span> <span class='ocrx_word' id='word_1_155' title='bbox 530 2340 717 2408; x_wconf 81' lang='lat' dir='ltr'><strong>Meretriciir</strong></span> <span class='ocrx_word' id='word_1_156' title='bbox 747 2346 802 2408; x_wconf 90' lang='grc'><strong>67.</strong></span> <span class='ocrx_word' id='word_1_157' title='bbox 832 2347 861 2407; x_wconf 84' lang='grc'><strong>1.</strong></span> <span class='ocrx_word' id='word_1_158' title='bbox 898 2343 915 2424; x_wconf 88' lang='lat'>§</span> <span class='ocrx_word' id='word_1_159' title='bbox 942 2345 970 2406; x_wconf 94' lang='lat' dir='ltr'><strong>l.</strong></span> <span class='ocrx_word' id='word_1_160' title='bbox 996 2341 1109 2406; x_wconf 82' lang='lat' dir='ltr'><strong>vitiosa</strong></span> <span class='ocrx_word' id='word_1_161' title='bbox 1134 2339 1237 2406; x_wconf 89' lang='lat' dir='ltr'><strong>lorma</strong></span> <span class='ocrx_word' id='word_1_162' title='bbox 1262 2347 1312 2407; x_wconf 85' lang='lat' dir='ltr'><strong>est</strong></span> <span class='ocrx_word' id='word_1_163' title='bbox 1342 2337 1444 2403; x_wconf 92' lang='lat' dir='ltr'><strong>nomi·</strong></span> 
     </span>
     <span class='ocr_line' id='line_1_20' title="bbox 256 2443 1444 2529; baseline -0.006 -15"><span class='ocrx_word' id='word_1_164' title='bbox 256 2449 309 2515; x_wconf 83' lang='lat' dir='ltr'><strong>nia</strong></span> <span class='ocrx_word' id='word_1_165' title='bbox 332 2447 468 2529; x_wconf 89' lang='grc' dir='ltr'><strong><em>Γοργόνα</em></strong></span> <span class='ocrx_word' id='word_1_166' title='bbox 493 2449 510 2524; x_wconf 77' lang='grc' dir='ltr'><strong><em>τί</em></strong></span> <span class='ocrx_word' id='word_1_167' title='bbox 539 2447 757 2527; x_wconf 74' lang='grc' dir='ltr'><strong><em>παμπόνηρος,</em></strong></span> <span class='ocrx_word' id='word_1_168' title='bbox 788 2444 939 2527; x_wconf 90' lang='grc' dir='ltr'><strong><em>Γοργόναν</em></strong></span> <span class='ocrx_word' id='word_1_169' title='bbox 969 2453 1001 2510; x_wconf 85' lang='lat' dir='ltr'><strong>el</strong></span> <span class='ocrx_word' id='word_1_170' title='bbox 1031 2455 1071 2527; x_wconf 73' lang='grc' dir='ltr'><strong><em>τῇ</em></strong></span> <span class='ocrx_word' id='word_1_171' title='bbox 1102 2443 1242 2526; x_wconf 79' lang='grc' dir='ltr'><strong><em>Γοργόνρι.</em></strong></span> <span class='ocrx_word' id='word_1_172' title='bbox 1299 2443 1444 2510; x_wconf 81' lang='lat' dir='ltr'><strong>Restituc</strong></span> 
     </span>
     <span class='ocr_line' id='line_1_21' title="bbox 256 2549 1444 2636; baseline -0.007 -16"><span class='ocrx_word' id='word_1_173' title='bbox 256 2553 395 2636; x_wconf 82' lang='grc' dir='ltr'><strong><em>Γοργόν,</em></strong></span> <span class='ocrx_word' id='word_1_174' title='bbox 420 2552 576 2634; x_wconf 86' lang='grc' dir='ltr'><strong><em>Γοργόνα,</em></strong></span> <span class='ocrx_word' id='word_1_175' title='bbox 601 2551 735 2633; x_wconf 88' lang='grc' dir='ltr'><strong><em>Γοργόνι.</em></strong></span> <span class='ocrx_word' id='word_1_176' title='bbox 784 2549 818 2617; x_wconf 89' lang='lat' dir='ltr'><strong>Si</strong></span> <span class='ocrx_word' id='word_1_177' title='bbox 837 2552 855 2627; x_wconf 80' lang='grc' dir='ltr'><strong><em>ί</em></strong></span> <span class='ocrx_word' id='word_1_178' title='bbox 876 2549 1013 2630; x_wconf 88' lang='grc' dir='ltr'><strong><em>Γοργόνα</em></strong></span> <span class='ocrx_word' id='word_1_179' title='bbox 1035 2559 1120 2615; x_wconf 87' lang='lat' dir='ltr'><strong>esset</strong></span> <span class='ocrx_word' id='word_1_180' title='bbox 1142 2549 1301 2616; x_wconf 80' lang='lat' dir='ltr'><strong>Graecum</strong></span> <span class='ocrx_word' id='word_1_181' title='bbox 1327 2567 1444 2614; x_wconf 86' lang='lat' dir='ltr'><strong>nomen</strong></span> 
     </span>
     <span class='ocr_line' id='line_1_22' title="bbox 256 2651 1445 2746; baseline -0.007 -21"><span class='ocrx_word' id='word_1_182' title='bbox 256 2657 449 2746; x_wconf 90' lang='lat' dir='ltr'><strong>productum</strong></span> <span class='ocrx_word' id='word_1_183' title='bbox 474 2682 498 2724; x_wconf 93' lang='grc' dir='ltr'><strong><em>α</em></strong></span> <span class='ocrx_word' id='word_1_184' title='bbox 516 2657 660 2724; x_wconf 80' lang='lat' dir='ltr'><strong>dativum</strong></span> <span class='ocrx_word' id='word_1_185' title='bbox 681 2655 859 2744; x_wconf 81' lang='lat' dir='ltr'><strong>postularet</strong></span> <span class='ocrx_word' id='word_1_186' title='bbox 878 2665 917 2738; x_wconf 70' lang='grc' dir='ltr'><strong><em>τῇ</em></strong></span> <span class='ocrx_word' id='word_1_187' title='bbox 941 2653 1098 2738; x_wconf 86' lang='grc' dir='ltr'><strong><em>Γοργόνρι,</em></strong></span> <span class='ocrx_word' id='word_1_188' title='bbox 1125 2663 1160 2720; x_wconf 86' lang='grc' dir='ltr'><strong>ιιι</strong></span> <span class='ocrx_word' id='word_1_189' title='bbox 1183 2663 1261 2720; x_wconf 91' lang='lat' dir='ltr'><strong>sunt</strong></span> <span class='ocrx_word' id='word_1_190' title='bbox 1284 2651 1445 2741; x_wconf 85' lang='lat' dir='ltr'><strong>permulta</strong></span> 
     </span>
     <span class='ocr_line' id='line_1_23' title="bbox 255 2757 1445 2844; baseline -0.007 -13"><span class='ocrx_word' id='word_1_191' title='bbox 255 2765 389 2831; x_wconf 88' lang='lat' dir='ltr'><strong>nomina</strong></span> <span class='ocrx_word' id='word_1_192' title='bbox 417 2761 591 2830; x_wconf 84' lang='lat' dir='ltr'><strong>muliebria</strong></span> <span class='ocrx_word' id='word_1_193' title='bbox 624 2763 773 2828; x_wconf 85' lang='lat' dir='ltr'><strong>exeuntia</strong></span> <span class='ocrx_word' id='word_1_194' title='bbox 811 2761 843 2838; x_wconf 88' lang='lat' dir='ltr'><strong>io</strong></span> <span class='ocrx_word' id='word_1_195' title='bbox 873 2785 896 2826; x_wconf 88' lang='grc' dir='ltr'><strong><em>α</em></strong></span> <span class='ocrx_word' id='word_1_196' title='bbox 927 2757 1057 2844; x_wconf 80' lang='lat' dir='ltr'><strong>longum</strong></span> <span class='ocrx_word' id='word_1_197' title='bbox 1091 2759 1301 2844; x_wconf 68' lang='lat' dir='ltr'><strong>praecellente</strong></span> <span class='ocrx_word' id='word_1_198' title='bbox 1329 2777 1445 2824; x_wconf 88' lang='lat' dir='ltr'><strong>conso·</strong></span> 
     </span>
     <span class='ocr_line' id='line_1_24' title="bbox 255 2861 1445 2950; baseline -0.005 -14"><span class='ocrx_word' id='word_1_199' title='bbox 255 2878 372 2946; x_wconf 77' lang='lat' dir='ltr'><strong>nante,</strong></span> <span class='ocrx_word' id='word_1_200' title='bbox 395 2878 433 2936; x_wconf 90' lang='lat' dir='ltr'><strong>ut</strong></span> <span class='ocrx_word' id='word_1_201' title='bbox 456 2869 557 2947; x_wconf 85' lang='grc' dir='ltr'><strong><em>Φίλα,</em></strong></span> <span class='ocrx_word' id='word_1_202' title='bbox 583 2867 698 2944; x_wconf 82' lang='grc' dir='ltr'><strong><em>Φίλας,</em></strong></span> <span class='ocrx_word' id='word_1_203' title='bbox 722 2868 825 2950; x_wconf 82' lang='grc' dir='ltr'><strong><em>Φίλρ,</em></strong></span> <span class='ocrx_word' id='word_1_204' title='bbox 850 2865 1001 2945; x_wconf 84' lang='grc' dir='ltr'><strong><em>Διοτίμα,</em></strong></span> <span class='ocrx_word' id='word_1_205' title='bbox 1027 2866 1201 2947; x_wconf 85' lang='grc' dir='ltr'><strong><em>Φερετίμα,</em></strong></span> <span class='ocrx_word' id='word_1_206' title='bbox 1227 2861 1356 2944; x_wconf 62' lang='lat' dir='ltr'><strong>Missi,</strong></span> <span class='ocrx_word' id='word_1_207' title='bbox 1381 2875 1445 2930; x_wconf 83' lang='grc' dir='ltr'><strong>Κν-</strong></span> 
     </span>
     <span class='ocr_line' id='line_1_25' title="bbox 255 2961 1446 3054; baseline -0.004 -13"><span class='ocrx_word' id='word_1_208' title='bbox 255 2975 363 3054; x_wconf 86' lang='grc' dir='ltr'><strong><em>νίτιια,</em></strong></span> <span class='ocrx_word' id='word_1_209' title='bbox 386 2973 557 3053; x_wconf 77' lang='grc' dir='ltr'><strong><em>Λαγίσκα,</em></strong></span> <span class='ocrx_word' id='word_1_210' title='bbox 581 2963 701 3050; x_wconf 66' lang='lat' dir='ltr'><strong>atteia,</strong></span> <span class='ocrx_word' id='word_1_211' title='bbox 726 2971 946 3053; x_wconf 76' lang='grc' dir='ltr'><strong><em>Ἀρεταφίλα,</em></strong></span> <span class='ocrx_word' id='word_1_212' title='bbox 975 2971 1170 3052; x_wconf 83' lang='grc' dir='ltr'><strong><em>Πολυκρίτα,</em></strong></span> <span class='ocrx_word' id='word_1_213' title='bbox 1196 2971 1307 3049; x_wconf 72' lang='grc' dir='ltr'><strong><em>Μίδα,</em></strong></span> <span class='ocrx_word' id='word_1_214' title='bbox 1331 2961 1446 3046; x_wconf 67' lang='grc' dir='ltr'><strong><em>Λύκα,</em></strong></span> 
     </span>
     <span class='ocr_line' id='line_1_26' title="bbox 256 3070 1445 3160; baseline -0.003 -14"><span class='ocrx_word' id='word_1_215' title='bbox 256 3080 417 3160; x_wconf 84' lang='grc' dir='ltr'><strong><em>Σιμαίύα,</em></strong></span> <span class='ocrx_word' id='word_1_216' title='bbox 449 3077 599 3154; x_wconf 84' lang='grc' dir='ltr'><strong><em>Κοττίνα,</em></strong></span> <span class='ocrx_word' id='word_1_217' title='bbox 634 3076 821 3159; x_wconf 86' lang='grc' dir='ltr'><strong><em>Στρατόλα,</em></strong></span> <span class='ocrx_word' id='word_1_218' title='bbox 852 3070 997 3155; x_wconf 69' lang='grc' dir='ltr'><strong><em>Κάμμα,</em></strong></span> <span class='ocrx_word' id='word_1_219' title='bbox 1028 3075 1202 3155; x_wconf 79' lang='grc' dir='ltr'><strong><em>Τιμοξένα,</em></strong></span> <span class='ocrx_word' id='word_1_220' title='bbox 1233 3079 1445 3152; x_wconf 83' lang='grc' dir='ltr'><strong><em>Τελεοίιττα,</em></strong></span> 
     </span>
     <span class='ocr_line' id='line_1_27' title="bbox 256 3180 1447 3269; baseline -0.003 -19"><span class='ocrx_word' id='word_1_221' title='bbox 256 3181 439 3263; x_wconf 69' lang='grc' dir='ltr'><strong><em>Ἀντιγόνα,</em></strong></span> <span class='ocrx_word' id='word_1_222' title='bbox 454 3180 613 3263; x_wconf 76' lang='grc' dir='ltr'><strong><em>Τομύχα,</em></strong></span> <span class='ocrx_word' id='word_1_223' title='bbox 630 3183 786 3260; x_wconf 58' lang='lat' dir='ltr'><strong>&#39;Arrium</strong></span> <span class='ocrx_word' id='word_1_224' title='bbox 806 3180 924 3260; x_wconf 73' lang='grc' dir='ltr'><strong><em>Θήβα,</em></strong></span> <span class='ocrx_word' id='word_1_225' title='bbox 943 3181 1034 3247; x_wconf 82' lang='lat' dir='ltr'><strong>Pnur.</strong></span> <span class='ocrx_word' id='word_1_226' title='bbox 1053 3182 1143 3247; x_wconf 83' lang='lat' dir='ltr'><strong>l&#39;orn.</strong></span> <span class='ocrx_word' id='word_1_227' title='bbox 1156 3181 1197 3248; x_wconf 92' lang='lat' dir='ltr'><strong>ll.</strong></span> <span class='ocrx_word' id='word_1_228' title='bbox 1215 3201 1245 3269; x_wconf 92' lang='lat' dir='ltr'><strong>p.</strong></span> <span class='ocrx_word' id='word_1_229' title='bbox 1262 3187 1327 3250; x_wconf 78' lang='lat'><strong>856</strong></span> <span class='ocrx_word' id='word_1_230' title='bbox 1340 3205 1369 3248; x_wconf 79' lang='lat' dir='ltr'><strong>n.</strong></span> <span class='ocrx_word' id='word_1_231' title='bbox 1387 3183 1447 3248; x_wconf 75' lang='grc' dir='ltr'><strong>ὑπὸ</strong></span> 
     </span>
     <span class='ocr_line' id='line_1_28' title="bbox 257 3279 1446 3371; baseline -0.002 -17"><span class='ocrx_word' id='word_1_232' title='bbox 257 3288 390 3368; x_wconf 73' lang='grc' dir='ltr'><strong><em>Θήβας,</em></strong></span> <span class='ocrx_word' id='word_1_233' title='bbox 411 3285 485 3352; x_wconf 83' lang='lat' dir='ltr'><strong>alia.</strong></span> <span class='ocrx_word' id='word_1_234' title='bbox 513 3285 567 3351; x_wconf 86' lang='lat' dir='ltr'><strong>Sic</strong></span> <span class='ocrx_word' id='word_1_235' title='bbox 578 3282 682 3352; x_wconf 75' lang='grc' dir='ltr'><strong><em>Κύννῑι</em></strong></span> <span class='ocrx_word' id='word_1_236' title='bbox 702 3285 860 3354; x_wconf 83' lang='lat' dir='ltr'><strong>Graecum</strong></span> <span class='ocrx_word' id='word_1_237' title='bbox 881 3279 1126 3364; x_wconf 72' lang='lat' dir='ltr'><strong>estetttalvtiir,</strong></span> <span class='ocrx_word' id='word_1_238' title='bbox 1145 3287 1264 3371; x_wconf 82' lang='grc' dir='ltr'><strong><em>Κύννρι,</em></strong></span> <span class='ocrx_word' id='word_1_239' title='bbox 1287 3307 1347 3354; x_wconf 87' lang='lat' dir='ltr'><strong>non</strong></span> <span class='ocrx_word' id='word_1_240' title='bbox 1369 3288 1446 3354; x_wconf 73' lang='grc' dir='ltr'><strong><em>Κύν-</em></strong></span> 
     </span>
     <span class='ocr_line' id='line_1_29' title="bbox 256 3389 1446 3479; baseline -0.002 -21"><span class='ocrx_word' id='word_1_241' title='bbox 256 3417 328 3473; x_wconf 78' lang='grc' dir='ltr'><strong><em>ννις,</em></strong></span> <span class='ocrx_word' id='word_1_242' title='bbox 351 3390 437 3479; x_wconf 86' lang='lat' dir='ltr'><strong>quod</strong></span> <span class='ocrx_word' id='word_1_243' title='bbox 460 3393 494 3457; x_wconf 91' lang='lat' dir='ltr'><strong>in</strong></span> <span class='ocrx_word' id='word_1_244' title='bbox 513 3389 735 3457; x_wconf 81' lang='lat' dir='ltr'><strong>Anrsrorunurs</strong></span> <span class='ocrx_word' id='word_1_245' title='bbox 757 3389 864 3476; x_wconf 83' lang='lat' dir='ltr'><strong>Vespia</strong></span> <span class='ocrx_word' id='word_1_246' title='bbox 887 3389 1007 3478; x_wconf 78' lang='lat' dir='ltr'><strong>legitur</strong></span> <span class='ocrx_word' id='word_1_247' title='bbox 1031 3395 1130 3458; x_wconf 79' lang='lat'><strong>1027.</strong></span> <span class='ocrx_word' id='word_1_248' title='bbox 1152 3392 1240 3457; x_wconf 90' lang='lat' dir='ltr'><strong>etin</strong></span> <span class='ocrx_word' id='word_1_249' title='bbox 1264 3389 1347 3458; x_wconf 83' lang='lat' dir='ltr'><strong>Pace</strong></span> <span class='ocrx_word' id='word_1_250' title='bbox 1367 3396 1446 3458; x_wconf 73' lang='lat'><strong>754.</strong></span> 
     </span>
     <span class='ocr_line' id='line_1_30' title="bbox 257 3495 1448 3584; baseline -0.001 -21"><span class='ocrx_word' id='word_1_251' title='bbox 257 3497 337 3565; x_wconf 83' lang='lat' dir='ltr'><strong>Vide</strong></span> <span class='ocrx_word' id='word_1_252' title='bbox 368 3495 639 3584; x_wconf 83' lang='lat' dir='ltr'><strong>quemadmodum</strong></span> <span class='ocrx_word' id='word_1_253' title='bbox 672 3515 709 3562; x_wconf 84' lang='lat' dir='ltr'><strong>ea</strong></span> <span class='ocrx_word' id='word_1_254' title='bbox 744 3515 796 3562; x_wconf 88' lang='lat' dir='ltr'><strong>res</strong></span> <span class='ocrx_word' id='word_1_255' title='bbox 831 3495 1015 3580; x_wconf 75' lang='lat' dir='ltr'><strong>depravant</strong></span> <span class='ocrx_word' id='word_1_256' title='bbox 1050 3497 1233 3563; x_wconf 71' lang='lat' dir='ltr'><strong>l’ocrnmurr</strong></span> <span class='ocrx_word' id='word_1_257' title='bbox 1271 3495 1357 3563; x_wconf 91' lang='lat' dir='ltr'><strong>Vlll.</strong></span> <span class='ocrx_word' id='word_1_258' title='bbox 1389 3501 1448 3562; x_wconf 85' lang='grc'><strong>60.</strong></span> 
     </span>
    </p>
   </div>
   <div class='ocr_carea' id='block_1_3' title="bbox 255 3594 1450 4005">
    <p class='ocr_par' dir='ltr' id='par_1_4' title="bbox 255 3594 1450 4005">
     <span class='ocr_line' id='line_1_31' title="bbox 256 3594 1447 3689; baseline -0.003 -17"><span class='ocrx_word' id='word_1_259' title='bbox 256 3603 390 3680; x_wconf 82' lang='grc' dir='ltr'><strong><em>Κνννόννι</em></strong></span> <span class='ocrx_word' id='word_1_260' title='bbox 415 3602 571 3670; x_wconf 80' lang='grc' dir='ltr'><strong><em>Φιλίττον</em></strong></span> <span class='ocrx_word' id='word_1_261' title='bbox 595 3602 743 3685; x_wconf 83' lang='grc' dir='ltr'><strong><em>όνγιίτνρ.</em></strong></span> <span class='ocrx_word' id='word_1_262' title='bbox 778 3594 881 3669; x_wconf 78' lang='grc' dir='ltr'><strong><em>Κύννῖι</em></strong></span> <span class='ocrx_word' id='word_1_263' title='bbox 904 3621 1017 3668; x_wconf 83' lang='lat' dir='ltr'><strong>rerum</strong></span> <span class='ocrx_word' id='word_1_264' title='bbox 1041 3610 1108 3680; x_wconf 88' lang='lat' dir='ltr'><strong>est,</strong></span> <span class='ocrx_word' id='word_1_265' title='bbox 1132 3626 1166 3678; x_wconf 80' lang='lat' dir='ltr'><strong>m</strong></span> <span class='ocrx_word' id='word_1_266' title='bbox 1186 3602 1447 3689; x_wconf 87' lang='lat' dir='ltr'><strong>suprascriptum</strong></span> 
     </span>
     <span class='ocr_line' id='line_1_32' title="bbox 256 3705 1448 3798; baseline -0.004 -21"><span class='ocrx_word' id='word_1_267' title='bbox 256 3709 381 3798; x_wconf 90' lang='lat' dir='ltr'><strong>peperit</strong></span> <span class='ocrx_word' id='word_1_268' title='bbox 399 3727 563 3786; x_wconf 86' lang='lat' dir='ltr'><strong>errorem,</strong></span> <span class='ocrx_word' id='word_1_269' title='bbox 583 3707 679 3774; x_wconf 87' lang='lat' dir='ltr'><strong>cuius</strong></span> <span class='ocrx_word' id='word_1_270' title='bbox 694 3717 727 3773; x_wconf 92' lang='lat' dir='ltr'><strong>et</strong></span> <span class='ocrx_word' id='word_1_271' title='bbox 745 3705 820 3774; x_wconf 86' lang='lat' dir='ltr'><strong>alibi</strong></span> <span class='ocrx_word' id='word_1_272' title='bbox 839 3707 874 3773; x_wconf 87' lang='lat' dir='ltr'><strong>in</strong></span> <span class='ocrx_word' id='word_1_273' title='bbox 889 3705 1001 3775; x_wconf 88' lang='lat' dir='ltr'><strong>eodem</strong></span> <span class='ocrx_word' id='word_1_274' title='bbox 1016 3706 1143 3773; x_wconf 89' lang='lat' dir='ltr'><strong>nomine</strong></span> <span class='ocrx_word' id='word_1_275' title='bbox 1160 3707 1303 3794; x_wconf 76' lang='lat' dir='ltr'><strong>exempla</strong></span> <span class='ocrx_word' id='word_1_276' title='bbox 1322 3707 1448 3792; x_wconf 86' lang='lat' dir='ltr'><strong>suot¹).</strong></span> 
     </span>
     <span class='ocr_line' id='line_1_33' title="bbox 256 3809 1450 3900; baseline -0.003 -18"><span class='ocrx_word' id='word_1_277' title='bbox 256 3816 294 3883; x_wconf 91' lang='lat' dir='ltr'><strong>lu</strong></span> <span class='ocrx_word' id='word_1_278' title='bbox 319 3813 467 3900; x_wconf 89' lang='lat' dir='ltr'><strong>sequenti</strong></span> <span class='ocrx_word' id='word_1_279' title='bbox 487 3815 593 3900; x_wconf 90' lang='lat' dir='ltr'><strong>capite</strong></span> <span class='ocrx_word' id='word_1_280' title='bbox 611 3822 885 3880; x_wconf 89' lang='lat' dir='ltr'><strong>commemoratur</strong></span> <span class='ocrx_word' id='word_1_281' title='bbox 902 3809 994 3881; x_wconf 79' lang='grc' dir='ltr'><strong><em>Πύτα</em></strong></span> <span class='ocrx_word' id='word_1_282' title='bbox 1013 3815 1093 3892; x_wconf 78' lang='grc' dir='ltr'><strong><em>γννίι</em></strong></span> <span class='ocrx_word' id='word_1_283' title='bbox 1114 3813 1267 3880; x_wconf 80' lang='grc' dir='ltr'><strong><em>Σελεύκου</em></strong></span> <span class='ocrx_word' id='word_1_284' title='bbox 1287 3817 1341 3879; x_wconf 83' lang='grc' dir='ltr'><strong><em>τοῦ</em></strong></span> <span class='ocrx_word' id='word_1_285' title='bbox 1363 3823 1450 3879; x_wconf 85' lang='grc' dir='ltr'><strong><em>Καλ-</em></strong></span> 
     </span>
     <span class='ocr_line' id='line_1_34' title="bbox 255 3917 1446 4005; baseline -0.002 -17"><span class='ocrx_word' id='word_1_286' title='bbox 255 3920 380 3988; x_wconf 80' lang='grc' dir='ltr'><strong><em>λινίκου.</em></strong></span> <span class='ocrx_word' id='word_1_287' title='bbox 427 3918 550 3984; x_wconf 73' lang='lat' dir='ltr'><strong>littera</strong></span> <span class='ocrx_word' id='word_1_288' title='bbox 579 3943 606 3986; x_wconf 87' lang='grc' dir='ltr'><strong><em>ιτ</em></strong></span> <span class='ocrx_word' id='word_1_289' title='bbox 627 3917 770 3986; x_wconf 80' lang='lat' dir='ltr'><strong>debetur</strong></span> <span class='ocrx_word' id='word_1_290' title='bbox 801 3917 1012 3998; x_wconf 84' lang='lat' dir='ltr'><strong>rubricatori,</strong></span> <span class='ocrx_word' id='word_1_291' title='bbox 1037 3919 1215 4005; x_wconf 81' lang='lat' dir='ltr'><strong>genuinum</strong></span> <span class='ocrx_word' id='word_1_292' title='bbox 1247 3927 1296 3984; x_wconf 87' lang='lat' dir='ltr'><strong>est</strong></span> <span class='ocrx_word' id='word_1_293' title='bbox 1330 3917 1446 3989; x_wconf 76' lang='grc' dir='ltr'><strong><em>Μύςιῐ.</em></strong></span> 
     </span>
    </p>
   </div>
   <div class='ocr_carea' id='block_1_4' title="bbox 235 4049 452 4084">
    <p class='ocr_par' dir='ltr' id='par_1_5' title="bbox 235 4049 452 4084">
     <span class='ocr_line' id='line_1_35' title="bbox 235 4049 452 4084; baseline -0.005 -17"><span class='ocrx_word' id='word_1_294' title='bbox 235 4049 452 4084; x_wconf 54' lang='grc'><strong>’,-</strong></span> 
     </span>
    </p>
   </div>
   <div class='ocr_carea' id='block_1_5' title="bbox 256 4138 1452 4540">
    <p class='ocr_par' dir='ltr' id='par_1_6' title="bbox 256 4138 1452 4540">
     <span class='ocr_line' id='line_1_36' title="bbox 293 4138 1451 4212; baseline -0.004 -16"><span class='ocrx_word' id='word_1_295' title='bbox 293 4145 319 4212; x_wconf 84' lang='grc'><strong>1)</strong></span> <span class='ocrx_word' id='word_1_296' title='bbox 336 4143 457 4196; x_wconf 64' lang='lat' dir='ltr'><strong>maedam</strong></span> <span class='ocrx_word' id='word_1_297' title='bbox 470 4141 561 4192; x_wconf 76' lang='lat' dir='ltr'><strong>aaronis</strong></span> <span class='ocrx_word' id='word_1_298' title='bbox 571 4142 679 4194; x_wconf 69' lang='lat' dir='ltr'><strong>rituum</strong></span> <span class='ocrx_word' id='word_1_299' title='bbox 690 4142 836 4206; x_wconf 63' lang='lat' dir='ltr'><strong>metopium</strong></span> <span class='ocrx_word' id='word_1_300' title='bbox 851 4141 928 4192; x_wconf 74' lang='lat' dir='ltr'><strong>hebes</strong></span> <span class='ocrx_word' id='word_1_301' title='bbox 940 4141 967 4192; x_wconf 86' lang='lat' dir='ltr'><strong>ln</strong></span> <span class='ocrx_word' id='word_1_302' title='bbox 980 4141 1147 4192; x_wconf 75' lang='lat' dir='ltr'><strong>Pncrasour</strong></span> <span class='ocrx_word' id='word_1_303' title='bbox 1160 4138 1342 4206; x_wconf 77' lang='grc' dir='ltr'><strong><em>Δρορίιίόοριιι,</em></strong></span> <span class='ocrx_word' id='word_1_304' title='bbox 1355 4138 1451 4191; x_wconf 80' lang='grc' dir='ltr'><strong><em>Ιαοοα.</em></strong></span> 
     </span>
     <span class='ocr_line' id='line_1_37' title="bbox 256 4219 1452 4293; baseline -0.003 -16"><span class='ocrx_word' id='word_1_305' title='bbox 256 4225 446 4293; x_wconf 69' lang='lat' dir='ltr'><strong>p.218u.ubi</strong></span> <span class='ocrx_word' id='word_1_306' title='bbox 465 4219 606 4291; x_wconf 67' lang='grc' dir='ltr'><strong><em>Ἀρηγεύς</em></strong></span> <span class='ocrx_word' id='word_1_307' title='bbox 621 4229 845 4283; x_wconf 83' lang='lat' dir='ltr'><strong>commemoretur,</strong></span> <span class='ocrx_word' id='word_1_308' title='bbox 866 4223 910 4284; x_wconf 88' lang='lat' dir='ltr'><strong>qui</strong></span> <span class='ocrx_word' id='word_1_309' title='bbox 933 4237 1014 4288; x_wconf 84' lang='lat' dir='ltr'><strong>neque</strong></span> <span class='ocrx_word' id='word_1_310' title='bbox 1035 4221 1141 4285; x_wconf 83' lang='lat' dir='ltr'><strong>Spartae</strong></span> <span class='ocrx_word' id='word_1_311' title='bbox 1160 4236 1280 4285; x_wconf 77' lang='lat' dir='ltr'><strong>umquam</strong></span> <span class='ocrx_word' id='word_1_312' title='bbox 1304 4221 1354 4273; x_wconf 84' lang='lat' dir='ltr'><strong>fuit</strong></span> <span class='ocrx_word' id='word_1_313' title='bbox 1369 4236 1452 4288; x_wconf 78' lang='lat' dir='ltr'><strong>neque</strong></span> 
     </span>
     <span class='ocr_line' id='line_1_38' title="bbox 256 4299 1450 4373; baseline -0.008 -13"><span class='ocrx_word' id='word_1_314' title='bbox 256 4309 310 4360; x_wconf 88' lang='lat' dir='ltr'><strong>ullo</strong></span> <span class='ocrx_word' id='word_1_315' title='bbox 323 4307 373 4358; x_wconf 76' lang='lat' dir='ltr'><strong>ulio</strong></span> <span class='ocrx_word' id='word_1_316' title='bbox 388 4305 451 4358; x_wconf 88' lang='lat' dir='ltr'><strong>loco.</strong></span> <span class='ocrx_word' id='word_1_317' title='bbox 474 4304 603 4370; x_wconf 83' lang='lat' dir='ltr'><strong>Scriptum</strong></span> <span class='ocrx_word' id='word_1_318' title='bbox 616 4305 678 4356; x_wconf 83' lang='lat' dir='ltr'><strong>olim</strong></span> <span class='ocrx_word' id='word_1_319' title='bbox 690 4311 758 4356; x_wconf 84' lang='lat' dir='ltr'><strong>reate</strong></span> <span class='ocrx_word' id='word_1_320' title='bbox 772 4304 819 4355; x_wconf 81' lang='lat' dir='ltr'><strong>luit</strong></span> <span class='ocrx_word' id='word_1_321' title='bbox 830 4301 936 4373; x_wconf 76' lang='grc' dir='ltr'><strong><em>Ἀρεύς</em></strong></span> <span class='ocrx_word' id='word_1_322' title='bbox 948 4304 1074 4356; x_wconf 82' lang='lat' dir='ltr'><strong>Laconica</strong></span> <span class='ocrx_word' id='word_1_323' title='bbox 1088 4301 1181 4363; x_wconf 78' lang='lat' dir='ltr'><strong>lorino,</strong></span> <span class='ocrx_word' id='word_1_324' title='bbox 1192 4299 1315 4370; x_wconf 76' lang='grc' dir='ltr'><strong><em>Ἀρεύς,</em></strong></span> <span class='ocrx_word' id='word_1_325' title='bbox 1328 4301 1450 4372; x_wconf 77' lang='grc' dir='ltr'><strong><em>Ἀρεννς</em></strong></span> 
     </span>
     <span class='ocr_line' id='line_1_39' title="bbox 257 4383 1448 4458; baseline -0.006 -17"><span class='ocrx_word' id='word_1_326' title='bbox 257 4406 303 4456; x_wconf 89' lang='lat' dir='ltr'><strong>pro</strong></span> <span class='ocrx_word' id='word_1_327' title='bbox 315 4387 420 4458; x_wconf 79' lang='grc' dir='ltr'><strong><em>Ἀρης,</em></strong></span> <span class='ocrx_word' id='word_1_328' title='bbox 435 4385 538 4456; x_wconf 62' lang='lat' dir='ltr'><strong>”Apros</strong></span> <span class='ocrx_word' id='word_1_329' title='bbox 553 4401 586 4438; x_wconf 83' lang='lat' dir='ltr'><strong>ex</strong></span> <span class='ocrx_word' id='word_1_330' title='bbox 603 4383 746 4438; x_wconf 78' lang='lat' dir='ltr'><strong>Ancunurr</strong></span> <span class='ocrx_word' id='word_1_331' title='bbox 762 4388 879 4438; x_wconf 84' lang='lat' dir='ltr'><strong>omnibus</strong></span> <span class='ocrx_word' id='word_1_332' title='bbox 895 4395 963 4437; x_wconf 72' lang='lat' dir='ltr'><strong>note.</strong></span> <span class='ocrx_word' id='word_1_333' title='bbox 992 4384 1192 4450; x_wconf 79' lang='lat' dir='ltr'><strong>superscriptum</strong></span> <span class='ocrx_word' id='word_1_334' title='bbox 1211 4395 1243 4450; x_wconf 80' lang='lat' dir='ltr'><strong>qo</strong></span> <span class='ocrx_word' id='word_1_335' title='bbox 1258 4393 1311 4449; x_wconf 84' lang='lat' dir='ltr'><strong>ast,</strong></span> <span class='ocrx_word' id='word_1_336' title='bbox 1329 4401 1361 4437; x_wconf 84' lang='lat' dir='ltr'><strong>ax</strong></span> <span class='ocrx_word' id='word_1_337' title='bbox 1381 4391 1448 4436; x_wconf 71' lang='lat' dir='ltr'><strong>utro·</strong></span> 
     </span>
     <span class='ocr_line' id='line_1_40' title="bbox 257 4467 814 4540; baseline -0.016 -13"><span class='ocrx_word' id='word_1_338' title='bbox 257 4489 308 4540; x_wconf 76' lang='lat' dir='ltr'><strong>qno</strong></span> <span class='ocrx_word' id='word_1_339' title='bbox 322 4473 442 4539; x_wconf 83' lang='lat' dir='ltr'><strong>scripture</strong></span> <span class='ocrx_word' id='word_1_340' title='bbox 458 4467 595 4538; x_wconf 66' lang='grc' dir='ltr'><strong>Ἀρηγεύς</strong></span> <span class='ocrx_word' id='word_1_341' title='bbox 611 4467 746 4520; x_wconf 75' lang='lat' dir='ltr'><strong>maletum</strong></span> <span class='ocrx_word' id='word_1_342' title='bbox 769 4475 814 4520; x_wconf 87' lang='lat' dir='ltr'><strong>eat.</strong></span> 
     </span>
    </p>
   </div>
   <div class='ocr_carea' id='block_1_6' title="bbox 0 0 1614 4972">
    <p class='ocr_par' dir='ltr' id='par_1_7' title="bbox 0 0 1614 4972">
     <span class='ocr_line' id='line_1_41' title="bbox 0 0 1614 4972; baseline 0 0"><span class='ocrx_word' id='word_1_343' title='bbox 0 0 1614 4972; x_wconf 95' lang='lat' dir='ltr'><strong> </strong></span> 
     </span>
    </p>
   </div>
  </div>
 </body>
</html>
