3178 4972
794 335 841 466 so

227 591 397 658 sanitatem
423 599 456 654 et
477 587 671 673 elegantiam
695 585 865 656 scribendo
889 587 1067 669 referrent,
1097 589 1213 659 deinde
1237 591 1415 661 ubilibra-

225 697 348 762 riorum
372 697 467 772 vitio,
490 715 550 762 non
573 697 759 782 scriptoris,
779 694 903 761 laborat
923 698 1079 764 orationis
1100 698 1186 764 nitor
1204 697 1305 766 leram
1320 719 1414 787 opem

225 813 256 869 et
279 803 505 891 quodcumque
529 820 632 886 genus
657 802 808 868 uitiorum
842 803 1056 887 insigniorum
1088 803 1232 872 indicare
1256 806 1359 873 obiter
1382 815 1416 874 et

225 927 362 995 arguere
393 918 526 996 potero,
563 907 736 993 diiigenter
765 907 893 976 faciam.
948 908 1066 977 Eadem
1104 931 1200 998 opera
1235 911 1341 980 dicam
1373 911 1414 980 de

225 1017 369 1082 Marusau
393 1022 426 1082 et
450 1015 588 1080 Burrum
620 1013 815 1080 editionibus
847 1015 929 1082 οὐδὲν
956 1017 1216 1097 tractandarum,
1250 1028 1286 1085 ut
1310 1038 1414 1105 neque

225 1139 301 1188 uera
325 1121 396 1188 laus
419 1123 461 1186 iis
485 1120 628 1186 detracta
653 1139 756 1207 neque
779 1119 858 1187 laisa
882 1119 987 1186 allicta
1012 1143 1083 1190 esse
1106 1123 1265 1190 videatur.
1312 1124 1414 1211 liqui-

225 1227 297 1294 dem
324 1237 500 1314 utrumque
524 1224 679 1293 editorem
701 1227 809 1312 magni
830 1226 931 1304 facio,
950 1247 1013 1314 quo
1035 1229 1157 1315 magis,
1182 1230 1306 1317 siquid
1327 1229 1413 1296 vide·

225 1334 348 1402 buntur
367 1353 510 1410 errasse,
535 1331 762 1399 demonstrabo
781 1341 814 1398 et
833 1331 1048 1418 redarguam,
1074 1353 1135 1399 non
1162 1334 1308 1404 lecturus
1327 1335 1412 1404 idem

225 1460 257 1530 pn
283 1442 342 1520 iis,
368 1460 449 1528 quos
472 1445 711 1506 contemnerem
736 1448 768 1506 et
793 1437 1000 1524 negligendos
1027 1447 1186 1527 putarem.

269 1547 374 1614 Erunt
406 1545 541 1612 fortasse
565 1552 597 1611 et
621 1565 708 1612 nuno
732 1545 788 1632 qui
821 1563 872 1610 me
896 1544 1108 1612 inhumanum
1142 1567 1212 1614 esse
1236 1546 1413 1615 vociferen-

222 1662 333 1721 toret
357 1653 484 1738 magnis
507 1650 703 1718 clamoribus
726 1659 825 1738 agant
847 1659 904 1721 aut
929 1651 1108 1719 maledictis
1134 1663 1259 1722 certent
1282 1664 1315 1721 et
1338 1674 1413 1721 con·

223 1760 333 1837 viciis,
366 1757 483 1846 quibus
508 1755 588 1823 nibil
620 1777 770 1845 reponam
804 1765 933 1844 praeter
959 1757 1041 1826 duos
1065 1760 1240 1827 versiculos
1264 1761 1413 1829 Horatia·

224 1887 280 1933 nos
306 1867 417 1953 paucis
442 1865 576 1930 mutatis
601 1865 632 1929 in
659 1883 762 1930 meam
788 1884 855 1932 rem
881 1864 1154 1932 accommodatos:

359 1970 397 2037 lli
421 1971 500 2036 bene
525 1969 670 2036 lecerunt
695 1967 809 2035 litoris
834 1991 885 2036 me
908 1969 1057 2057 quodque
1080 1971 1175 2039 iocosi

359 2076 496 2142 Finxere
520 2077 663 2162 ingenii,
689 2095 762 2140 raro
785 2084 817 2143 et
841 2095 1002 2165 perpauca
1025 2076 1194 2144 timentem.

268 2183 302 2248 ln
328 2201 365 2248 ea
389 2201 515 2270 quoque
547 2201 581 2248 re
607 2182 767 2248 Ponsoumr
789 2181 887 2268 probo
910 2190 942 2248 et
965 2202 1102 2269 sequar,
1136 2187 1212 2272 qui,
1244 2193 1326 2254 teste
1348 2185 1411 2254 llo·

220 2308 315 2356 nauso
339 2287 386 2376 (in
411 2287 540 2353 Aduers.
563 2287 586 2354 l.
610 2308 642 2374 p.
667 2288 700 2377 b)
722 2288 852 2355 carebat
877 2289 970 2376 »ficto
993 2289 1052 2356 itta
1075 2293 1243 2378 fucataque
1263 2291 1411 2358 bunocul-

220 2405 301 2474 tcte,
334 2415 413 2480 quoe
443 2415 540 2480 quum
572 2395 659 2460 bouis
689 2405 782 2482 etque
806 2393 920 2469 mults,
953 2396 1065 2462 amicis
1095 2397 1291 2486 inimicisque
1320 2400 1412 2465 iusto

221 2491 410 2578 blandiatur,
429 2521 489 2566 nou
511 2500 628 2566 mirum
640 2501 669 2566 oi
679 2511 743 2567 tom
762 2501 852 2568 uelde
873 2501 1166 2570 laudaturostultia
1182 2515 1275 2592 etque
1293 2505 1411 2591 impro-

221 2609 307 2675 Μεθ’
331 2608 499 2673 Caeterum
525 2605 557 2672 id
582 2626 696 2692 agam,
724 2616 759 2673 ut
783 2627 865 2694 quae
888 2607 1027 2674 scribant
1054 2609 1210 2678 llr'rurrro
1230 2611 1291 2698 ipsi
1313 2611 1411 2698 potis·

220 2717 339 2782 simum
365 2713 573 2799 Berrenoque
596 2711 792 2800 probentur,
818 2713 942 2800 quodsi
956 2713 1105 2792 ellecero,
1131 2718 1270 2796 caeteri,
1296 2736 1410 2804 spero,

219 2830 277 2888 aut
301 2819 388 2887 bisce
413 2821 619 2907 acquiescent
643 2829 700 2886 aut
725 2820 845 2886 rectius
868 2821 966 2886 etiam
994 2819 1208 2908 negligentur.

266 2927 418 2994 Lucrinus
439 2935 473 2992 et
491 2924 622 2991 Lucumo
643 2925 810 3010 aliquanto
834 2927 994 2992 recentior
1012 2929 1183 2994 dccrrnnou
1204 2925 1290 3017 (nam
1310 2947 1405 3014 quern

220 3044 286 3099 tam
312 3050 405 3118 saepe
429 3039 461 3095 et
487 3040 551 3096 tam
577 3027 745 3094 manifesto
769 3031 938 3109 imitatur,
965 3043 999 3098 ut
1020 3034 1048 3099 si
1069 3033 1146 3119 quid
1167 3033 1206 3099 ab
1226 3033 1281 3099 illo
1303 3033 1407 3120 lepide

219 3145 384 3225 repertum
409 3143 467 3202 aut
490 3143 623 3202 venuste
647 3131 770 3201 dictum
792 3139 834 3201 sit
854 3137 887 3203 in
907 3157 983 3204 snas
1001 3139 1161 3226 Epistulas
1181 3140 1287 3206 uerbis
1306 3159 1407 3228 paene

219 3242 353 3310 totidem
384 3240 578 3320 transierat,
611 3242 639 3306 ei
665 3241 809 3327 aequalis
839 3254 894 3310 aut
919 3264 1016 3332 prope
1046 3245 1190 3334 aequalis
1219 3244 1318 3313 luisse
1342 3267 1406 3314 non

220 3347 337 3438 potest)
356 3349 584 3434 scriptitarunt
605 3345 667 3413 illis
687 3347 906 3434 temporibus,
928 3369 1028 3437 quum
1045 3349 1314 3419 nemovideretur
1327 3353 1407 3422 bene

220 3456 327 3523 dicere
352 3475 444 3542 posse
466 3463 522 3520 aut
546 3453 708 3532 scribere,
732 3455 789 3540 qui
815 3474 876 3520 non
899 3475 1026 3524 onlnem
1051 3459 1209 3524 sermonis
1228 3460 1352 3546 copiam
1366 3479 1407 3526 ex

219 3571 365 3628 veterum
391 3561 521 3647 scriptis
546 3558 724 3645 collegisset
748 3568 780 3626 et
804 3559 932 3627 dicendi
954 3582 1046 3629 usum
1070 3566 1102 3629 in
1124 3565 1274 3631 omnibus
1294 3565 1332 3632 ad
1356 3585 1406 3633 ve·

219 3677 326 3736 terum
358 3665 623 3734 consuetudinem
657 3667 835 3753 exegisset,
872 3667 1012 3755 deniqne
1043 3689 1142 3756 quum
1176 3670 1258 3758 apud
1295 3670 1406 3738 doctos

220 3774 344 3842 nullum
370 3772 503 3840 uerbum
528 3775 608 3839 satis
635 3773 787 3840 Graecum
810 3784 842 3839 et
866 3774 1000 3860 probum
1024 3775 1207 3856 videretur,
1233 3777 1316 3865 quod
1342 3797 1404 3845 non

167 3960 169 3964 ¹
219 3880 371 3948 idoneum
394 3887 506 3945 testem
531 3888 564 3945 et
587 3885 751 3946 auctorem
776 3898 814 3945 ex
837 3881 982 3967 antiquis
1005 3882 1116 3949 Atticis
1140 3881 1281 3950 baberet.
1309 3883 1407 3950 Plena

218 3987 438 4073 exemplorum
471 3994 549 4052 sunt
571 3987 691 4073 scripta
721 3990 874 4052 brunater
896 3995 930 4053 et
955 3987 1111 4055 Postume.
1159 3987 1251 4056 Plebs
1281 3991 1407 4057 interea

220 4098 253 4160 in
277 4093 361 4160 diem
387 4093 491 4178 magis
515 4091 642 4159 dicendi
665 4093 885 4158 sinceritatem
910 4090 1338 4183 depravabat-utebaturque
1358 4094 1406 4161 di·

218 4201 325 4266 ctione
350 4197 570 4264 incredibilem
596 4198 628 4263 in
654 4195 783 4264 niodum
810 4198 941 4275 vitiosa,
975 4200 1069 4265 cuius
1094 4202 1140 4266 rei
1165 4201 1311 4288 exempla
1334 4221 1408 4268 sex-

218 4314 311 4372 centa
335 4313 410 4371 sunt
435 4304 520 4391 apud
544 4305 642 4382 istos,
675 4306 731 4390 qui
753 4306 932 4376 ’Λπικιςαιί
953 4304 1175 4393 appellantur,
1209 4307 1406 4375 l’nnrmcuou

218 4435 248 4480 u.
273 4435 301 4480 c.
325 4420 358 4479 et
379 4411 555 4488 Mororum,
587 4411 642 4497 qui
675 4429 785 4476 omnes
810 4431 871 4476 non
906 4410 964 4478 boc
987 4421 1107 4498 agunt,
1141 4422 1177 4479 ut
1201 4433 1282 4500 quae
1306 4412 1407 4482 luerit

219 4521 371 4609 antiquae
393 4511 532 4590 Ἀτθίδος
554 4517 638 4584 tatio
661 4525 693 4583 et
717 4537 796 4584 usus
819 4517 955 4585 doceant
975 4517 1063 4606 (narn
1084 4515 1165 4584 nibil
1185 4517 1267 4588 foret
1287 4518 1403 4588 borum
