3150 4972
683 388 730 457 99

119 581 209 648 liceat
232 598 475 667 nonnumquam
506 580 699 667 exspatiari,
725 581 752 645 si
778 578 854 667 quid
880 579 1088 647 memorabile
1114 597 1153 645 ex
1178 583 1305 668 propin·

119 707 176 773 quo
200 685 392 765 obiiciatur,
417 685 522 753 dicam
553 687 655 771 igilur
679 686 795 771 quibus
821 687 922 752 modis
947 685 1026 751 liona
1051 705 1126 773 pars
1148 687 1306 774 exemplo·

119 811 207 870 rum,
232 811 296 876 quo
319 790 384 856 solo
406 791 565 879 praesidio
586 800 746 870 utuntur,
772 792 966 858 adversariis
986 795 1085 878 possit
1105 793 1307 882 extorqueri,

120 906 150 962 ut
172 895 304 963 taudem
331 896 427 962 ueluti
452 898 554 984 copiis
579 899 647 964 suis
671 897 751 963 fusis
775 896 956 984 fugatisque
979 895 1172 964 deditionem
1199 897 1305 965 lacere

119 1001 214 1068 uelint
248 1011 279 1067 et
315 1003 435 1068 saniori
469 1004 624 1070 scientiae
660 1025 775 1070 marrus
809 1003 895 1072 dare.
944 1003 1083 1069 librarii
1119 1003 1302 1071 futurorum

118 1105 234 1172 formas
270 1117 400 1174 vertunt
432 1111 464 1174 in
493 1111 630 1176 aoristos
661 1119 726 1176 lam
762 1108 875 1175 stolida
908 1111 1090 1175 constantia
1122 1117 1158 1175 ul
1180 1108 1304 1175 nullum

119 1213 352 1279 barbarismum
390 1213 599 1280 reformident
635 1215 682 1281 rel
713 1223 898 1301 agnoscant.
947 1215 1205 1282 llensronuusruu
1241 1213 1307 1281 dixi

120 1323 146 1384 in
175 1319 266 1386 clara
296 1318 366 1385 luce
390 1319 560 1401 dubitare,
594 1321 669 1406 quia
702 1342 742 1388 no
773 1322 1096 1401 συγκαταβιώσασθαι
1120 1320 1249 1407 quidem
1274 1330 1307 1387 ct

118 1424 328 1506 προσθξασθαι
352 1446 426 1491 eum
452 1436 689 1512 permoverunt.
727 1427 865 1494 istarum
885 1427 1062 1494 formarum
1087 1427 1308 1513 magnacopia

119 1543 161 1598 est
187 1533 219 1597 in
253 1531 343 1596 libris
376 1533 525 1619 scriptis,
556 1553 637 1619 quas
671 1533 783 1599 Editor
814 1533 949 1619 quilibet
981 1531 1114 1600 abiicit:
1141 1531 1234 1619 quale
1258 1542 1307 1598 est

120 1637 200 1724 apud
223 1637 449 1704 Dunosuuunuu
480 1659 511 1724 p.
543 1644 625 1720 181,
653 1642 684 1703 9.
715 1645 778 1710 πῶς
802 1641 864 1721 χρὴ
889 1637 1057 1718 προσδοκᾶν
1081 1663 1150 1706 τινα
1175 1641 1307 1708 ὑπακοθ·

120 1747 239 1818 σεσίαι,
266 1747 298 1809 in
327 1747 460 1830 antiquo
486 1743 643 1811 Marciano
662 1753 712 1810 est
736 1745 968 1811 ὑπακούσασθαι
995 1754 1027 1810 et
1054 1747 1246 1833 quisquilias
1266 1749 1307 1814 is·

120 1849 270 1916 tiusmodi
290 1847 398 1915 nullus
417 1870 479 1915 non
502 1853 643 1938 scriptus
667 1849 748 1916 liber
774 1850 892 1915 rrrultas
916 1851 1068 1927 continet.
1115 1852 1181 1919 Non
1204 1853 1307 1919 alium·

120 1955 154 2022 de
175 1954 392 2043 explicabitur
415 1957 573 2043 quomodo
598 1960 658 2023 ista
684 1955 848 2022 barbaries
872 1963 936 2022 tam
962 1977 1056 2044 saepe
1083 1960 1172 2024 nasci
1197 1968 1306 2047 potue·

120 2063 177 2142 rit,
205 2063 265 2127 nisi
285 2061 408 2128 scribas
432 2061 627 2128 intellexeris
651 2063 684 2128 in
711 2062 759 2127 liis
783 2061 896 2127 fonnis
920 2083 957 2128 cu
991 2064 1101 2144 modo,
1132 2086 1195 2152 quo
1218 2066 1303 2144 dini,

121 2167 248 2234 turbare
270 2166 381 2233 solere.
432 2168 565 2233 Perraro
596 2189 654 2254 pro
686 2169 805 2232 aoristo
834 2167 981 2234 futurum
1008 2171 1170 2258 subrepit,
1195 2183 1308 2242 contra

120 2271 386 2360 frequentissime.
413 2272 519 2339 Etiam
541 2273 627 2339 aliud
647 2283 696 2340 est
716 2273 859 2340 eiusdem
875 2273 999 2341 fraudis
1014 2276 1306 2367 indicium,quum

121 2380 227 2444 aoristi
252 2385 282 2444 et
306 2377 417 2444 futura
439 2377 523 2444 male
540 2387 572 2445 et
586 2389 790 2467 praepostere
804 2381 1013 2467 copulantur,
1034 2393 1069 2449 ιιι
1083 2384 1116 2449 in
1134 2385 1308 2456 Tuuouurou

121 2483 169 2549 lv.
194 2490 246 2550 52.
271 2486 420 2550 κακώσειν
441 2485 494 2551 καὶ
517 2486 734 2566 χειρώσασθαι.
756 2485 810 2552 vl.
834 2492 888 2552 ul.
911 2490 1000 2554 οίσειν
1021 2491 1073 2555 καί
1096 2495 1307 2574 προσκτήσασ·

121 2591 175 2656 θαι.
222 2589 310 2656 ldem
330 2610 433 2676 genus
455 2592 526 2656 vitii
547 2599 595 2657 est
613 2591 730 2658 ibidem
754 2592 805 2657 Vl.
832 2597 884 2658 42.
908 2595 1081 2674 θρμιεῑσθαί
1102 2622 1138 2663 τε
1157 2603 1209 2668 καί
1233 2629 1308 2686 τρα-

121 2695 340 2762 τοπεδεθεοθαν.
375 2696 459 2763 llll.
495 2703 547 2762 75.
579 2698 721 2776 πολέμιοί
751 2723 786 2765 τε
818 2698 940 2765 ἔσεσθαι
974 2703 1026 2766 καὶ
1059 2704 1141 2770 οὐδὲν
1167 2707 1307 2792 ἐπικηρυ-

121 2803 256 2868 κεύεσθαι
279 2811 311 2869 el
334 2822 396 2888 quo
421 2801 500 2867 nibil
526 2801 649 2870 foedius
674 2805 737 2868 vidi
768 2807 849 2872 ttlll.
875 2813 905 2872 5.
931 2806 1048 2889 ἐνόμιζε
1071 2816 1305 2887 κομιεῖσθαι-

122 2907 169 2970 καί
193 2909 326 2984 ποιήσειν
348 2909 402 2974 καί
426 2909 584 2990 Ἀμόργιον
606 2910 686 2987 -fl
708 2909 809 2992 ζῶντα
832 2911 918 2990 θξειν
942 2912 958 2989 ἢ
978 2914 1256 3001 οίποκτείνειν,
1278 2924 1306 2989 si

121 3013 190 3097 quis
222 3015 255 3079 in
289 3013 476 3080 huiusmodi
509 3015 576 3080 loco
611 3014 796 3082 admonitus
837 3037 897 3083 rron
928 3020 1045 3084 sentiet
1075 3041 1092 3084 a
1130 3022 1304 3094 Tuuouomu

121 3119 291 3184 θτοκτενεῖν
310 3121 467 3205 scriptum
489 3140 577 3199 esse,
600 3141 673 3186 oum
698 3141 735 3189 eo
759 3121 798 3188 de
822 3123 892 3190 aliis
914 3125 1009 3190 rebus
1029 3125 1226 3210 quibuslibet
1240 3153 1304 3199 ma·

121 3222 173 3290 lim
199 3245 290 3310 quarn
315 3225 355 3291 de
379 3245 413 3292 re
437 3228 649 3311 grammatica
674 3235 730 3292 aut
755 3229 868 3295 critica
894 3229 1084 3317 disceptare.
1132 3234 1305 3306 Sciendum

121 3337 222 3396 autem
247 3341 294 3396 est
319 3351 356 3396 ex
388 3330 557 3418 permultis
586 3331 757 3398 codicibus
781 3354 937 3421 apparere
968 3334 1118 3404 librarios
1143 3343 1303 3413 incertum

122 3455 180 3521 qua
204 3437 240 3503 de
261 3457 358 3503 causa
385 3439 417 3501 in
444 3436 548 3503 uerbis
571 3435 737 3524 liquidatis
759 3440 907 3505 futurum
929 3443 961 3505 in
976 3449 1156 3528 praesentis
1171 3447 1304 3518 formam

124 3541 272 3629 reingere
289 3552 322 3609 et
336 3541 511 3628 depravare
524 3541 642 3609 solere:
657 3544 759 3610 sicubi
774 3547 927 3629 ἀποφανῶ
940 3551 1137 3634 requiritur,
1152 3573 1308 3640 apparere

125 3647 196 3714 solet
221 3650 406 3732 ἀποφαίνω,
432 3669 489 3735 pro
522 3655 601 3718 ςελῶ
626 3649 745 3726 adano,
771 3671 827 3736 pro
852 3653 950 3734 φθερῶ
974 3655 1104 3737 Φθείρο,
1131 3679 1188 3746 pro
1212 3673 1306 3732 κτενῶ

126 3755 237 3833 κτείνω,
261 3756 340 3822 satis
363 3763 550 3822 constanter
569 3754 649 3833 μένω
675 3775 730 3842 pro
753 3763 852 3835 μενῶ,
876 3757 960 3823 idem
988 3762 1019 3825 in
1052 3763 1123 3829 aliis
1148 3771 1305 3856 conspici·

128 3866 184 3927 tur.
229 3863 265 3928 ln
293 3861 439 3927 l’unroms
474 3860 638 3926 Pboedooe
670 3881 698 3946 p.
725 3867 785 3926 116
818 3884 845 3928 o.
872 3883 929 3950 pro
954 3859 1041 3938 ἦλθεν
1062 3871 1233 3949 ἀγγέλλων
1255 3897 1306 3944 re.

128 3966 200 4031 titue
221 3969 380 4048 ἀγγελῶν.
428 3965 465 4033 ln
492 3967 665 4032 Turicumnu
697 3967 748 4033 lV.
777 3973 850 4034 lat.
878 3991 935 4055 pro
959 3972 1142 4056 διαφθείρειν
1166 3982 1307 4050 rescribe

129 4068 296 4154 διαφθερεῖν.
333 4071 477 4140 boanda
503 4071 632 4138 Lucunnl
655 4071 854 4140 Leocruleam
880 4079 897 4160 §
923 4083 983 4143 196
1007 4081 1197 4149 ἀποκτείνειν
1214 4090 1307 4154 συνθ-

129 4197 217 4250 μοσαν
239 4187 272 4244 el
299 4183 372 4244 127.
404 4177 619 4259 διομωμθκατε
649 4179 785 4244 κτείνειν.
835 4182 946 4248 ίειιιυιι
976 4184 1028 4250 lx.
1061 4193 1114 4253 30.
1144 4191 1306 4271 ἐπηγγίνι·

131 4293 192 4348 ιετο
221 4285 405 4366 ἀποφαίνειν
430 4285 466 4350 V.
492 4291 545 4348 51.
576 4284 781 4364 ὡμολόγησαν
813 4289 954 4366 ἐμμένειν
985 4300 1016 4355 el
1042 4297 1095 4360 55.
1119 4295 1305 4377 θρκιίσαντες
1405 4330 1415 4365 n

132 4382 223 4466 ίμίιν
246 4391 386 4468 ἐμμένειν
409 4400 440 4458 el
463 4395 505 4456 55
519 4389 588 4475 lege
600 4394 638 4465 ὥς
659 4394 721 4470 tyb
745 4393 899 4478 ἀποφανῶ
922 4415 978 4481 pro
1002 4399 1177 4484 ἀποφαίνω.
1213 4405 1305 4492 Apud
1388 4393 1399 4404 ’

133 4489 340 4563 lluuosrnnnru
373 4499 445 4579 πρὸς
476 4497 646 4565 Φαίνιππον
679 4515 749 4584 pag.
778 4505 862 4566 1011
896 4521 957 4568 ιιοιι
986 4512 1113 4574 tantum
1147 4511 1308 4595 patienter
