3178 4972
719 417 860 498 11*

132 641 174 690 ex
205 620 335 690 Sromnr
366 618 459 689 libris
492 619 665 709 descripsit
689 627 818 689 etcum
846 616 1047 706 scriptorum
1081 616 1330 685 Christianorum

133 728 217 796 locis
233 729 427 816 composuit.
459 729 580 796 Nactus
598 725 728 794 Sronnnr
748 727 886 814 Ecloqca
907 723 1008 792 mutto
1027 725 1219 811 integriores
1232 745 1330 811 quam

134 833 176 901 ad
204 853 262 900 uos
287 843 504 921 peruenerunt
528 832 706 921 permultos
729 833 815 903 locos
837 839 983 898 veterum
1016 830 1163 917 egregios
1186 830 1226 897 ab
1250 832 1332 897 inte-

134 941 207 1006 ritu
238 939 329 1007 aolus
360 940 513 1007 servarit.
561 940 660 1006 liuius
684 940 732 1006 rei
755 959 856 1026 quum
888 936 1044 1006 indicium
1069 936 1198 1004 fecisset
1225 939 1333 1006 btuur-

135 1065 226 1123 rnos,
259 1045 458 1113 liuuuuanms
491 1044 569 1112 nihii
604 1043 717 1111 babuit
747 1045 916 1132 antiquius
946 1063 1043 1131 quarn
1076 1052 1112 1110 ut
1140 1043 1202 1110 sibi
1235 1042 1332 1111 buius

135 1150 261 1218 codicis
285 1152 506 1239 apographum
532 1160 747 1239 compararet.
797 1151 873 1237 tgtt
894 1169 968 1217 cum
995 1148 1155 1225 banorum:
1186 1150 1215 1215 is
1239 1168 1333 1236 neqo-

137 1257 223 1322 tium
246 1255 336 1324 dedit
359 1258 471 1325 Sanrro
496 1266 531 1325 ut
555 1256 714 1344 quidquid
738 1259 770 1322 in
795 1277 832 1324 eo
855 1255 937 1323 libro
956 1254 1121 1322 rideretur
1140 1275 1180 1322 ex
1199 1255 1334 1324 Sroeano

137 1371 285 1430 sumtum
310 1362 483 1450 diligenter
506 1363 722 1442 describeret,
750 1357 950 1450 descriptum
975 1360 1016 1427 ad
1040 1362 1242 1430 bunnuauruu
1262 1381 1334 1449 per·

136 1467 310 1536 terendum
342 1479 484 1537 curaret.
533 1469 587 1536 Sic
618 1467 800 1536 coniectum
829 1478 878 1535 est
901 1466 1121 1555 apographum
1154 1466 1234 1534 illud
1256 1467 1334 1536 Sor·

137 1577 279 1654 tinem,
308 1574 391 1643 unde
416 1596 513 1642 novas
538 1574 596 1642 bas
621 1574 774 1662 reliquias
792 1572 843 1640 bis
862 1573 1050 1641 Gtrsroauus
1071 1573 1192 1654 edidit,
1218 1593 1334 1662 nuper·

138 1681 225 1759 rime
247 1699 285 1748 ex
311 1682 380 1768 ipso
411 1681 611 1770 apographo,
643 1681 728 1769 quod
753 1682 783 1748 ei
807 1680 940 1750 Gratius
970 1679 1118 1748 iuvandis
1142 1678 1192 1746 bis
1215 1679 1335 1748 litteris

139 1795 238 1853 natus
269 1789 430 1873 peramice
464 1788 606 1854 miserat.
654 1787 744 1855 Fecit
776 1786 964 1856 duraremus
988 1805 1103 1874 operae
1136 1787 1276 1874 pretium
1302 1795 1334 1853 et

138 1891 280 1980 plurima
315 1895 479 1970 restituit,
514 1893 656 1981 quaein
685 1894 793 1981 priore
822 1891 962 1960 editione
996 1914 1091 1959 »cum
1123 1895 1238 1960 omisso
1269 1903 1335 1960 tum

138 1999 331 2065 ecmmiaao”
356 2019 430 2067 cum
456 1997 565 2067 dolore
587 1998 680 2066 vidit.
727 1999 899 2086 Complura
921 1997 984 2082 alia
1008 2001 1036 2065 is
1059 1999 1146 2066 sotus
1168 1999 1336 2079 restituet,

137 2105 198 2192 qui
221 2104 302 2172 bene
327 2106 442 2173 Graece
463 2107 569 2174 sciens
584 2114 618 2173 et
638 2103 785 2172 codicum
807 2104 1073 2172 excutiendorum
1090 2106 1216 2192 peritus
1227 2105 1333 2192 ipsum

139 2211 362 2278 Florentinum
397 2211 539 2280 codicem
570 2232 628 2302 per
659 2213 761 2278 otium
793 2210 959 2278 tractabit.
1017 2210 1173 2298 Equidem
1208 2212 1334 2278 versari

138 2317 216 2384 olim
242 2317 383 2395 librum,
409 2320 573 2407 scriptura
596 2319 687 2386 tenui
711 2325 744 2384 et
769 2318 970 2384 intricatione
997 2326 1164 2384 exaratum
1189 2315 1245 2384 sed
1270 2335 1334 2384 nou

139 2424 317 2511 ineiepanti
348 2443 453 2512 noque
483 2423 626 2503 difficili,
647 2425 686 2495 ,ai
718 2425 791 2512 quis
823 2423 883 2492 boc
909 2424 977 2510 agit
1004 2432 1037 2491 et
1060 2426 1161 2491 aciem
1195 2424 1333 2491 intendit

138 2529 309 2598 oculorum
335 2531 522 2605 etmentim
555 2529 612 2598 sed
645 2529 729 2598 uude
761 2530 836 2617 quis
867 2529 1046 2598 Florentiae
1077 2531 1138 2598 sibi
1169 2530 1334 2599 Gursrount

140 2635 302 2704 &aaaron
325 2635 512 2724 comparet?
537 2636 640 2705 clam
665 2639 735 2704 ποτ’
758 2634 836 2713 ἦσαν
860 2635 988 2716 ἄλκιμοι
1011 2637 1180 2716 Mmlmct,
1206 2639 1333 2725 Appen·

138 2743 240 2810 dicem
263 2741 482 2808 Florentinum
507 2741 612 2809 ubivis
640 2741 767 2810 facilius
790 2762 888 2831 quam
912 2741 999 2829 apud
1024 2742 1222 2809 Florentinor
1246 2761 1334 2831 repe·

140 2849 236 2916 reris.
286 2848 401 2935 ltaque
438 2850 576 2924 inritus,
614 2856 782 2936 postquam
820 2847 1040 2936 compluscula
1073 2869 1136 2914 uon
1172 2849 1335 2916 incuriose

139 2954 336 3043 perlustravi
361 2963 393 3020 et
417 2955 525 3020 notari
555 2954 764 3042 diligentius,
800 2955 917 3021 tibrum
942 2953 982 3021 de
1006 2953 1156 3022 manibus
1187 2954 1333 3042 deposui.

140 3059 273 3128 Sarnus
298 3059 567 3147 quemadmodum
599 3060 803 3129 describendi
829 3061 956 3148 negotio
980 3060 1111 3129 iunctus
1134 3059 1232 3128 luerit
1255 3060 1334 3148 quid

140 3166 260 3232 attinet
285 3163 417 3234 dicere?
453 3166 544 3234 Fecit
568 3165 663 3235 homo
687 3167 790 3234 bonus
812 3177 844 3234 et
868 3166 999 3234 sedatus
1023 3167 1107 3255 quod
1131 3169 1254 3256 potuit,
1278 3167 1333 3235 aed

140 3291 246 3358 neque
274 3271 391 3339 Graece
414 3274 520 3340 sciens
544 3292 646 3360 neque
670 3275 703 3340 in
728 3271 894 3340 codicibus
916 3272 1083 3340 versandis
1106 3283 1139 3340 ct
1163 3272 1334 3363 expedien-

140 3377 194 3444 dis
216 3379 417 3445 exercitatus
440 3377 625 3445 istiusmodi
656 3379 843 3467 provinciae
866 3387 936 3447 erat
961 3381 1066 3467 impar
1089 3388 1121 3446 et
1145 3380 1263 3448 multos
1286 3401 1336 3450 cr·

142 3503 234 3552 roras
258 3484 443 3562 commisit,
468 3504 547 3572 quos
568 3486 685 3572 partim
712 3485 825 3552 critica
850 3504 903 3552 ars
928 3483 1032 3564 tollet,
1064 3485 1143 3553 alios
1165 3487 1264 3554 codex
1286 3489 1337 3554 iu-

142 3599 275 3677 spectus
299 3588 471 3676 aliquando
502 3599 628 3678 arguet.
677 3590 725 3658 Ex
747 3591 809 3664 iilo,
823 3611 941 3679 genere
965 3611 1051 3660 nunc
1076 3592 1144 3679 ipse
1167 3593 1337 3662 nonnnilos

142 3694 352 3782 abstergebo,
386 3695 439 3764 ubi
463 3695 604 3784 primum
630 3695 750 3766 iontem
783 3697 955 3785 quemdam
988 3717 1144 3786 aperuero
1168 3719 1335 3781 errorum,

142 3801 264 3890 quibus
291 3800 374 3870 liber
398 3811 484 3870 totus
508 3812 557 3871 cst
581 3803 716 3871 obsitus.
764 3804 803 3871 lu
825 3823 1064 3892 quemcumque
1086 3804 1191 3873 locum
1216 3806 1337 3876 codicis

143 3910 289 3996 primum
315 3907 485 3988 incideris,
508 3907 631 3978 ridebis
653 3910 772 3998 passim
797 3910 915 3978 litteris
936 3910 1111 3978 rubricatis
1134 3912 1335 3982 distinctum.

143 4013 213 4081 Nou
239 4023 388 4091 tantum,
422 4013 507 4102 quod
539 4015 676 4094 assolet,
710 4017 782 4082 novi
806 4019 989 4104 argumenti
1020 4027 1077 4086 aut
1100 4016 1160 4085 loci
1185 4028 1241 4087 aut
1264 4041 1338 4089 sen·

144 4118 267 4186 tentiae
290 4120 420 4186 initium
447 4119 577 4189 rubrica
601 4128 750 4198 notatur,
775 4122 831 4190 scd
855 4123 1030 4191 identidem
1057 4125 1089 4190 iu
1113 4123 1218 4193 medio
1242 4147 1339 4198 uersu

145 4233 280 4310 apparet
301 4225 408 4294 littera
432 4224 585 4304 discolor,
612 4237 646 4296 ut
670 4227 784 4298 credas
808 4249 880 4296 eam
904 4248 972 4297 rem
997 4239 1053 4298 aut
1077 4230 1139 4298 ioci
1162 4253 1260 4302 causa
1281 4246 1339 4306 aut

145 4327 230 4396 lorte
252 4333 436 4400 ornamenti
459 4331 590 4400 librario
618 4333 790 4421 placuisse.
827 4336 895 4403 Non
921 4346 1026 4405 moret
1050 4357 1086 4405 ca
1111 4359 1163 4406 res
1187 4361 1337 4429 magnam

149 4433 400 4506 admirationem
435 4459 493 4508 uec
519 4438 658 4542 nrultum
688 4441 873 4511 laboramus
903 4462 964 4511 cur
987 4443 1020 4510 id
1043 4445 1085 4512 iis
1110 4445 1217 4514 studio
1241 4447 1340 4516 luerit
