3208 4972
707 381 778 456 aot

150 585 216 658 νιὺι
246 581 285 650 ἂν
317 579 418 666 φόβαν
450 579 693 659 ἐμανιήεννναςι
727 591 824 664 qoem
858 586 924 644 tam
957 577 1052 666 saepe
1084 576 1170 645 docti
1199 578 1346 647 homines

151 693 290 757 nimium
325 688 484 774 patienter
510 686 654 752 tulerunt
680 684 922 762 soloecismum,
954 704 994 751 ex
1019 685 1077 752 lroc
1101 683 1171 752 loco
1195 688 1345 754 certatim

151 795 354 864 sustulerunt
388 793 528 879 reposito
557 793 801 872 ἐμποιήσαντας.
850 790 1018 876 llagistelli
1055 791 1349 881 Constantinopoli-

152 904 221 970 tani
252 901 377 988 decepti
411 898 567 966 (lodicum
594 900 681 966 vitiis
706 899 906 964 irrrbilrerunt
928 898 1112 985 opinionem
1138 899 1282 966 voculam
1310 898 1349 966 da

154 1031 228 1077 cum
251 1007 370 1074 laturis
392 1015 478 1073 recte
498 1007 670 1092 coniungi,
695 1024 891 1092 quamquam
915 1025 974 1070 non
999 1005 1266 1074 nesciebanteatn
1281 1025 1348 1073 rem

155 1135 229 1184 eum
265 1115 561 1182 Grammaticorum
597 1111 740 1180 veterum
776 1111 924 1178 doctrina
957 1132 1118 1199 pugnare:
1156 1115 1170 1180 d
1200 1114 1259 1195 μὲν
1290 1119 1350 1180 τῶν

155 1227 385 1304 γραμματικῶν
420 1220 517 1286 κανὼν
547 1219 601 1284 οὐκ
631 1217 805 1317 lrrrplqrr,
842 1219 929 1301 παρὰ
960 1226 1024 1293 τοῖς
1056 1223 1199 1305 ιὶρχαΙνιι
1232 1223 1263 1287 δὲ
1296 1223 1350 1287 αὖα

155 1329 252 1409 ὀλίγα
284 1328 536 1410 παραδείγματα
568 1326 758 1406 εὑρίσκεται,
791 1325 905 1392 scribit
930 1326 1131 1412 magistellos
1155 1328 1187 1393 in
1215 1317 1351 1394 Bonnam

156 1437 322 1502 decedatis
355 1435 420 1516 περὶ
451 1431 625 1510 συντάξεων
648 1432 798 1518 imperite
823 1433 975 1498 nonnulla
1001 1434 1190 1522 scriptitans
1215 1455 1246 1521 p.
1276 1439 1349 1500 tat.

157 1541 192 1608 st
216 1563 310 1630 quem
336 1541 424 1607 ludat
450 1539 557 1607 uidere
585 1537 624 1604 ad
649 1547 788 1624 quantas
812 1539 951 1626 ineptias
976 1540 1030 1605 isti
1053 1539 1224 1626 nragistolli
1245 1538 1350 1607 delabi

156 1650 343 1737 potuerint,
377 1655 534 1732 quantum
571 1646 719 1712 inscitiae
747 1653 779 1711 et
803 1645 967 1713 socordiae
993 1649 1024 1734 ip
1050 1647 1114 1714 illis
1139 1656 1208 1714 tunt
1231 1647 1348 1723 luerit,

156 1757 213 1843 qui
246 1755 325 1822 alios
358 1753 513 1820 Graecam
551 1752 695 1838 linguam
727 1760 866 1818 veterem
893 1752 1064 1830 coierent,
1094 1755 1245 1840 inspiciet
1271 1751 1350 1819 milri

156 1862 256 1928 istum
281 1860 349 1942 περὶ
374 1859 546 1938 συντάξεως
572 1857 727 1926 lilrellum.
766 1856 822 1924 Vel
847 1839 926 1925 salis
945 1860 1009 1925 erit
1031 1861 1208 1948 inspexisse
1229 1881 1280 1925 vv.
1302 1861 1351 1926 ai·

155 1974 289 2046 νιῶμαι,
322 1968 507 2046 ἀποδίδωμι,
546 1967 645 2041 αἰτῶ,
681 1968 897 2048 ἀφικνοῦμαι,
933 1967 1111 2047 ἁμαρτεῖν,
1147 1966 1349 2048 exauctorem

156 2083 188 2141 et
218 2071 380 2157 ἀφικόμην
409 2081 442 2138 ot
474 2071 623 2159 pudebit,
657 2073 790 2158 opinor,
825 2072 857 2136 in
892 2082 1055 2158 posterum
1091 2073 1145 2138 tali
1179 2081 1260 2140 teste
1291 2072 1348 2138 uti.

157 2185 365 2265 adservarem,
398 2179 524 2265 inquit,
557 2179 638 2266 repit
670 2178 859 2265 partitivum
893 2198 972 2269 nora
998 2189 1030 2244 et
1054 2176 1203 2245 inaudita
1225 2197 1277 2244 res
1300 2185 1350 2244 est

158 2297 191 2354 et
215 2286 354 2354 absurda
380 2287 420 2352 iis
444 2284 594 2372 quidem,
619 2283 736 2370 quibus
760 2283 845 2370 quod
871 2283 939 2350 lieri
961 2305 1023 2350 non
1044 2294 1148 2372 potest
1171 2303 1348 2372 nttrrtquam

158 2413 229 2460 esse
259 2393 381 2460 lactum
413 2391 561 2470 videtum
594 2401 627 2456 at
658 2393 805 2478 exemplo
832 2391 929 2456 istam
962 2391 1144 2458 doctrinam
1169 2390 1349 2457 confirmat.

159 2498 279 2586 Nempe
306 2498 389 2588 opud
421 2498 537 2564 llronnu
563 2495 697 2565 Gassrou
719 2497 799 2562 lidro
823 2497 964 2564 XXXlX.
994 2497 1078 2586 [cap.
1104 2497 1161 2587 24]
1200 2499 1350 2584 scriptum

159 2615 226 2686 cst,
258 2606 384 2692 inquit,
415 2603 562 2671 διαλιπὼν
585 2604 616 2670 δὲ
640 2603 694 2670 καὶ
717 2603 747 2676 ἐς
771 2603 985 2682 ὥναλνμισμὸν
1007 2615 1063 2680 τῆς
1087 2627 1122 2670 τε
1147 2605 1256 2671 ἑαυτοῦ
1280 2605 1350 2686 αἳρε-

158 2715 214 2790 τῆι
245 2714 298 2779 καὶ
329 2719 386 2788 τῆς
417 2718 476 2778 τῶν
505 2713 646 2778 ἐναντίαν
675 2711 789 2783 κακίας
817 2711 1060 2792 ἀφικνούμενος,
1092 2730 1175 2797 quae
1200 2713 1279 2776 satis
1302 2719 1352 2776 est

159 2818 389 2907 adscripsisse,
413 2828 445 2885 et
465 2839 504 2886 cx
525 2838 589 2884 uno
608 2817 696 2883 disco
709 2817 827 2882 omitia.
853 2815 893 2881 Et
908 2817 987 2883 istae
1000 2818 1195 2904 quisquiliae
1208 2826 1349 2883 aetatem

159 2926 307 2992 tulerunt
330 2925 454 2992 nullum
475 2926 575 2992 alium
599 2945 694 2991 usum
716 2921 871 2990 habentes
891 2943 989 3010 quam
1016 2931 1051 2988 nt
1072 2923 1352 3009 ostendantquam

162 3032 253 3100 stulti
280 3032 492 3100 Grammatioi
518 3031 646 3098 illorum
670 3040 850 3117 temporum
874 3027 996 3096 luerint
1015 3040 1047 3096 et
1068 3050 1164 3116 quam
1188 3027 1353 3116 depravati

162 3140 227 3206 iam
254 3147 322 3206 turn
348 3137 483 3206 codices
509 3137 660 3206 Veterum
687 3134 996 3202 circumferrentur.
1022 3137 1141 3224 quilius
1161 3135 1286 3202 mendis
1307 3134 1354 3199 illi

162 3245 350 3312 ioculariter
373 3243 626 3333 decipiebantur.
663 3241 828 3329 Quidquid
848 3243 1005 3328 scriptum
1028 3251 1095 3321 est,
1119 3243 1355 3329 qualecumque

162 3357 232 3433 est,
256 3351 351 3418 habet
377 3349 470 3418 lldem
497 3360 530 3418 et
554 3349 633 3416 nihil
655 3357 767 3416 contra
789 3360 838 3416 cst
859 3350 892 3414 in
917 3367 977 3416 usu
998 3356 1030 3415 ct
1050 3352 1173 3416 ratione
1192 3348 1356 3416 Graecita-

164 3460 206 3526 tis
229 3457 313 3546 apud
338 3460 417 3524 istos
440 3466 507 3525 tam
530 3455 660 3523 lirnium
684 3466 716 3523 et
740 3465 883 3533 certum,
913 3455 991 3541 quin
1017 3453 1216 3522 convellatur
1240 3456 1266 3521 si
1292 3473 1356 3540 qua

163 3585 202 3632 ex
223 3585 286 3652 quo
309 3563 424 3631 Codice
448 3564 609 3650 scriptura
634 3561 770 3650 affertur
789 3561 853 3650 legi
876 3562 1052 3628 contraria.
1078 3565 1252 3641 Aletrium,
1273 3569 1355 3626 teste

165 3681 197 3739 et
217 3680 352 3737 auctore
365 3673 557 3736 Anrsriocno
576 3669 947 3756 Constantinopolitano,
971 3669 1055 3754 regit
1075 3668 1239 3744 dativum,
1265 3685 1356 3732 narn·

165 3799 228 3866 que
248 3778 281 3843 in
302 3776 445 3866 Epistola
467 3777 600 3845 Potorerr
622 3775 928 3863 legitorairrdprda
948 3761 1207 3863 cunderammi.
1229 3795 1257 3861 p.
1278 3776 1356 3850 tat,

170 3892 221 3952 tl.
243 3883 298 3950 ulti
321 3894 406 3952 recte
427 3883 621 3974 adaltrud.
646 3884 745 3950 etsie
766 3893 832 3950 toto
852 3882 935 3949 libro
958 3881 1080 3949 ridebis
1101 3903 1174 3948 eunt
1194 3902 1232 3948 ex
1254 3881 1358 3947 mani·

167 3991 247 4059 iesta
279 3990 461 4078 corruptela
494 3991 640 4057 insanam
672 3988 851 4055 doctrinam
877 3988 1018 4056 haurire.
1066 3989 1112 4056 lle
1137 3987 1295 4077 particula
1320 3985 1358 4054 olo

167 4097 246 4187 quid
270 4097 390 4163 sentiat
415 4096 559 4183 (etquid
582 4095 731 4183 aequales
751 4095 910 4162 senserint
930 4115 967 4163 ex
988 4095 1041 4162 illo
1053 4096 1271 4184 cognoscitur)
1293 4095 1357 4160 iarn

168 4204 408 4291 praemisimus.
445 4201 667 4291 »Multoxsunt
698 4203 844 4288 exempla
872 4202 955 4289 opud
987 4211 1121 4281 ceteros,
1154 4202 1277 4289 inquit,
1305 4201 1360 4266 udi

167 4310 323 4398 porticulo
347 4308 386 4376 ἄν
410 4308 566 4376 advorsus
589 4307 845 4376 Granrmaticum
870 4327 1025 4376 canonem
1050 4329 1121 4374 com
1145 4307 1264 4397 [νιιννίι
1286 4327 1359 4373 ιονι-

169 4417 333 4504 iuopitor”
363 4414 479 4483 deinde
509 4416 654 4504 exempla
685 4415 894 4482 adnumerat:
928 4415 1124 4496 Δημοσθένης
1155 4415 1185 4480 ἐν
1217 4417 1259 4498 τῷ
1287 4415 1361 4494 πρὸς

170 4525 337 4599 Λεπτίνην·
363 4524 469 4591 odaria
492 4524 564 4608 πρὸς
589 4531 715 4600 πολλοῖς
739 4517 782 4596 cle
805 4521 947 4605 βλάψειν
971 4523 1010 4591 ἂν
1033 4524 1117 4605 ὑμᾶς
1140 4522 1155 4588 l
1176 4521 1263 4602 νόμος
1284 4517 1360 4604 φαί-
