3160 4972
720 357 789 426 421

168 587 171 592 ·
204 546 320 616 Herod.
353 546 408 616 vl.
441 551 497 617 39.
533 546 721 618 Μιλτιάδεα·
750 551 815 618 τδν
857 552 1035 632 Κίμωνος
1064 587 1107 602 -·
1140 553 1346 624 dresdensem

158 657 271 740 τριηρέί
293 656 318 722 oi
349 656 603 736 nocimentum,
634 655 666 723 οί
682 682 736 736 μιν
760 657 812 723 καί
836 657 868 722 έν
891 658 1031 742 Ἀθήνησι
1056 657 1173 726 ἕτοίουν
1196 657 1230 727 εὗ
1253 663 1292 734 ὡς
1315 661 1349 725 οὐ

158 761 325 835 συνειδότες
357 759 442 837 δι’ῐέεν
473 765 527 828 τοῦ
559 764 675 844 πατρὸς
699 763 863 851 [Κίμωνος]
896 765 993 831 αὐτοῦ
1016 763 1068 832 τίν
1091 764 1232 832 ίοίνατον.
1282 765 1351 832 Non

84 911 89 918 -
158 887 239 955 opus
269 874 339 947 est,
377 867 605 944 meminimus;
633 877 664 934 et
699 869 835 935 dixisset
866 869 978 937 saltem
1016 875 1071 938 τοῦ
1102 873 1219 954 τατρδς
1253 873 1348 938 αὐτοῦ

158 975 306 1054 Κίμωνος.
366 971 460 1040 Nono
505 973 635 1059 quidem
670 973 829 1042 Steinium
860 975 960 1043 liabeo
990 978 1241 1056 assentientem,
1276 979 1352 1065 qui,

161 1088 197 1148 ot
221 1099 308 1146 nuno
333 1077 445 1159 video,
470 1080 606 1159 Κίμωνος
630 1081 765 1148 seclusit.

207 1186 280 1252 Post
305 1204 405 1272 pauca
432 1187 463 1250 in
488 1184 594 1252 verbis
617 1186 795 1264 Μιλτιάδης
815 1225 855 1238 —-
874 1184 943 1270 εἶχε
966 1191 1038 1254 κατ’
1062 1187 1157 1264 οίκους
1181 1189 1233 1256 τὸν
1257 1191 1351 1257 οίδελ-

159 1291 235 1376 φεδν
271 1290 480 1373 Στησαγόρεα
512 1291 629 1367 δηλαδὴ
659 1295 935 1360 ἘΠΙΤΙΜΕΩΝ.
982 1293 1067 1360 Nihil
1091 1302 1141 1362 est
1164 1295 1343 1375 έτιτιμέων,

161 1409 193 1466 et
216 1399 290 1486 quia
317 1397 396 1464 num
421 1396 508 1464 aliud
535 1397 694 1466 Miltiades
718 1399 839 1466 abdens
863 1421 896 1468 se
921 1398 1007 1466 domi
1031 1398 1185 1466 simulare
1207 1400 1349 1490 (δηλαδή)

162 1506 266 1593 potuit
289 1523 386 1593 qoam
419 1523 453 1570 se
483 1502 618 1570 fratrem
651 1523 746 1572 soom
780 1527 912 1586 nodam,
937 1515 970 1573 et
994 1506 1125 1573 oninom
1148 1517 1197 1573 est
1221 1506 1351 1574 Graecis

160 1611 295 1678 verbnm
332 1609 474 1696 ίυροιυίί,
506 1611 654 1697 sequitur
682 1611 918 1680 emendandum
952 1633 1021 1680 esse
1052 1612 1103 1678 τὸν
1130 1612 1285 1695 αδελφεὸν
1306 1647 1352 1664 -·

160 1717 277 1794 δηλαδὴ
300 1708 537 1792 ΠΕΝΘΕΏΝ,
561 1725 593 1782 et
624 1715 684 1784 hoe
715 1738 843 1804 qumque
867 1718 1025 1786 imiioiom
1050 1725 1119 1786 esto
1142 1739 1240 1806 quam
1267 1717 1349 1786 male

161 1823 263 1892 babiti
287 1826 353 1891 sint
377 1823 450 1889 libri
475 1823 550 1890 diss,
574 1823 693 1910 quibos
717 1823 810 1890 hodie
834 1825 969 1892 utimur.

207 1928 322 1996 Herod.
357 1929 407 1996 vi.
435 1933 487 1996 41.
526 1929 704 2007 Μιλτιοίδης
739 1933 864 2011 γνώμην
894 1930 1069 2009 οίτεδέξοιτο
1100 1932 1130 1997 έν
1161 1939 1239 1998 τοῖσι
1266 1930 1350 1998 Ἴωσι

162 2037 317 2104 τείίεσίαι
342 2035 502 2124 [κελεύων]
535 2043 613 2102 τοῖσι
644 2035 789 2120 Σκύθησι.
839 2036 979 2104 Verbum
1012 2036 1147 2105 κελεύειν
1174 2037 1281 2104 sciolis
1304 2045 1353 2103 est

164 2144 195 2208 in
229 2141 354 2224 deliciis
385 2163 485 2230 eoque
517 2144 634 2229 passim
667 2142 850 2210 abutuntur
880 2144 913 2210 in
950 2143 1120 2210 fulciendis
1153 2142 1234 2223 illis,
1271 2162 1354 2231 quae

161 2248 265 2316 lolem
292 2249 425 2315 minime
450 2247 648 2334 indigebant.

208 2355 385 2440 Attigimos
410 2356 473 2421 iam
498 2375 596 2442 sopra
622 2375 693 2441 pag.
708 2359 773 2422 286
794 2356 889 2422 verba
914 2355 1065 2422 Herodoti
1088 2355 1140 2421 Vl.
1166 2359 1220 2422 ne.
1246 2355 1301 2431 την
1322 2355 1354 2422 δέ

163 2460 229 2527 οὐδὲ
253 2462 349 2538 αὐτην
372 2459 472 2543 φοίναι
492 2463 718 2541 διαγινώσκειν,
743 2463 856 2528 είδυῑαν
879 2470 975 2529 ΜΕΝ
1000 2462 1052 2528 καὶ
1073 2461 1108 2528 τί
1126 2459 1228 2543 κοίρτοο
1246 2461 1352 2541 λέγειν

162 2571 287 2647 ταῦτα,
311 2568 500 2648 βουλομένην
519 2577 596 2647 ΔΕ,
619 2567 705 2642 είκως
724 2567 893 2650 οίμφίτεροι
913 2569 1052 2646 γενοίατο
1073 2567 1234 2647 βασιλέες.
1260 2566 1353 2635 Nullo

161 2682 210 2740 est
235 2675 268 2739 in
290 2671 341 2739 his
365 2673 533 2761 oppositio,
561 2693 658 2761 qoam
684 2682 790 2740 tamen
816 2693 869 2741 res
893 2673 961 2760 ipsa
988 2675 1098 2740 statim
1122 2672 1259 2771 indicat:
1281 2670 1352 2741 οίδα

161 2781 218 2860 μέν
240 2780 363 2860 λέγειν,
395 2781 428 2847 οὐ
456 2786 562 2858 τολμῶ
586 2773 634 2856 δέ,
666 2787 722 2846 aut
747 2776 818 2846 οίδα
842 2781 898 2859 μέν
921 2779 1042 2859 λέγειν,
1071 2781 1104 2845 οὐ
1128 2780 1284 2860 βούλομαι
1308 2777 1352 2846 δέ.

163 2886 219 2953 illa
245 2886 364 2972 legitur
379 2884 464 2970 apud
480 2884 673 2952 Herodotum
697 2885 750 2952 lX.
765 2889 818 2952 ta.
840 2885 1016 2952 σιωπώντων
1037 2885 1068 2952 δέ
1088 2891 1146 2952 τῶν
1166 2885 1352 2963 ἐπικλήτων,

161 2999 221 3059 τῶν
243 2993 300 3071 μέν
324 2994 377 3058 οὐκ
401 2989 521 3058 εἰδότων
543 2994 613 3066 τοὺς
645 2989 823 3074 χρησμούς,
849 2997 907 3058 τῶν
936 2992 966 3058 δέ
996 2990 1114 3058 είδίτων
1138 2991 1195 3070 μὲν
1219 2993 1248 3057 ε’ν
1267 2991 1353 3074 οίδείη

163 3099 194 3166 δέ
218 3100 251 3166 οὐ
270 3098 452 3177 ποιευμένων
473 3097 508 3163 et
532 3097 653 3177 λέγειν,
684 3098 762 3165 haee
785 3106 895 3164 nostro
916 3097 1001 3164 loeo:
1026 3099 1140 3165 εἰδυῖαν
1164 3098 1221 3178 μέν
1240 3099 1293 3164 καί
1317 3095 1352 3163 νδ

163 3205 265 3288 κιίρτα
285 3205 390 3284 λέγειν
412 3207 535 3280 ταῦτα,
561 3213 617 3270 OT
641 3205 830 3285 βουλομένην
854 3204 898 3271 δέ.

210 3309 325 3380 Herod.
352 3311 404 3376 Vl.
437 3315 490 3376 52.
523 3309 692 3393 deludamur
722 3311 765 3376 τοδ
797 3311 909 3377 ταιδία
940 3311 1148 3376 ἨΓΗσαοίαι
1179 3309 1354 3388 βασιλέως,

163 3423 259 3498 τιμοῖν
282 3419 315 3485 δὲ
337 3420 461 3498 μᾶλλον
481 3418 533 3484 τδν
553 3418 748 3500 γεραίτερον,
775 3417 839 3482 imo
858 3437 933 3484 tero
954 3417 1170 3492 CTHeeeleu,
1191 3423 1228 3482 ut
1247 3414 1284 3480 V.
1300 3418 1354 3482 te.

164 3528 190 3593 οί
214 3525 510 3605 Λακεδαιμόνιοι-
530 3523 727 3601 έςνίσάντο
750 3523 891 3602 βασιλέα
908 3525 959 3591 τδν
979 3522 1212 3605 πρεσβύτατον,
1230 3531 1263 3588 et
1278 3520 1355 3587 alibi

169 3633 300 3718 passim.

214 3737 332 3805 Herod.
355 3738 408 3805 vl.
436 3743 490 3806 56.
517 3739 547 3803 ἐν
571 3747 641 3820 τῇσι
662 3737 801 3820 ε’ξοδίησι.
838 3734 988 3802 habentis
1008 3745 1040 3802 et
1061 3734 1244 3821 decrepitae
1260 3733 1359 3800 Grae·

167 3844 276 3910 citatis
299 3852 349 3910 est
373 3843 496 3924 έξοδειίω
522 3851 554 3910 et
578 3843 694 3923 έξοδεία
721 3843 797 3932 (nnn
822 3843 948 3929 ε’ξοδίοι).
998 3843 1125 3928 itepone
1148 3841 1178 3908 έν
1200 3849 1271 3924 τῇσι
1293 3837 1358 3922 ἐξί-

167 3951 263 4030 δοισι,
287 3948 319 4014 id
344 3959 392 4015 est
419 3951 448 4016 ἓν
474 3959 544 4024 ταῖς
569 3951 738 4033 ςρατείαις.
1197 3958 1199 3962 ’

215 4055 331 4124 Herod.
358 4055 410 4122 Vl.
435 4061 491 4124 69.
524 4058 558 4122 έκ
581 4057 613 4122 δέ
637 4055 806 4140 ὀνοφορβῶν
829 4057 913 4138 αὐτῷ
935 4077 971 4120 τε
1001 4055 1181 4138 Λευτυχίδη
1205 4053 1257 4120 καί
1281 4061 1359 4120 τοῖσι

165 4168 271 4230 ταῦτα
294 4161 420 4243 λέγουσι
445 4163 574 4229 τίκτοιεν
599 4165 632 4228 αἱ
656 4171 801 4241 γυναῖκες
827 4161 989 4250 [ταῖδοις].
1037 4161 1152 4227 Metuit
1181 4159 1359 4234 Graeceius

168 4290 208 4338 ne
224 4272 353 4338 τίκτοιεν
374 4267 477 4335 solum
501 4289 564 4335 non
586 4269 852 4355 intelligeremus.
902 4266 1082 4334 Herodotus
1102 4275 1209 4334 tamen
1231 4266 1359 4353 saepius

168 4377 271 4445 solam
298 4377 405 4463 ponit,
432 4385 469 4442 ut
495 4376 531 4446 V.
555 4381 608 4443 39.
637 4376 688 4443 Vl.
717 4380 790 4443 159.
815 4375 868 4442 lX.
900 4379 953 4440 93.
1002 4375 1073 4461 losa
1098 4373 1189 4440 sedes
1211 4371 1359 4438 lraodem

168 4483 339 4574 neteiaoit,
373 4482 645 4569 quamadmodum
671 4482 733 4549 'VL
769 4485 821 4549 rt.
854 4480 1090 4562 Λακεδαιμόνιοι
1116 4478 1291 4563 Κλεομένεα
1316 4515 1360 4556 -,
