3208 4972
794 391 862 461 196

250 582 380 657 πλησίον
403 589 587 663 κακουργεῖ,
614 579 682 667 iuge
702 580 773 659 τθν,
795 584 867 668 oiS
894 588 944 650 14.
967 583 1064 648 εθδῦσι
1087 602 1144 670 pro
1164 583 1258 652 ῦδιοσι.
1286 585 1321 652 ln
1344 589 1361 673 ς
1384 591 1436 654 21.

247 684 283 752 τῦ
306 686 379 767 τρδο
402 685 446 752 τά
477 683 638 767 παράδοξα
668 695 726 754 τῶν
756 685 963 766 ἀκουσμάτων
994 687 1065 755 ἑτθ
1071 713 1211 768 μενον,
1244 711 1305 758 non
1336 693 1438 759 muiio

247 789 365 857 meiius
397 799 447 858 est
479 792 614 858 Benarni
644 792 837 875 τερτθμενον.
885 793 1077 880 scripserim
1110 793 1240 872 ἕτοιμον.
1290 797 1324 863 in
1353 802 1436 886 §28

248 895 369 963 dicitur
402 895 532 985 Ulysses
563 897 729 976 ἐτιβουλην
756 900 948 972 συντεθεικὼς
980 903 1052 965 κατ’
1083 899 1187 981 άνδρθο
1217 903 1353 981 θμαίμου
1382 904 1436 970 καὶ

246 1003 342 1085 φίλου
366 1003 433 1088 (τοῦ
458 1004 693 1090 Παλαμήδους).
724 1004 905 1071 nesciebam
938 1003 1139 1070 Palamedem
1172 1005 1275 1094 Ulyssi
1301 1007 1435 1074 fratrem

245 1106 357 1175 fuisso.
382 1107 516 1194 corrige
539 1109 703 1190 θμαίχμον
724 1109 807 1197 qarocl
834 1111 894 1176 iste
918 1130 975 1197 pro
998 1111 1172 1193 συμμάχου
1198 1115 1316 1198 posuit.
1344 1114 1435 1180 Deui-

245 1233 308 1299 que
337 1215 369 1278 in
404 1217 488 1299 §52
514 1213 649 1281 barbara
680 1215 782 1280 forrna
812 1214 933 1302 iegitur
963 1213 1101 1298 ἔφημεν,
1131 1225 1187 1283 aul
1222 1215 1346 1300 ἔφαμεν
1379 1227 1436 1285 aut

245 1316 324 1402 ἔφην
349 1319 597 1386 restituendum.

290 1424 326 1491 ln
351 1422 588 1513 Pseudoiopisio
609 1429 673 1506 60,
700 1433 730 1492 5.
756 1425 840 1492 maie
863 1425 972 1492 editur
994 1429 1055 1510 οὐχ
1075 1425 1168 1502 οὕτως
1194 1429 1345 1511 άσφαλης
1368 1429 1435 1494 οὐδὲ

244 1531 370 1613 άφανης
391 1531 537 1613 βδελυρὸς
554 1528 592 1598 εἶ.
615 1542 702 1600 reolo
722 1530 843 1598 ‹liciiur
862 1533 1013 1615 άσφαλὶης
1033 1532 1249 1614 ςρατηλάτης,
1272 1553 1334 1599 uon
1357 1536 1433 1600 iienr

245 1637 399 1720 άσφαληι
421 1636 589 1718 βδελυρός,
614 1639 739 1723 corrige
761 1640 917 1721 άσφαλῦι
941 1636 1005 1704 οὐδ’
1026 1640 1167 1720 άφανῦο.
1215 1640 1252 1705 lu
1278 1643 1296 1725 §
1319 1647 1336 1705 ῦ
1357 1638 1435 1725 iegi-

245 1751 301 1808 tur
330 1742 387 1824 τρδ
416 1745 537 1809 τούτου.
568 1753 659 1810 antec
682 1743 804 1810 urcium·
830 1743 952 1810 Graece
982 1749 1092 1826 τροτοῦ
1124 1763 1186 1809 non
1217 1746 1274 1826 τρδ
1304 1745 1433 1822 τοῦτον,

243 1854 315 1914 ium
341 1846 410 1934 lege
439 1847 651 1930 προβαλέσθαι
685 1869 745 1914 non
776 1849 968 1931 προελέσθαι.
1006 1852 1078 1936 38.
1102 1849 1202 1917 θύουσι
1232 1855 1348 1929 Νουμᾶ
1380 1855 1434 1916 τοῦ

242 1952 399 2034 βασιλέως
423 1956 672 2030 καταστήσαντος.
725 1953 832 2021 Nouae
857 1955 943 2039 regis
968 1974 1082 2021 nornen
1107 1965 1156 2022 est
1181 1956 1213 2020 in
1239 1976 1350 2022 eorum
1373 1975 1434 2021 nu·

242 2080 352 2138 mero,
378 2079 460 2147 quae
482 2058 608 2128 scribae
630 2060 806 2146 depravare
830 2057 952 2137 soient,
979 2069 1013 2124 ui
1037 2061 1214 2137 Μιτυλήνη,
1245 2060 1433 2138 Χαλκηδών,

243 2165 409 2248 Λάρισσα,
435 2165 637 2246 Συρακούσιος
661 2165 741 2231 satis
765 2171 952 2231 constanter
973 2163 1122 2231 scribunt
1147 2165 1259 2230 vitiose
1284 2186 1340 2251 pro
1362 2176 1434 2232 Μν-

242 2271 371 2350 τιλάνη,
391 2269 584 2352 Καλχηδών,
609 2268 754 2351 Λάρισα,
780 2269 984 2352 Συρακθσιοι,
1009 2270 1056 2336 sio
1078 2269 1119 2335 ab
1144 2271 1183 2335 iis
1202 2277 1334 2350 Νουμῑις
1353 2273 1433 2336 scri-

240 2375 330 2442 bitur
353 2375 410 2464 qui
430 2373 470 2440 ab
490 2374 730 2462 antiquioribus
752 2380 864 2455 Νομῦι
884 2373 1052 2441 dicebatur
1072 2383 1128 2442 aul
1146 2377 1279 2456 Νομάς,
1307 2385 1341 2442 υῑ
1359 2377 1433 2443 iim-

241 2501 350 2548 noano
379 2480 483 2568 piacet
514 2479 554 2546 ad
590 2480 769 2548 Srrrmnnn
807 2481 873 2571 (cui
912 2479 1008 2547 verba
1038 2483 1100 2563 χρη
1133 2481 1166 2547 δὲ
1200 2485 1255 2559 την
1290 2481 1432 2565 δευτέραν

243 2587 409 2667 συλλαβὴν
439 2586 627 2659 ἐκτείνοντας
649 2587 829 2666 βαρυτονεῖν
860 2586 945 2674 apud
970 2586 1137 2653 uronrsrnr
1167 2587 1274 2653 linaro.
1307 2587 1350 2656 H.
1376 2593 1431 2655 58.

241 2693 383 2781 genuina
408 2691 577 2772 videntur,
611 2689 691 2758 mihi
715 2691 755 2758 ao
778 2691 886 2780 aliquo
910 2692 1029 2758 lectore
1059 2690 1247 2781 adscripta).
1296 2695 1432 2780 Antiqui

241 2809 275 2867 et
291 2799 366 2866 boni
385 2797 519 2866 Codices
540 2806 670 2866 servant
690 2799 865 2884 genuinam
886 2797 1023 2864 formam
1043 2805 1076 2864 et
1099 2817 1339 2885 nonnumquam
1360 2818 1430 2884 per·

241 2907 374 2993 anliqna
408 2905 590 2991 scripturae
621 2905 723 2982 viiia,
757 2913 793 2970 ut
826 2905 857 2969 in
890 2903 1060 2970 Pcnrancm
1095 2904 1256 2970 Coriolano
1287 2905 1309 2970 Ι.
1334 2903 1431 2984 ὄνομα

243 3010 441 3092 θυγατριδοῦς
468 3019 500 3074 ιιι
525 3008 676 3076 omnibns
704 3008 794 3075 iilnis
822 3017 871 3076 est
895 3029 953 3096 pro
976 3010 990 3076 θ
1013 3013 1109 3088 Νομῦ
1139 3009 1346 3092 θυγατριδοῦς.
1392 3010 1429 3075 iu

240 3117 373 3183 Lucrino
397 3119 458 3190 27,
493 3118 545 3179 17.
570 3114 602 3178 in
636 3112 806 3180 [lodicibus
837 3123 886 3181 esi
918 3118 1013 3193 νομάν
1039 3117 1091 3181 τθν
1123 3115 1306 3193 ἷταλιάτην,
1343 3115 1430 3181 doeii

241 3219 389 3286 homines
417 3223 549 3296 Νονμῦν
578 3219 780 3286 invexerunt.
827 3219 863 3285 io
889 3217 948 3283 hoc
979 3219 1048 3305 ipso
1074 3219 1141 3285 ioco
1170 3221 1283 3307 optimi
1317 3241 1430 3288 ornnes

240 3323 394 3392 exhibent
413 3324 529 3390 θύουσιν
547 3321 639 3403 άμα,
664 3327 696 3391 in
716 3345 781 3412 quc
798 3323 889 3390 rides
908 3325 1008 3392 latere
1029 3325 1252 3404 ausoniaene.
1274 3327 1305 3392 in
1328 3326 1390 3392 iine
1410 3328 1429 3412 ς

242 3430 312 3516 iege
336 3431 454 3506 συνεθην
474 3449 533 3517 pro
552 3430 666 3506 συνθην.
715 3430 750 3496 in
773 3433 791 3515 §
816 3437 848 3497 ll
875 3449 988 3496 revoca
1012 3432 1238 3505 Γενετῦλλιδοο.
1274 3431 1308 3498 ln
1334 3434 1351 3518 ς
1376 3438 1428 3498 15.

239 3540 391 3622 χρυσοῦς,
424 3537 543 3618 φασὶν,
573 3537 605 3601 ἐν
639 3538 806 3622 Ὀλυμτθρι
836 3536 959 3611 τάθητι.
1007 3536 1110 3603 Locus
1140 3537 1310 3617 Pannonio,
1344 3536 1430 3604 unde

240 3643 320 3712 haec
340 3651 448 3709 sumta
466 3649 561 3721 sont,
582 3649 768 3728 pervetusto
788 3643 867 3707 vilio
887 3640 1028 3721 laborat,
1048 3640 1133 3730 quon
1154 3641 1259 3709 obiter
1277 3643 1428 3710 eximam.

240 3748 376 3835 Legilur
401 3749 433 3812 in
466 3745 611 3813 Phaedro
647 3767 676 3833 p.
710 3751 786 3813 256.
819 3769 845 3812 a.
877 3749 965 3829 ταρά
996 3748 1031 3815 τδ
1067 3749 1245 3831 Κυψελιδῶν
1280 3748 1428 3828 ἀνάθημα

241 3855 439 3939 σφυρήλατος
463 3853 493 3918 ἕν
517 3854 684 3936 Ὀλυμπία
710 3852 841 3929 σάθητι,
874 3873 936 3920 non
968 3862 1019 3920 est
1051 3855 1198 3921 Pannonis
1231 3875 1347 3920 nranus
1370 3853 1428 3924 τά·

241 3963 317 4038 θητι.
365 3958 497 4024 Veteres
521 3957 622 4025 Anici
653 3957 804 4032 dicebant
825 3965 967 4042 χαλκοῦν
996 3959 1124 4036 ἓτάναι,
1154 3965 1288 4043 χρυσοῦν
1320 3959 1428 4030 ἑσάναι

240 4086 305 4134 nou
328 4064 476 4141 ταθῆναι,
499 4071 531 4130 ei
554 4066 697 4145 χαλκοῦν
719 4061 841 4138 ἱτάναι,
876 4066 972 4140 crica!
993 4091 1076 4144 τινα,
1103 4085 1166 4131 non
1190 4068 1367 4144 draciaco,
1392 4073 1431 4130 ut

239 4173 390 4240 Lucrinus
412 4166 520 4237 dicere
546 4167 626 4235 sciet
648 4177 681 4234 et
704 4172 878 4257 sequiores.
914 4171 1131 4238 ssauosrnmrs
1155 4191 1187 4258 p.
1212 4176 1284 4238 172.
1309 4171 1335 4237 oi
1359 4171 1428 4253 τρθ-

240 4303 321 4360 γονοι
347 4274 544 4354 Θεμιστοκλέα
574 4275 627 4340 καὶ
652 4275 828 4352 Μιλτιάδην
852 4279 884 4343 οῦ
915 4281 1056 4357 χαλκοῦς
1086 4275 1202 4346 isacar
1224 4276 1285 4343 οὐδ’
1317 4276 1429 4355 ὑπερη-

239 4383 353 4466 γάτυν
376 4381 445 4472 (ubi
474 4399 546 4446 mox
571 4378 706 4447 emenda
730 4389 789 4448 τῶν
812 4382 906 4462 ἔργον
934 4382 1050 4457 οῦδενδι
1077 4389 1137 4448 τῦν
1164 4380 1238 4449 τθτε
1264 4381 1428 4458 άτέτησαν

238 4493 342 4565 αὐτοῖς
367 4508 425 4577 pro
454 4487 653 4568 άτεςὲρηοαν
676 4485 821 4574 αὐτούς),
852 4497 884 4554 ei
911 4507 940 4572 p.
967 4490 1044 4551 495.
1070 4491 1146 4553 ἀλλ’
1170 4485 1238 4556 ἔται
1263 4487 1316 4554 καὶ
1340 4501 1428 4570 χαλ-
