3204 4978
795 365 866 438 284

229 594 231 602 ·
290 558 339 640 11ιῖ
356 556 540 625 Prometlrcn
561 563 596 634 7,
623 563 653 625 7.
675 559 707 624 ln
733 561 806 626 allis
829 570 878 628 est
902 560 1041 642 όψθμεθα
1063 560 1168 644 μικρὸν
1189 558 1308 644 ύτερον,
1333 561 1365 626 in
1385 579 1444 627 an·

247 664 430 752 tiqnissinro
463 665 499 733 B.
534 665 700 745 εθσόμεθα,
733 665 818 752 quod
852 676 1016 755 receptum
1042 677 1100 734 est.
1149 666 1245 733 Anni
1275 686 1384 734 errore
1409 668 1443 733 in

247 771 390 858 Dialoqr'r
413 769 606 838 Morinorum
642 778 702 851 10,
734 777 796 849 113,
820 777 851 838 5.
876 779 940 848 πῶς
961 773 992 839 bt
1019 775 1144 848 κοίκείνιι
1168 774 1359 855 προσήσεταί
1381 797 1439 855 τες

247 896 322 964 pars
354 876 506 943 Codicum
543 875 733 960 προσόψεται
770 879 909 945 exhibet.
959 880 1040 945 Hinc
1080 880 1242 946 flcnoncro
1276 880 1442 947 subveniri

245 991 350 1072 potest
380 984 524 1068 graviter
555 981 711 1050 laboranti
742 985 796 1052 lV.
826 989 900 1050 119.
935 985 968 1061 ἢν
997 985 1100 1067 μέντοι
1132 986 1204 1070 lirin
1235 987 1287 1053 καί
1312 985 1362 1052 ἐπί
1386 989 1442 1064 τὴν

247 1090 394 1171 ἡμετέρην
418 1088 495 1172 όορξμ
515 1114 552 1155 τε
572 1091 699 1157 aarum
722 1092 775 1156 καί
800 1095 889 1170 ἡμεῖς
914 1094 947 1158 ού
972 1091 1162 1172 πεισόμεθα,
1188 1093 1347 1179 scripturn
1363 1091 1439 1158 olim

246 1195 345 1263 tuisse
369 1203 447 1283 puto
466 1198 499 1262 ού
523 1181 690 1279 θσοψόμεθα
713 1195 743 1262 nt
766 1205 816 1263 est
835 1199 869 1264 ού
883 1199 1109 1281 περιοψόμεθα,
1133 1206 1164 1265 ct
1185 1197 1265 1265 nibil
1279 1199 1440 1284 supererit

246 1300 458 1369 difficultatis.

291 1407 332 1474 ln
352 1407 491 1475 charone
517 1411 578 1487 12,
598 1412 630 1474 9.
655 1409 826 1476 ἐλασείοντι
851 1409 901 1476 brt
935 1411 1052 1478 Λυδίαν
1083 1410 1194 1489 ἔοικεν,
1230 1410 1373 1499 optimus
1403 1411 1438 1476 Α.

246 1513 328 1580 male
352 1513 493 1581 indecere
524 1513 633 1591 denir,
663 1535 724 1580 non
759 1515 955 1603 infrequenti
980 1536 1108 1594 errore,
1137 1526 1172 1581 nt
1205 1519 1237 1582 in
1264 1517 1439 1583 Tanarum:

248 1619 331 1686 Vlll.
362 1623 416 1688 89.
448 1629 498 1687 ast
528 1619 728 1698 ύταλλοθξειν
761 1642 817 1707 pro
848 1621 1096 1714 ύπαλλαξείειν,
1130 1621 1212 1709 quotl
1245 1621 1390 1711 perlucet
1421 1641 1440 1687 e

246 1725 353 1792 verbis
376 1725 573 1793 scholiastae
597 1727 845 1801 θπαλλακπικῶς
872 1727 968 1810 ἔχειν.
994 1729 1057 1794 vit.
1084 1729 1184 1795 Piens.
1212 1728 1252 1794 ad
1277 1729 1440 1794 Μοειιιυειι

246 1852 276 1919 p.
306 1835 356 1898 14.
403 1831 484 1898 illud
516 1833 621 1918 ipsunt
655 1833 787 1899 verbnm
824 1835 1016 1900 Xenornonn
1048 1833 1244 1902 reddendum
1271 1855 1341 1900 esse
1364 1854 1439 1902 cen·

246 1957 300 2004 sco
325 1938 357 2002 in
391 1937 529 2004 Ανοοθοοί
555 1939 623 2006 Vll.
658 1959 678 2004 1.
709 1944 740 2006 l.
773 1947 911 2024 Ξενοφῶν
943 1940 975 2006 δὲ
1000 1938 1085 2006 εἶπεν
1108 1941 1194 2024 αὐτῷ
1218 1937 1264 2007 θ’τι
1288 1939 1441 2007 ύπαλλοθ-

246 2044 328 2124 ξοιτο
355 2043 409 2122 ἤδη
440 2045 504 2112 ἀπὸ
536 2055 592 2123 τῆς
623 2051 754 2128 τρατιῖος
779 2048 830 2113 καί
857 2045 999 2127 βούλοιτο
1023 2049 1197 2124 οίποπλεΐν,
1231 2047 1299 2134 tege
1329 2048 1441 2114 ύπαλ·

246 2150 364 2230 λαξείοι
389 2175 425 2217 τε
449 2151 504 2228 ἤδη
529 2153 604 2218 κτὲ.

295 2258 329 2324 ln
354 2257 545 2323 Hermotimo
575 2261 635 2336 10,
669 2263 722 2326 76.
754 2260 814 2334 τὰς
846 2263 903 2340 μὲν
934 2261 997 2341 γὰρ
1027 2261 1211 2345 ὑποσχέσεις
1242 2263 1342 2328 θκούοο
1366 2262 1437 2327 θαυ·

245 2365 355 2446 μαςοθς
380 2388 486 2441 τινας,
510 2363 604 2440 ἡλίκα
631 2365 895 2444 εὐδαιμονήσουσιν
918 2369 943 2434 οἱ
973 2367 1003 2443 ἐς
1028 2369 1062 2433 τό
1086 2368 1256 2449 ἀκρότατον
1281 2365 1439 2446 ἐλθόντες,

247 2471 413 2538 verissima
438 2483 487 2536 est
518 2469 646 2537 Gnrcrn
677 2471 859 2539 emendatio
883 2473 977 2550 ἡλίκα
1003 2493 1061 2560 pro
1084 2475 1191 2551 ἡνίκα,
1215 2474 1300 2560 qnod
1325 2494 1438 2561 quarn·

247 2595 342 2664 qnanr
368 2596 464 2643 sensu
490 2595 626 2642 vacnum
658 2588 708 2645 est
740 2588 846 2644 tannen
872 2599 983 2646 ornnes
1011 2579 1108 2645 libror
1132 2578 1266 2645 obsidet.
1315 2577 1438 2645 Eadem

245 2682 333 2751 labes
357 2683 568 2750 Drnosrncnrs
601 2683 705 2751 locuni
740 2682 850 2750 iniecit
874 2685 912 2750 θσ
936 2685 973 2751 θ’.
999 2683 1036 2751 L.
1062 2707 1092 2771 p.
1109 2690 1190 2763 587,
1217 2689 1267 2752 16.
1292 2687 1345 2752 ούκ
1369 2685 1440 2754 ebt·

246 2791 337 2857 ναοθε
368 2797 469 2864 κακῶς
503 2793 592 2866 ἡνίκα
624 2791 789 2871 ἐβούλεσθε
820 2799 914 2857 ποιεῖν
951 2793 1080 2867 ἐκεῖνον,
1119 2790 1171 2856 ubi
1205 2791 1299 2867 ἡλίκα
1333 2791 1439 2877 legen·
1468 2839 1473 2846 -

243 2895 341 2974 dum,
366 2896 449 2983 quod
482 2898 633 2982 egregius
665 2897 832 2963 Parisinus
855 2896 878 2964 S
906 2895 1010 2963 lrnsta
1032 2895 1165 2977 obtulit,
1192 2906 1223 2963 et
1252 2895 1301 2963 rel
1325 2897 1439 2963 inritis

243 3000 334 3068 libris
358 3003 508 3068 omnibns
526 3013 595 3070 erat
621 3002 872 3070 restituendum.

289 3107 326 3173 ln
352 3112 413 3185 25,
450 3113 503 3176 28.
539 3120 625 3175 recte
657 3107 765 3174 etlitur
794 3111 863 3192 θοῶν
894 3109 1078 3192 Μαλχίωνα
1107 3111 1159 3176 τόν
1191 3107 1285 3190 Σύρον
1308 3109 1438 3192 σκύρους

243 3213 460 3293 παμμεγέθεις
490 3213 594 3292 οίξίους
627 3214 807 3294 ύνούμενον,
841 3214 920 3282 bene
952 3224 985 3281 et
1014 3215 1169 3284 ’λττικιτί
1199 3216 1304 3302 posuit
1330 3211 1440 3282 Lucta-

244 3339 299 3386 nrs
322 3317 425 3397 οίξίους
457 3340 515 3409 pro
546 3321 687 3400 εὐώνους,
720 3331 754 3387 nt
788 3323 871 3408 apud
907 3323 1039 3389 Veteres
1063 3329 1249 3388 constanter
1272 3321 1372 3402 τίμιος
1405 3331 1440 3388 et

243 3423 327 3505 ύξιος
351 3425 390 3493 de
416 3447 523 3494 rerunt
546 3429 658 3515 pretiis
682 3439 897 3514 optionnntur.
947 3428 1095 3495 Graeculi
1122 3427 1200 3514 quid
1224 3435 1310 3494 esset
1333 3426 1438 3504 όξίους

242 3553 305 3599 non
332 3534 410 3600 satis
431 3534 612 3622 capiebant:
643 3535 751 3621 itaque
776 3534 889 3602 rodere
913 3535 996 3600 lianc
1021 3536 1215 3622 scripturam
1241 3545 1273 3599 et
1299 3536 1439 3621 interpo-

243 3641 309 3709 lare
339 3651 534 3728 coeperunt,
559 3639 673 3708 stolide
705 3648 741 3706 ut
772 3642 890 3706 omnia.
941 3639 1087 3708 bredune
1119 3665 1134 3714 ς
1168 3648 1203 3706 ut
1235 3638 1323 3719 οθξόου
1352 3648 1439 3720 essct

242 3748 300 3813 viii
324 3749 444 3834 pretio,
473 3767 575 3835 eaque
606 3756 656 3815 cst
687 3746 783 3814 lectio
816 3748 847 3812 in
884 3747 980 3814 Godd.
1007 3747 1033 3814 G
1060 3747 1084 3813 b
1113 3747 1160 3825 Ε,
1189 3747 1310 3812 caeteri
1332 3743 1438 3823 α’ξίσυς

244 3863 425 3920 servarunt.
463 3855 565 3920 butro
591 3856 688 3921 etiarn
712 3856 803 3940 peius
824 3855 856 3918 in
877 3853 975 3920 simili
998 3873 1034 3920 re
1053 3853 1106 3919 isti
1132 3851 1437 3920 nculcaruntlocum

243 3959 276 4025 in
315 3957 398 4024 libre
425 3949 481 4026 *de
523 3981 692 4048 puerorum
738 3961 916 4026 οόιιοαθίοοο
963 3960 994 4024 in
1044 3959 1217 4025 Ptnrtncrn
1265 3957 1440 4025 Moralibnc

242 4071 316 4154 1κῦ
341 4084 371 4131 c.
402 4067 501 4145 Sunt,
535 4068 659 4153 inquit,
690 4067 745 4154 qni
769 4065 925 4132 adulteria
955 4077 985 4131 et
1016 4067 1180 4132 libidinem
1215 4075 1314 4131 morte
1344 4087 1440 4132 υοιιο·

243 4171 305 4238 lem
340 4181 506 4258 appetant,
549 4171 712 4256 φιλοσόφῳ
755 4172 787 4238 δὲ
823 4173 1029 4251 ὁμιλήσαντες
1066 4168 1146 4238 οὗτοι
1189 4172 1222 4237 ού
1258 4180 1321 4246 τοῖς
1364 4169 1439 4246 ίοοις

241 4276 326 4366 (lege
349 4279 382 4343 ού
412 4277 557 4353 τοιούτοις
580 4277 665 4367 lenc)
690 4277 876 4360 πράγμασιν
908 4279 1036 4350 ἑαυτούς
1068 4277 1106 4344 όν
1138 4279 1341 4354 καταπειθεῖς
1375 4302 1439 4344 τα·

241 4382 404 4466 ρθσχοντο,
437 4385 490 4450 καί
525 4385 562 4452 τό
595 4410 636 4465 γε
666 4383 891 4468 παρύγγελμοο
921 4389 975 4452 τοῦ
1011 4385 1173 4465 Διογένους
1207 4383 1321 4466 ἔμαθον
1344 4381 1384 4452 cir
1406 4379 1439 4458 θς

242 4494 392 4578 φορτικῶς
414 4491 472 4571 μὲν
495 4498 559 4568 τοῖς
582 4493 715 4576 όοίμοοσιν
738 4492 857 4568 οθλιρθῶς
881 4491 912 4557 n
935 4501 1000 4565 τοῖς
1022 4491 1193 4573 πρύγμασν
1216 4495 1364 4579 παραινεῖ
1384 4489 1440 4559 καί
