3204 4978
830 380 903 452 344

271 574 433 658 διάγνωσις
457 588 490 648 et
510 576 649 664 denique
672 577 706 644 τὸ
730 573 763 645 εὖ
784 582 923 661 φρονεῖν,
949 591 1012 662 qua
1035 592 1070 642 re
1094 572 1174 640 nibil
1200 580 1250 640 est
1273 572 1304 638 iu
1330 571 1458 641 bomine

271 682 424 752 divinius.
473 684 512 753 tu
544 685 682 772 quisque
713 692 821 750 autem
856 688 961 749 aetate
993 679 1093 747 distat
1124 679 1300 768 plurimum
1333 679 1373 744 ab
1397 679 1459 745 illis

270 790 502 878 scriptoribus,
523 811 603 879 quos
624 789 808 877 Antiquitas
827 788 1125 877 praestantissimos
1145 785 1240 864 tulit,
1261 786 1305 852 ita
1322 787 1459 853 maxime

269 915 307 964 ea
331 896 494 982 cogitandi
519 905 551 964 et
574 895 702 964 dicendi
723 897 846 962 sanitas
867 907 899 962 et
918 895 1076 962 serenitas
1099 903 1131 961 et
1154 893 1272 960 veritas
1289 891 1459 960 obscuran-
1563 945 1564 954 ,

271 1007 326 1068 tur
345 1009 377 1068 et
396 1001 570 1082 deficiunt,
592 1002 693 1070 donec
713 1001 752 1068 ad
771 1001 824 1070 illa
846 1010 990 1090 tempora
1012 1002 1215 1089 perveneris,
1236 1019 1337 1087 quum
1351 1019 1460 1067 omues

270 1108 392 1194 pariter
412 1107 556 1198 desipere
577 1108 748 1178 videantur
764 1117 796 1177 et
817 1109 945 1195 ingenia
965 1117 1028 1174 tam
1051 1107 1172 1174 insulsa
1193 1107 1256 1174 sint
1282 1115 1315 1174 et
1339 1105 1460 1185 iutilia,

270 1232 308 1280 ac
332 1212 441 1301 lingua
467 1224 499 1284 et
523 1235 629 1284 sermo
653 1215 765 1304 putida
789 1223 866 1282 sunt
890 1223 922 1282 et
945 1215 1065 1302 inepta.
1115 1213 1206 1280 Hauc
1231 1214 1334 1299 igitur
1357 1213 1460 1282 labem

269 1318 356 1388 lenta
384 1323 575 1409 contagione
605 1332 731 1390 eertum
766 1321 903 1390 exitium
935 1318 1122 1388 afferentem
1150 1321 1182 1385 in
1218 1319 1351 1386 bocrano
1379 1318 1458 1386 colui
1565 1381 1566 1390 ,

268 1426 438 1496 ostendere
462 1437 609 1510 tantum3
637 1431 835 1517 quicumque
854 1429 886 1492 in
906 1447 943 1494 eo
968 1425 1052 1493 bunc
1078 1425 1225 1492 morbum
1247 1426 1353 1494 inesse
1369 1424 1461 1493 intel·

269 1531 364 1612 laxit,
388 1535 508 1603 indicia
533 1535 608 1602 mali
632 1546 710 1622 quot
731 1533 814 1601 volet
838 1533 975 1600 notabit:
999 1552 1059 1619 ego
1083 1553 1169 1600 nunc
1193 1530 1324 1620 quidem
1348 1531 1459 1600 delun·
1554 1595 1558 1604 .

268 1659 328 1726 gar
353 1640 412 1710 bac
436 1663 550 1730 opera,
576 1651 745 1730 postquam
771 1641 883 1729 paucis
907 1639 1188 1716 demonstravero,
1209 1657 1306 1726 quam
1333 1639 1461 1706 incaute

269 1745 392 1814 Luciam
419 1749 602 1815 testimonio
626 1747 659 1813 hi
684 1767 811 1835 quoque
838 1754 992 1824 utantur,
1018 1746 1073 1832 qui
1099 1765 1136 1813 ex
1158 1745 1228 1811 eius
1251 1744 1385 1832 scriptis
1409 1766 1461 1812 co·

269 1853 381 1938 gnosci
401 1871 493 1940 posse
513 1853 702 1920 existimare
721 1852 888 1929 uidentur.
911 1862 968 1920 aut
984 1871 1069 1940 resp.
1092 1851 1337 1919 Atheniensium
1351 1871 1461 1939 quem·

268 1956 442 2025 admodum
464 1960 642 2026 constituta
667 1959 785 2036 luerit,
811 1969 868 2026 aut
893 1957 999 2046 legum
1026 1965 1057 2025 et
1083 1959 1163 2025 iuris
1188 1967 1245 2024 out
1266 1957 1460 2026 iudiciorum

269 2084 351 2152 quae
374 2063 474 2132 luerit
498 2066 580 2132 ratio
604 2073 635 2131 et
661 2083 760 2144 usus,
785 2065 924 2153 denique
949 2065 1004 2154 qui
1025 2083 1131 2132 mores
1155 2073 1301 2131 veterum
1321 2063 1460 2142 luerint,
1565 2133 1566 2152 χ

268 2189 351 2258 quoa
375 2171 453 2238 vitia
479 2170 604 2258 publice
626 2171 852 2259 privatimque.
900 2170 984 2238 Nihil
1002 2169 1119 2237 horum
1141 2172 1221 2238 satis
1247 2179 1317 2238 tuto
1340 2191 1382 2238 ex
1408 2171 1460 2238 bu
1565 2203 1566 2206 ¹

267 2297 354 2343 clano
375 2276 481 2365 colligi
503 2285 627 2364 potest,
646 2277 800 2344 coniectis
821 2278 854 2344 in
878 2296 977 2344 uuum
999 2285 1031 2343 et
1051 2275 1189 2344 mirilico
1209 2276 1351 2345 contusis
1364 2277 1461 2346 rebus
1565 2351 1566 2356 ἵ

268 2381 419 2450 omnibus
443 2384 622 2460 veteribus,
644 2384 733 2450 novis
753 2393 785 2449 et
807 2382 1001 2450 novissimis.
1048 2381 1094 2449 lle
1117 2381 1202 2449 docti
1228 2383 1355 2469 quidem
1379 2383 1461 2451 anti·
1565 2391 1566 2454 J

268 2490 390 2577 quarii,
413 2489 485 2556 vivo
508 2490 657 2568 buriano,
683 2489 765 2557 haue
788 2497 912 2577 partem
933 2487 1100 2555 doctrinae
1120 2486 1168 2554 vel
1190 2486 1341 2556 mediocri
1366 2487 1460 2558 laude

267 2594 455 2664 tuebantur.
504 2595 679 2663 dffluentes
705 2595 993 2683 praestantissimis
1018 2593 1205 2682 praesidiis,
1230 2613 1332 2683 quum
1356 2595 1460 2663 {disto
1565 2603 1566 2620 ,

268 2703 352 2771 ricos
376 2723 506 2782 omnes,
532 2701 704 2780 Oratores,
727 2702 890 2780 Conticos,
915 2704 1126 2769 boisrormrr
1146 2709 1179 2767 et
1203 2701 1461 2781 Tasornoasrou,
1565 2775 1566 2790 χ

269 2819 301 2879 et
332 2809 490 2899 quidquid
522 2807 597 2875 olim
622 2807 802 2875 doctissimi
828 2807 1035 2894 Peripatetici
1058 2816 1089 2875 et
1114 2808 1290 2894 antiquarii
1314 2809 1459 2896 scripsis·
1565 2807 1566 2870 i

268 2925 358 2992 sent,
381 2915 536 2983 haberent
556 2914 596 2982 ad
612 2934 763 2990 uranum,
785 2913 824 2982 de
837 2913 1094 3000 Antiquitatibus
1110 2913 1227 2986 Atticis
1248 2921 1312 2980 taut
1333 2913 1416 2982 levia
1429 2921 1460 2981 et

268 3021 374 3089 iutilia
410 3030 476 3088 tam
508 3021 615 3087 ieiune
646 3029 677 3087 et
710 3018 913 3107 negligenter
945 3019 1194 3106 scriptitarunt,
1228 3028 1262 3086 ut
1295 3020 1358 3086 nisi
1393 3021 1459 3088 dn·

269 3128 432 3215 tiquitatis
458 3126 610 3213 reliquias
635 3126 713 3215 (tam
738 3127 876 3213 exiguas
895 3133 927 3193 et
957 3126 1067 3212 inopes
1098 3143 1177 3212 prae
1201 3123 1329 3201 illorum
1354 3125 1458 3215 copia)
1565 3143 1566 3150 ¹

269 3233 386 3301 melius
405 3241 436 3302 et
460 3232 570 3299 sanius
593 3233 800 3320 interpretari
814 3242 846 3300 et
865 3240 1018 3300 excutere
1031 3229 1228 3310 valeremus,
1248 3233 1459 3320 antiquitatis
1565 3225 1566 3298 ἶ

268 3339 394 3407 Atticae
425 3336 570 3404 studium
603 3337 728 3405 ludicra
758 3357 809 3404 res
847 3336 939 3404 loret.
989 3336 1138 3404 bocrauus
1161 3347 1193 3404 et
1225 3340 1344 3406 caeteri
1375 3339 1458 3408 libe-

267 3455 354 3514 tores
376 3454 409 3513 et
433 3442 601 3533 Sopbistae
633 3445 742 3515 inicus
765 3445 862 3512 etiam
888 3463 985 3531 quam
1023 3445 1075 3514 isti
1113 3444 1199 3511 iuter
1232 3444 1402 3533 legendum
1427 3445 1457 3512 id
1565 3459 1566 3462 ’

267 3553 404 3640 agebant
430 3560 464 3618 ut
484 3552 654 3638 antiquum
670 3569 778 3618 rerum
801 3559 922 3618 statum
948 3558 980 3617 et
1001 3550 1131 3617 nomina
1148 3557 1181 3617 et
1202 3550 1297 3617 uerba
1315 3551 1457 3639 legitima

267 3669 299 3729 et
322 3666 477 3747 concepta
498 3657 794 3725 animadverterent
814 3655 854 3724 ad
878 3654 1085 3724 imitandum.
1135 3657 1248 3743 llagua
1270 3658 1371 3743 igitur
1383 3677 1456 3725 cum

265 3765 414 3834 libertate
448 3765 617 3832 mutabant
640 3772 671 3831 ot
696 3762 938 3830 contundebant
962 3782 1043 3849 quae
1067 3762 1142 3828 olim
1176 3762 1208 3828 iu
1240 3765 1345 3830 bttica
1370 3773 1457 3832 certa

267 3881 300 3942 et
323 3871 465 3939 discreta
485 3869 639 3949 luissent,
660 3877 692 3937 et
712 3871 739 3935 si
759 3868 836 3957 quid
855 3889 915 3936 non
930 3868 1096 3938 coiumode
1110 3868 1359 3938 recordarentur
1382 3870 1457 3938 sub·

267 3976 446 4047 stituebaut
470 3974 633 4063 quodlibet
656 3995 771 4043 nomen
796 3984 853 4042 aut
877 3975 916 4042 ab
940 3975 1123 4061 aequalium
1151 3995 1212 4043 usu
1230 3983 1374 4044 sumtum
1401 3985 1457 4044 aut

267 4095 391 4152 temere
404 4081 535 4160 lictum.
584 4081 625 4148 bt
646 4082 796 4168 quoniam
816 4081 863 4149 vel
882 4082 929 4148 sic
949 4079 1003 4147 illa
1024 4082 1143 4168 scripta
1164 4080 1368 4150 auditoribus
1379 4085 1458 4152 satis

266 4188 456 4279 placebant,
476 4207 538 4253 uon
558 4187 727 4255 videbatur
746 4207 826 4274 opus
847 4188 926 4254 bene
940 4189 1040 4266 scire,
1061 4189 1095 4254 in
1119 4187 1237 4273 quibus
1256 4198 1327 4256 tuto
1349 4207 1456 4257 errare
1565 4179 1566 4182 ¹

265 4293 401 4374 licebat,
426 4302 458 4361 et
478 4292 587 4360 nullus
606 4313 698 4361 error
720 4295 826 4381 turpis
846 4292 1033 4361 habebatur.
1059 4293 1161 4376 Quam
1180 4295 1325 4363 suaviter
1338 4295 1455 4364 rideret

266 4401 434 4480 Luciacus,
458 4401 486 4466 si
510 4419 590 4487 quos
608 4418 646 4468 ex
671 4401 740 4468 suis
763 4400 895 4486 seriptis
921 4399 1047 4466 Atticus
1070 4401 1288 4487 Antiquitates
1308 4399 1455 4488 colligere

265 4515 299 4578 et
329 4507 489 4595 explicare
520 4505 634 4573 scirctt
683 4503 774 4592 upot
807 4515 932 4572 veteres
963 4525 1059 4574 suum
1092 4507 1210 4595 cuique
1244 4507 1290 4575 rei
1322 4506 1354 4574 in
1386 4508 1453 4576 iuro
