3226 4976
716 338 786 410 153

163 546 195 603 ct
232 533 409 602 Pnu‘rnncno
444 538 527 605 οὐδὲν
562 536 716 604 ἀτίλειτε
751 531 842 601 τάίει
877 541 936 602 τῶν
971 537 1181 618 ἓμμανέςατα
1213 540 1351 623 ἐρώντων.

162 641 262 730 dtnba
294 653 371 709 snut
403 643 572 722 adverbia,
606 662 689 730 qnae
720 639 842 706 tibrarii
868 643 1043 729 sequiores'
1056 631 1218 712 constanti
1242 666 1353 714 errore

162 748 366 816 substituunt
394 750 584 827 adiectivis,
610 768 692 836 qirae
720 755 829 813 certus
853 757 999 814 ueterum
1026 769 1104 816 usus
1129 750 1280 838 postulat.
1304 752 1352 818 Ex

162 874 199 921 eo
236 875 370 922 numero
405 866 482 923 sunt
517 853 719 935 αὐτομάτως,
752 852 910 933 ἀσμένως,
943 855 1093 935 ἀκρίτως,
1124 876 1206 944 quae
1232 859 1351 944 passim

161 963 195 1026 in
227 961 319 1027 tibris
350 971 528 1028 occurrunt
558 971 614 1027 aut
646 959 795 1025 omnibus
820 969 876 1024 ant
899 959 1048 1044 plurimis
1070 981 1128 1049 pro
1150 964 1351 1044 αὐτόματος,

160 1067 294 1148 ἀσμενος
318 1078 350 1135 et
373 1069 533 1150 ἀκρίτους,
559 1086 755 1154 quamquam
783 1064 835 1129 itta
859 1063 923 1130 duo
949 1066 1077 1151 linguae
1098 1088 1191 1135 usum
1215 1069 1352 1147 violant,

161 1171 221 1239 hoo
247 1177 439 1241 sententiam
469 1194 596 1261 quoque
621 1171 793 1239 absurdam
820 1171 909 1237 tacit.
960 1171 1067 1239 Redde
1091 1175 1270 1255 αὐτόματος
1296 1194 1353 1262 pro

162 1279 350 1360 αὐτομάτως
376 1281 536 1346 Ηκιιουοτο
562 1281 586 1345 Ι.
613 1281 688 1345 180.
713 1286 744 1343 et
768 1278 800 1342 in
826 1277 924 1343 simili
951 1298 984 1344 re
1010 1278 1097 1354 aliis:
1120 1279 1271 1361 ἀσμένους
1295 1301 1353 1368 pro

160 1386 302 1466 ἀσμένως
335 1387 502 1453 Tnucrmm
526 1385 579 1452 tV.
608 1389 647 1450 21
681 1392 713 1450 et
736 1383 865 1470 saepius
889 1382 978 1460 atiis;
1002 1386 1131 1466 ἀκρίτως
1157 1385 1352 1472 ubicumque

159 1501 309 1579 superest
340 1492 450 1560 eodem
486 1494 558 1558 iuro
588 1487 744 1570 emenda,
780 1509 843 1575 quo
867 1488 962 1556 mutti
987 1489 1098 1558 multis
1122 1491 1201 1557 locis
1227 1491 1350 1558 dudum

159 1597 394 1676 emendarunt,
419 1607 454 1664 ut
480 1599 510 1663 in
538 1597 737 1663 bnnosruson
761 1617 792 1683 p.
818 1599 905 1675 tlt,
931 1600 984 1662 22.
1019 1596 1053 1663 tn
1077 1595 1218 1662 Ακίοοίιο
1244 1598 1351 1685 inepte

159 1702 270 1770 editur
299 1723 330 1790 p.
365 1707 442 1770 368.
480 1703 517 1770 b.
541 1701 836 1784 κατεχειροτόνησαν
856 1710 916 1768 τῶν
939 1702 1051 1784 ἀνδρῶν
1075 1701 1197 1783 ἀκριτον
1221 1702 1350 1770 ίάνατον

158 1829 219 1896 pro
241 1809 381 1890 ἀκρίτων.
429 1810 464 1875 tn
490 1809 599 1875 bisne
623 1807 804 1894 fragmento
829 1813 871 1874 56
897 1810 928 1894 (e
950 1809 1082 1874 Sroanoi
1102 1807 1216 1878 Ftorit.
1242 1809 1350 1876 XbVl.

162 1914 239 2003 110)
276 1917 357 1982 οὐδὲν
390 1914 430 1980 ἀν
465 1913 524 1981 ἔδει
558 1915 629 1988 τοὺς
663 1914 843 1997 Φεύγοντος
879 1915 1105 1994 ἀπολογεῖσθαι
1141 1918 1216 1982 ἀλλ’
1250 1917 1350 1999 ἀκριτί

157 2023 358 2097 ἀτοίιιίσκειν
380 2021 558 2107 genuinum
581 2029 630 2102 cst
649 2019 801 2100 ἀκρίτους.
850 2019 968 2087 Eadem
995 2029 1045 2087 est
1062 2020 1147 2089 ratio
1171 2022 1202 2087 in
1224 2023 1296 2089 ἓκιίν
1318 2032 1350 2089 et

157 2125 259 2204 ἀκων,
295 2145 433 2214 qnorum
470 2124 631 2192 adverbiis
663 2133 786 2193 veteres
816 2146 877 2191 non
911 2134 1065 2204 utuntur,
1098 2136 1130 2194 et
1161 2127 1200 2194 dc
1224 2129 1349 2204 ἑκίντως

158 2231 288 2320 quidem
315 2242 347 2300 et
371 2233 469 2298 ἓκοντί
487 2230 680 2298 damnandis
698 2252 793 2299 nemo
815 2242 991 2319 repugnat,
1012 2243 1044 2298 at
1066 2234 1216 2311 ἀκίντως,
1238 2254 1349 2322 quam·
1457 2257 1459 2262 ·

158 2357 255 2425 quam
292 2339 362 2404 eins
397 2337 509 2405 eadem
542 2358 639 2404 cansa
672 2348 739 2413 est,
772 2341 804 2404 in
837 2337 967 2404 civitate
1001 2339 1141 2406 retinere
1175 2337 1284 2405 rotunt
1310 2339 1350 2405 ob

157 2447 289 2510 testium
323 2443 537 2531 quorumdam
572 2455 798 2530 corruptorum
833 2442 939 2510 iidenr.
989 2443 1224 2510 Testimonium
1247 2444 1347 2511 Χίοιο-

157 2570 264 2616 rnonrr
301 2549 514 2616 denuntiatur
548 2549 580 2615 in
615 2549 739 2615 Hetten.
772 2549 825 2614 tV.
859 2569 922 2615 rm.
956 2555 986 2618 a.
1018 2550 1043 2614 οἱ
1071 2549 1128 2629 μίν
1159 2550 1195 2626 δίο
1227 2587 1270 2601 -
1294 2555 1348 2618 οὐκ

156 2653 291 2726 ἀκίντως
326 2655 415 2721 ἀλλά
450 2655 608 2737 τροίιίμως
644 2655 844 2731 ἐτείσίκσαν,
885 2655 941 2741 qni
977 2655 1185 2739 incorruptus
1221 2654 1348 2723 dixerat

156 2761 211 2827 οὐκ
244 2759 371 2833 ἄκοντες
406 2761 604 2835 ε’τείσίιρσοινε
637 2758 893 2825 additamentum
926 2768 973 2822 est
1005 2760 1094 2824 ἀλλά
1127 2759 1284 2841 τροίιίμως
1308 2781 1347 2826 ex

157 2885 196 2932 eo
219 2885 354 2952 genere,
380 2868 475 2934 ouius
500 2865 637 2952 plurima
660 2865 758 2930 tibros
775 2862 1040 2951 Xenophontem,
1062 2883 1141 2948 quos
1160 2885 1271 2932 ornnes
1294 2887 1346 2932 ne·

157 2991 220 3057 quc
245 2980 388 3038 vetustos
414 2992 517 3058 neqire
540 2971 640 3038 bonae
667 2979 759 3040 nolae
784 2967 955 3045 babemus,
980 2969 1137 3037 obsident.
1186 2971 1346 3058 Turpissi-

158 3097 248 3144 mum
279 3085 328 3143 est
356 3078 390 3144 V.
416 3098 458 3143 iv.
485 3084 536 3143 55.
562 3079 615 3142 καί
641 3077 745 3153 ιίνίασε
769 3077 826 3155 μὲν
848 3077 891 3148 είς
915 3076 956 3142 τά
982 3074 1110 3160 ἔσχατα
1133 3077 1345 3159 Ἀρχιῒαριον,

154 3185 193 3258 ὡς
224 3183 251 3248 δ’
277 3181 432 3266 ὑπίσχετο
463 3185 495 3248 οὐ
527 3185 725 3267 κατῄσχυνεν
762 3181 874 3270 [ἀλλά
888 3185 1011 3263 μᾶλλον
1035 3181 1234 3274 dordonam}
1282 3183 1347 3250 Nae

155 3308 219 3355 non
243 3288 402 3355 intettexit
427 3288 584 3374 quomodo
608 3291 640 3354 οὐ
663 3291 861 3372 κατῄσχυνεν
885 3289 980 3355 Attici
1004 3288 1112 3356 dicant
1134 3289 1190 3377 qni
1211 3291 1273 3356 isto
1292 3289 1346 3357 ad·

154 3393 332 3462 ditarneuto
360 3414 440 3480 opus
463 3414 532 3461 esse
557 3393 706 3461 credidit.
743 3394 922 3472 Adiiciam,
954 3396 1030 3481 quia
1056 3395 1148 3483 plane
1172 3395 1345 3482 gernettum

154 3510 225 3579 est,
257 3500 412 3566 isocmrrs
445 3505 500 3566 τοῦ
536 3504 725 3572 καλλιεποῦς
757 3498 863 3566 locum
895 3498 1006 3566 eadem
1044 3500 1112 3567 tabe
1136 3499 1286 3568 attentum
1312 3503 1346 3568 in

156 3605 304 3694 Pbt'to'ppo
336 3609 354 3692 §
391 3611 465 3674 148.
494 3605 530 3673 τὸ
564 3606 706 3688 τρίτατον
729 3607 764 3671 τὸ
787 3604 845 3684 μὲν
868 3608 940 3672 κατ’
963 3606 1082 3672 ἐκείνων
1107 3607 1165 3672 ὑπὸ
1187 3615 1246 3674 τῶν
1266 3608 1346 3689 βαρ-

153 3713 257 3794 βάρων
289 3713 381 3782 ςαίέν
415 3715 562 3792 ἀγαπῶσι
598 3711 651 3778 καί
687 3713 844 3792 θεωροῦσι,
880 3712 922 3776 τά
953 3711 978 3776 δ’
1004 3712 1061 3777 ὑπὸ
1094 3712 1345 3792 Λακεδαιμονίων

153 3821 241 3886 κατά
263 3824 322 3885 τάν
343 3817 449 3885 ἀλλων
473 3821 527 3886 οὐκ
549 3819 723 3884 ἐπαινοῦσιν
752 3816 839 3905 [ἀλλ’
864 3816 963 3891 ἀηδῶς
991 3817 1125 3904 ὃρῶσιν],
1150 3819 1346 3906 quicumque

154 3924 305 3993 meminit
328 3945 392 4012 quo
415 3944 511 3992 sensu
536 3922 651 3992 urbani
682 3923 778 3990 Attici
800 3922 907 3990 ‹tioere
932 3922 1057 3989 soleant
1080 3927 1134 3990 οὐκ
1158 3925 1287 4001 ἐταινῶ,
1312 3925 1345 3989 in

153 4051 217 4120 quo
243 4030 332 4097 verbi
365 4029 480 4097 tenitas
505 4049 566 4095 nnn
591 4028 675 4096 toltit
699 4029 910 4096 acrimoniam
936 4029 1036 4094 animi
1062 4029 1173 4097 ottensi
1198 4039 1230 4097 et
1254 4030 1346 4107 irati,

153 4137 252 4206 malet
287 4138 362 4203 ἀλλ’
385 4137 483 4213 ἀηδῶς
517 4135 619 4218 ὁρῶσιν
652 4135 691 4200 iis
723 4133 924 4220 relinquere,
956 4135 1012 4219 qui
1047 4134 1078 4200 id
1103 4155 1166 4202 non
1190 4135 1344 4203 sentiant.

154 4245 223 4310 oda
254 4245 390 4310 ἐπαινεῖν
419 4241 527 4308 eodem
555 4262 644 4308 more
671 4239 905 4307 Atteniensinm
930 4238 1180 4322 ὑποκοριζομένου
1205 4242 1346 4328 positum

152 4369 211 4436 pro
239 4349 423 4432 μέμφεσθαι
454 4358 486 4414 et
519 4349 667 4428 ἐγκαλεῖν
699 4345 767 4414 tere
790 4347 905 4414 vitium
946 4347 1091 4433 concepit
1118 4349 1151 4412 in
1178 4347 1349 4414 Hetteoioio

155 4454 218 4534 Vt,
253 4475 305 4532 nr,
345 4462 373 4520 l.
407 4455 432 4520 οἱ
463 4454 493 4519 n
523 4454 676 4530 Ἀθηναῖοι
709 4453 951 4527 ίκτεττωκίτοις
987 4453 1046 4533 μὲν
1076 4452 1198 4536 δρῶντες
1232 4453 1266 4520 ἐκ
1290 4461 1347 4530 τῆς

1188 4556 1200 4584 Ι
