3150 4972
756 397 801 469 68

181 595 329 663 Graeculi
347 590 651 674 ίττιιμιοισιίττην.
687 590 775 658 Unde
795 600 844 659 est
857 596 994 672 διιτετῆ,
1016 591 1099 679 quod
1121 595 1286 680 sequitur,
1306 595 1369 660 nisi

180 723 197 768 e
221 702 344 788 poclis?
371 703 402 767 in
425 721 488 786 quio
506 699 626 765 lllretor
651 700 767 766 iterum
794 703 938 786 peccavit
962 699 1044 787 quod
1070 707 1195 764 vetusto
1218 700 1370 767 vocabulo

179 807 302 874 colliculi
328 808 366 874 dc
391 828 449 872 suo
473 805 739 892 significationem
771 826 867 891 qnam
894 806 1009 872 uoluit:
1044 807 1179 883 διιτετιίς
1204 816 1253 872 est
1277 809 1305 875 el
1329 809 1369 874 clo

180 915 251 980 lova
282 915 407 979 missus.
435 919 451 998 §
477 919 509 977 o.
530 909 660 977 ¹utiliter
693 911 857 977 luctabitur
886 913 1065 999 scripturae
1095 911 1311 998 discrepantia
1335 915 1368 979 iu

179 1019 378 1102 ἐξηγειρόμην
402 1029 433 1084 et
457 1017 660 1099 dispectione.
697 1017 733 1082 ln
759 1017 870 1084 irruitis
894 1018 1058 1083 codicibus
1085 1026 1193 1090 utrum
1219 1021 1246 1086 δι
1270 1040 1310 1086 an
1333 1019 1370 1096 εξ

181 1128 338 1213 scriptum
365 1127 408 1190 sit
429 1125 530 1191 oculis
549 1122 689 1188 discerni
711 1143 771 1188 non
797 1131 910 1208 potest.
947 1122 1008 1204 Qui
1029 1123 1175 1190 codicum
1199 1127 1368 1211 inspicien-

179 1231 293 1296 dorum
320 1229 505 1296 facultatem
531 1249 591 1294 uon
619 1229 755 1308 halrent,
787 1231 919 1296 llusrruu
944 1231 1116 1316 inspiciant
1141 1231 1172 1294 in
1201 1231 1369 1298 Commeat.

180 1336 346 1424 Polcecpr.
373 1358 444 1424 pag.
471 1342 548 1403 ill.
587 1337 645 1402 Vix
669 1333 782 1401 credas
806 1337 867 1404 nisi
891 1335 921 1400 id
947 1355 1004 1422 per
1028 1337 1146 1402 multos
1170 1357 1270 1403 anuos
1294 1337 1369 1403 dili·

178 1454 293 1528 genter
316 1443 536 1510 observaveris
560 1461 655 1528 quarn
686 1462 779 1528 saepe
803 1443 836 1506 ln
860 1443 1047 1529 compositis
1070 1443 1097 1508 δι
1121 1451 1153 1509 et
1176 1443 1213 1522 εξ
1235 1443 1367 1510 contusa

178 1550 212 1615 iu
238 1549 328 1616 lilrris
352 1553 471 1616 nostris
503 1549 638 1615 lectores
671 1551 779 1614 minus
803 1557 915 1614 acutos
939 1557 970 1613 ct
994 1549 1178 1636 suspicaces
1203 1549 1367 1616 ludificen-

177 1663 243 1723 tur.
294 1657 338 1722 lle
362 1656 540 1743 permultis
557 1655 635 1720 locis
661 1654 714 1720 ulti
739 1653 823 1720 liunc
852 1674 993 1722 errorem
1019 1654 1233 1743 deprehendi,
1267 1677 1367 1722 cirrum

178 1780 265 1828 nunc
287 1745 447 1827 ¹indicabo
475 1782 492 1827 e
524 1761 616 1828 Lusca
649 1761 682 1825 in
712 1761 831 1827 eximia
867 1763 1009 1826 oratione
1043 1761 1129 1828 κνιτίι
1165 1763 1367 1842 Διογείτονος.

179 1871 265 1954 §ln
289 1869 319 1932 ἕν
338 1869 401 1950 γὰρ
421 1879 459 1953 τῇ
479 1869 628 1943 διοικίσει,
650 1863 695 1932 δι’
717 1868 750 1932 ἐκ
771 1873 927 1933 Κολλυτοῦ
947 1867 1097 1950 διῳκίζετο
1115 1871 1225 1943 siccior
1239 1869 1367 1951 Φιιιδρου

178 1973 284 2040 οίκίοιν.
333 1975 498 2062 leguntur
522 1973 601 2040 haec
626 1975 695 2039 sine
721 1971 783 2038 ulla
807 1975 877 2039 vitii
903 1975 1095 2061 suspicione.
1133 1977 1172 2042 dt
1198 1995 1290 2040 nemo
1316 1995 1367 2040 ue-

177 2081 239 2145 scit
271 2079 347 2166 quid
380 2081 422 2145 sit
452 2078 615 2160 διοικίζειν,
648 2080 829 2165 oppositum
866 2079 960 2147 verbo
991 2078 1180 2161 συνοικίζειν,
1214 2088 1287 2146 nota
1314 2099 1369 2145 ars

176 2205 311 2265 eorurn,
345 2187 399 2272 qui
433 2187 595 2251 civitatem
628 2182 708 2252 netto
733 2185 849 2251 uictam
877 2196 908 2253 et
933 2185 1098 2254 subactum
1133 2208 1187 2274 per
1209 2189 1296 2252 vicos
1319 2186 1369 2252 di-

177 2300 351 2378 spergunt,
385 2312 424 2358 ne
448 2294 531 2357 vires
561 2290 756 2358 coalescant:
790 2301 885 2358 notus
911 2302 960 2359 est
979 2293 1145 2372 διοικισμίς
1168 2293 1367 2372 Μοντινέον,

176 2401 232 2484 qui
256 2398 454 2480 διῳκίσίησιιν
477 2407 618 2479 τετροιχη
631 2448 638 2476 ,
666 2396 800 2465 Xenocra.
823 2397 908 2464 llell.
930 2399 967 2464 V.
989 2419 1022 2465 ιι.
1047 2401 1078 2476 7,
1103 2401 1134 2464 iu
1157 2419 1218 2485 qua
1240 2401 1307 2486 ipsa
1334 2420 1369 2466 re

176 2504 260 2569 idern
275 2504 408 2570 verbum
422 2505 536 2569 tritum
549 2510 611 2581 est,
633 2502 717 2570 unde
731 2505 820 2569 iocus
834 2505 981 2570 Pcnronrs
994 2505 1024 2569 io
1040 2503 1182 2591 Spmpcs.
1195 2526 1225 2592 p.
1243 2511 1315 2572 193.
1329 2507 1367 2572 Α.

176 2607 262 2676 Nihil
286 2609 373 2675 aliud
398 2609 543 2692 διοικίζειν
568 2611 748 2696 significat,
773 2610 853 2676 nihil
873 2611 960 2677 aliud
984 2631 1039 2697 per
1062 2621 1212 2678 naturam
1238 2610 1369 2697 liuguae

176 2715 359 2804 siguificare
390 2727 504 2804 potest.
552 2715 693 2804 Miprore
716 2717 749 2782 in
774 2716 853 2783 alias
886 2717 980 2784 aedes
1008 2716 1129 2784 dicitur
1152 2719 1367 2802 ἐξοικίζεσίοιι,

176 2823 261 2890 unde
286 2825 444 2904 ἐξοίκισις,
470 2833 507 2890 ut
530 2825 562 2888 in
588 2823 670 2890 Pcrc
692 2845 738 2890 vs.
764 2828 843 2891 205:

402 2931 585 3014 ἐξῳκίσαντο
609 2930 635 2994 δ’
661 2932 686 2996 οἱ
710 2930 767 2996 decl
793 2931 871 3003 σίνος
895 2927 1024 3008 οὕνεκοις

176 3045 382 3122 opponuntur
414 3039 499 3102 inter
530 3056 563 3102 se
595 3033 782 3118 liccadiacus
805 3045 836 3102 et
861 3037 1060 3119 είσοικίζοροοιι
1086 3045 1122 3103 ut
1142 3037 1173 3102 in
1204 3037 1366 3104 doscunus

181 3141 363 3208 Τιίιιιισοίισσ
390 3145 408 3228 §
439 3147 512 3208 124.
537 3141 591 3207 ἐὰν
614 3142 639 3208 δ’
664 3144 706 3214 είς
728 3135 757 3206 ἓν
781 3141 895 3208 τούτων
923 3151 981 3209 τῶν
1004 3144 1054 3209 ε’τὶ
1078 3151 1149 3217 τοιῖς
1174 3144 1248 3216 tlon
1273 3145 1367 3224 ἔργοι-

175 3247 281 3329 sopior
306 3248 408 3329 ίοιτρδς
438 3247 638 3324 ιίσοικίσητσιι
669 3249 800 3328 ίοιτρεῑον
824 3257 989 3324 conciret,
1014 3250 1068 3314 inlr
1092 3249 1118 3314 δ’
1142 3250 1156 3314 c‘
1178 3250 1235 3328 μὲν
1258 3251 1366 3330 ἐξοικί-

176 3379 288 3432 σητσιι,
314 3357 356 3429 είς
375 3355 406 3420 δὲ
430 3355 465 3420 τὸ
488 3357 565 3422 adad
587 3359 675 3421 τοῦτο
700 3355 875 3436 coracino
897 3358 1039 3434 χοικκεὺς
1057 3355 1256 3440 είσσικίσητοιι
1275 3371 1366 3437 χολ-

176 3470 254 3528 κείον
278 3462 406 3539 lendin,
440 3459 493 3527 ubi
517 3460 644 3528 codices
669 3481 781 3527 omnes
804 3458 957 3526 barbaras
986 3460 1104 3527 lormas
1135 3459 1213 3526 dant
1235 3463 1366 3540 είσοικιί·

176 3591 268 3644 σητνιι
292 3576 324 3634 et
346 3569 558 3648 ἐξοικίσηται,
585 3587 666 3654 quas
694 3568 826 3634 Graecos
850 3565 927 3632 lecit
951 3567 1140 3640 Saccumum
1167 3587 1280 3654 nempe
1303 3569 1364 3634 είσ·

177 3675 347 3742 οικίσοισίοι
378 3674 499 3741 dicitur
523 3676 578 3760 qui
610 3675 677 3760 ipse
710 3673 795 3739 ultro
820 3674 850 3737 ln
876 3672 1001 3760 aliquas
1024 3671 1121 3740 aedes
1143 3673 1363 3757 irnnrigravit,

176 3782 403 3857 είσοικισίηνοιι,
435 3781 490 3867 qul
520 3779 560 3845 alr
593 3779 654 3845 allo
688 3781 719 3844 ln
753 3777 894 3865 aliquaun
927 3799 1040 3844 noram
1063 3778 1169 3845 sedern
1207 3778 1365 3846 deductus

177 3896 240 3966 cst,
265 3906 328 3972 quo
351 3885 434 3952 lecto
459 3895 595 3972 uterque
615 3887 736 3950 ἐνοικεῖν
758 3884 889 3950 dicitur.
927 3883 1110 3951 Reddanms
1133 3885 1234 3969 igitur
1250 3905 1365 3952 censeo

177 3993 288 4060 Lrsrm
312 3991 449 4072 ἐξοικίσει
473 3999 504 4057 et
529 3991 686 4073 ἐξῳκίζετο
710 3999 742 4056 et
767 3991 798 4055 in
826 3993 1014 4057 Auerruncus
1037 3991 1249 4072 διηγειρίμην,
1279 3991 1364 4077 quod

177 4101 273 4167 nauci
307 4118 366 4162 non
398 4104 466 4174 est,
502 4097 708 4171 alcimionius,
745 4096 895 4162 latentem
930 4097 962 4161 iu
993 4094 1191 4178 ἐξηγειρόμην
1221 4106 1363 4164 veterem

177 4207 289 4275 amisti
312 4202 467 4281 lormaur,
495 4202 661 4269 Graeculis
682 4202 878 4279 ineruditam,
904 4201 1075 4284 ἐξηγρόμην
1098 4205 1128 4268 in
1150 4203 1252 4269 lucem
1275 4223 1365 4270 revo-

176 4312 333 4381 cabimus.
381 4309 524 4394 donique
556 4310 588 4373 io
617 4311 633 4392 §
658 4315 675 4375 5
701 4329 758 4395 pro
781 4305 811 4374 οί
831 4309 915 4391 φέρει
947 4309 982 4374 τὸ
1011 4309 1080 4390 ίνιιρ
1113 4311 1310 4396 reposuerim
1337 4307 1368 4377 οί

176 4420 258 4503 ρ’ἐτει
282 4426 315 4482 ct
335 4415 531 4497 τίληίίζεσίοιι
562 4415 681 4480 acrisio
711 4416 915 4492 dunolmiae
947 4417 1199 4502 anteposuerim.
1245 4416 1364 4482 Me'nno
