3160 4972
258 571 349 617 rnatu
376 551 564 620 restitutum
591 562 640 620 est
665 551 697 616 in
717 549 898 639 fragmento
919 549 1006 637 apud
1033 552 1149 644 Arana.
1170 550 1240 618 nn.
1268 573 1297 638 p.
1312 558 1397 631 551,
1422 577 1459 633 a,

263 657 316 723 ubi
343 658 374 723 in
400 656 560 726 Marciano
584 658 693 725 codice
716 667 781 724 est:
860 651 866 658 '

532 763 680 846 εῖλθμεθα
704 774 784 848 κοινῇ
809 765 973 845 γενομένης
998 762 1166 838 ἐκκλησίας

534 871 776 950 οθσημαθνονπας
800 871 984 955 αϊδοΦοῖτας
1007 869 1058 934 καῖ
1083 867 1171 948 θαμοδ

530 979 628 1044 ἐκεῖσε
656 982 921 1061 φιλοχωροῦντας.
1571 1041 1572 1046 ,

259 1081 486 1170 plaudentibus
511 1082 661 1149 onmitrus
685 1081 869 1148 emendavit
893 1083 1102 1148 Trnwnnrus
1122 1080 1176 1168 (ad
1198 1082 1457 1154 TournEmeod.
1571 1125 1572 1136 .

258 1188 312 1255 lV.
339 1210 369 1276 p.
396 1190 474 1278 tot)
495 1188 544 1263 οὓς
569 1186 665 1273 ᾖσμεν
686 1189 793 1264 ὄντος,
817 1207 855 1255 ex
877 1206 940 1273 quo
964 1184 1033 1252 ioco
1056 1189 1135 1252 satis
1152 1199 1286 1274 apparet
1309 1189 1367 1256 tras
1392 1190 1455 1258 ior·

259 1316 348 1374 mas,
374 1295 413 1362 de
433 1296 551 1384 qttibus
569 1295 728 1374 dicimus,
752 1287 784 1360 in
806 1294 992 1381 popularem
1014 1312 1194 1360 sermonem
1219 1305 1365 1383 receptas
1382 1317 1456 1363 csse

258 1411 290 1468 et
310 1405 454 1468 omnium
479 1423 540 1468 uso
562 1404 667 1470 tritas.
701 1401 811 1497 ltaque
825 1400 1115 1486 (trateresqunque
1128 1399 1244 1466 iisdem
1260 1402 1455 1482 utebantur,
1571 1387 1572 1472 θ

258 1509 352 1574 cuius
378 1510 422 1575 rei
449 1530 534 1575 nrtne
561 1529 660 1574 unum
686 1517 813 1574 tantum
839 1505 997 1571 indicium
1022 1514 1053 1572 et
1077 1507 1259 1595 exernptum
1286 1495 1455 1596 superest,

258 1633 359 1700 quum
396 1615 471 1681 otim
504 1615 663 1702 peraruita
696 1612 795 1680 tuisse
826 1613 905 1678 satis
937 1620 1061 1678 certum
1101 1613 1154 1678 sit.
1202 1614 1334 1699 Legitur
1364 1616 1452 1702 apud

262 1721 533 1788 Hsnrocnnsrosrrr
566 1742 596 1786 v.
622 1715 948 1808 insecutionem:
981 1719 1049 1784 citri
1078 1723 1132 1784 τοῖν
1163 1721 1295 1803 ᾔδειμεν.
1345 1720 1453 1790 Ἀντι·

256 1832 324 1909 φῶν
357 1825 429 1906 πρὸς
460 1828 515 1901 την
548 1825 687 1892 Καλλῖου
719 1823 842 1904 ἔνδειξιν
873 1827 1033 1910 aratoria
1070 1827 1179 1904 »ἡμεῖς
1210 1827 1267 1905 μὲν
1301 1822 1351 1894 οὖν
1379 1829 1452 1896 οὔτε

258 1932 398 2000 ναυτικὸν
422 1930 520 2016 ᾖσμεν
543 1932 652 1998 θπθσον
677 1931 771 1998 δέοι.”
819 1933 855 1999 In
882 1933 1025 2018 antiquis
1049 1931 1140 1997 libris
1164 1942 1264 2000 estet
1291 1932 1365 2000 otim
1387 1933 1452 2002 suit

258 2037 368 2118 ἥεμεν,
403 2057 498 2125 quem
533 2047 659 2125 turpem
692 2058 835 2104 errorem
866 2038 998 2104 Pnortus
1031 2058 1093 2103 non
1118 2038 1370 2120 animadvertit,
1394 2043 1451 2128 qui

259 2148 350 2230 ηεμεν
377 2145 456 2210 ttona
479 2144 540 2212 fide
561 2144 636 2210 hinc
657 2146 689 2210 in
710 2165 806 2211 suum
831 2144 966 2210 Lesieon
990 2143 1186 2210 transferens
1209 2144 1350 2212 inedium
1365 2147 1452 2213 inter

258 2251 434 2318 Ἠετιωνεθα
477 2262 508 2317 et
549 2253 738 2333 Ἡεριφοῖτις
783 2251 933 2316 inseruit.
954 2265 958 2274 ’
983 2249 1218 2316 Hnarocnnnon
1259 2251 1327 2337 ipse
1364 2272 1450 2320 nunc

258 2357 388 2444 quidem
413 2377 522 2423 errore
544 2368 659 2438 vacat,
685 2357 779 2424 cuius
803 2377 875 2423 eum
898 2355 1070 2442 aliquando
1095 2355 1451 2446 insimulati,namque

259 2466 327 2550 ipsa
353 2465 452 2530 series
480 2463 566 2546 ἠρία,
592 2465 699 2544 ἥεμεν,
725 2463 876 2548 ᾐτημένην
907 2463 1015 2547 arguit
1039 2462 1220 2529 scribarum
1246 2463 1448 2544 socordiam,

258 2589 356 2656 qnam
393 2571 527 2636 Dtsnonr
562 2577 650 2636 recte
682 2571 865 2654 castigavit.
916 2570 1046 2634 Praeter
1082 2568 1167 2635 hunc
1205 2589 1305 2636 unum
1339 2569 1447 2638 locum

258 2697 345 2743 nnnc
369 2675 499 2763 nitidem
523 2674 640 2758 depae,
665 2675 739 2760 dcc,
765 2674 842 2759 ἦσαν
868 2695 1027 2763 nusquam
1060 2675 1145 2762 apud
1180 2673 1332 2743 Oratores
1363 2697 1449 2743 corn·

258 2791 393 2870 parent,
419 2781 473 2848 sed
498 2781 573 2848 oiim
609 2783 660 2848 iric
687 2780 751 2848 iitic
783 2782 903 2866 scripta
935 2779 1082 2858 fuerunt,
1108 2801 1193 2847 nunc
1226 2781 1450 2870 incorruptis

258 2890 430 2976 scripturis
449 2887 560 2954 latent.
597 2887 749 2954 indicatio
770 2906 872 2974 pauca
886 2886 1064 2972 quaedam,
1091 2895 1127 2953 ut
1141 2896 1229 2952 recte
1256 2888 1450 2956 Xanoraonrr

257 2995 359 3062 πθλοιι
404 2992 458 3077 der
501 2992 590 3060 reddi
636 3014 727 3081 posse
774 2992 986 3073 inteilipatur.
1035 2992 1130 3079 Apud
1164 2994 1341 3062 Druancnuu
1376 2999 1450 3061 κατ’

256 3100 493 3181 ’λριςογεῖτονος
530 3099 572 3165 ll.
607 3103 625 3184 §
654 3105 692 3165 to
725 3097 860 3180 Δημοθδη
891 3099 948 3176 μὲν
981 3099 1033 3165 καὶ
1074 3101 1260 3178 Δημοσθένει
1298 3102 1449 3180 οὐδεμίαν

257 3207 348 3290 ᾤεσθε
377 3206 438 3272 δεῖν
469 3208 655 3286 συγγνώμην
687 3203 772 3286 ἔχειν
804 3202 850 3270 dri
882 3206 960 3285 δῶρα
991 3205 1061 3270 καθ’
1096 3207 1176 3284 ὑμῶν
1209 3205 1449 3288 ἐξηλέγχθησαν

257 3313 495 3393 λαμβάνοντες,
528 3313 603 3394 ἀλλ’
634 3313 881 3393 ἐτιμωρήσασθε,
912 3312 964 3376 καὶ
988 3311 1131 3388 δικαίως,
1154 3308 1196 3385 οἷς
1218 3315 1243 3378 εἰ
1270 3316 1315 3392 μη
1339 3313 1448 3380 πάντα

256 3421 346 3486 ἀλλὰ
387 3417 493 3486 πολλοὶ
524 3442 564 3496 γε
596 3416 732 3486 σθιιςε
773 3419 916 3500 χρήσιμα
955 3418 1209 3496 πολιτευομένοις.
1266 3418 1447 3486 Perfectum

256 3527 359 3597 σθνιςε
388 3534 453 3592 tarn
478 3524 561 3592 mate
592 3525 730 3610 pesitum
756 3532 805 3591 cst
829 3544 866 3589 ac
891 3525 918 3588 si
941 3522 1034 3611 paulo
1058 3532 1132 3588 astte
1155 3521 1251 3590 oiseis
1274 3545 1332 3612 pro
1356 3524 1448 3609 ᾤεσθε

256 3633 429 3720 legeretur.
480 3630 644 3699 Sententia
681 3639 750 3698 est:
789 3651 978 3718 quemquem
1006 3629 1039 3694 in
1075 3629 1184 3696 multis
1217 3632 1290 3698 benc
1320 3631 1359 3698 de
1381 3653 1446 3719 rep.

256 3741 384 3806 meritos
418 3736 568 3804 sciebatis
608 3746 710 3802 temen
743 3737 977 3803 condemnaretis.
1029 3736 1157 3822 ttcpone
1190 3738 1291 3822 igitur
1324 3748 1445 3822 σννηῖςε.

257 3845 348 3932 dpnd
386 3844 560 3912 drscnmru
593 3843 625 3909 in
662 3842 846 3922 Τιίιιοοοθιοα
877 3848 893 3928 §
921 3845 982 3907 116
1015 3841 1082 3922 περὶ
1113 3842 1170 3921 μὲν
1194 3838 1243 3910 οὖν
1264 3843 1335 3919 τοὺς
1360 3844 1447 3911 πολῖ·

256 3974 314 4025 τας
350 3951 402 4016 καῖ
437 3952 507 4024 τοὺς
543 3949 667 4024 οἰκείους
698 3944 756 4022 οἶος
787 3947 956 4028 γεγένηται
992 3946 1044 4014 καῖ
1076 3949 1132 4023 την
1162 3947 1310 4031 πατρῴαν
1341 3952 1446 4018 οθσθαν

255 4058 294 4130 οῖς
325 4056 461 4138 αἰσχρῶς
491 4057 647 4133 οῖννὶλοικε,
682 4055 735 4122 καὶ
768 4058 824 4131 την
856 4053 942 4137 ὕβριν
976 4056 1031 4130 την
1070 4055 1113 4128 εἰς
1142 4058 1177 4124 τὸ
1212 4054 1322 4124 ἑαυτοῦ
1355 4064 1448 4136 σῶμα

255 4166 294 4234 ὣς
318 4162 499 4242 θπεοεθραιιε
529 4163 664 4233 σθνιςε
693 4162 751 4241 μὲν
782 4163 835 4227 καὶ
868 4161 935 4243 πρὶν
966 4162 1021 4240 ἐμὲ
1054 4162 1159 4240 λέγειν
1182 4164 1291 4236 ἱκανῶς
1312 4164 1339 4230 δ’
1364 4164 1447 4243 onoc

256 4267 478 4347 ὑπομιμνήσκει
508 4269 559 4334 καῖ
584 4270 597 4334 θ
622 4271 697 4351 παρ’
722 4270 796 4347 ἐμοῦ
816 4268 920 4346 λθγος.
972 4269 1098 4332 Poterat
1119 4268 1235 4335 Orator
1255 4271 1299 4335 ita
1324 4268 1448 4348 dicere,

255 4393 357 4460 quum
389 4373 428 4439 ad
459 4372 541 4441 trane
574 4385 698 4462 partem
730 4377 884 4441 orationis
909 4376 1064 4440 transiret
1086 4383 1119 4440 et
1142 4374 1182 4441 ad
1208 4372 1285 4441 haec
1309 4375 1448 4442 crimina

256 4477 505 4547 demonstranda
552 4465 733 4558 accederet,
769 4501 959 4568 quamquam
1013 4489 1085 4546 noto
1128 4479 1204 4548 doec
1248 4481 1335 4550 vobis
1365 4491 1448 4548 sunt.
