3150 4972
686 374 757 445 143

306 565 359 630 οὐκ
382 561 444 634 ἔςιν
464 567 549 633 οὐδὲν
571 571 670 651 χρῆμ’
696 567 848 650 ἐλευθέρου
871 565 980 636 δάκνον

305 672 413 751 ψυχὴν
435 672 543 752 ὁμοίως
566 674 668 757 ἀνδρὸς
693 677 731 750 ὥς
755 674 883 754 erepla.

119 773 195 842 vide
217 794 301 862 quae
324 791 556 862 congesserunt
581 783 657 848 lntt.
679 780 719 846 ad
740 780 954 848 Αούιοοιιοοιοοι
979 800 1025 848 rs.
1051 783 1080 845 1.
1107 777 1208 864 Saepe
1226 777 1314 857 λύγοι

119 880 279 948 dicuntur
297 880 434 964 δύιινειν,
461 895 495 951 ut
516 887 619 954 Petro
637 885 721 954 dixit
742 887 885 973 Sympoe.
907 906 938 973 p.
962 890 1039 953 218.
1062 887 1098 953 Α.
1119 884 1242 965 δηχθεὶς
1257 885 1313 949 ὑπὸ

118 993 180 1054 τῶν
205 990 236 1054 ἐν
258 991 434 1074 Φιλοσοφύοι
454 990 572 1072 λύγον,
595 993 671 1058 ltine
694 994 796 1079 igitur
819 993 889 1059 ούτε
912 1000 1022 1077 ψυχῆς
1043 990 1155 1072 diruet
1171 1014 1203 1056 τι
1221 1009 1314 1076 repo·

121 1093 266 1162 nendum
291 1115 361 1162 esse
385 1117 510 1164 censeo.

168 1201 269 1267 Periit
293 1203 384 1269 iocus
407 1208 446 1280 l,
473 1207 523 1271 12.
549 1206 563 1270 ύ
587 1204 697 1288 τοινρὸς
722 1204 779 1272 ὑπὸ
806 1204 915 1272 τούτου
937 1203 995 1284 μὲν
1021 1201 1185 1292 (τοῦτοῦ)
1210 1201 1312 1283 ύδνςοι·

119 1307 270 1389 conida,
294 1308 351 1374 ὑπὸ
371 1310 402 1375 δὲ
422 1311 582 1392 ύιορύτον
600 1310 801 1392 ονομύζιτοιι,
824 1312 946 1377 dieitur
963 1328 1043 1376 crux
1053 1309 1146 1374 istius
1159 1328 1251 1393 opero
1263 1307 1314 1398 (ut

118 1413 267 1499 vertunt)
292 1413 405 1482 ellectu
429 1436 517 1493 esse,
542 1418 613 1484 sine
636 1437 731 1484 sensu
755 1426 791 1484 ut
810 1418 934 1505 opinor.
961 1415 1092 1482 Dixerat
1112 1415 1251 1500 scriptor
1270 1414 1315 1482 le-

119 1518 366 1606 piduscrncem
387 1521 428 1588 ab
450 1521 560 1590 odiosa
580 1523 688 1590 littera
708 1533 738 1589 T
758 1533 790 1592 et
809 1528 947 1612 sormam
967 1521 1313 1608 accepisseetoomen,

119 1627 250 1712 corrige
272 1628 336 1694 ύτὸ
360 1629 467 1696 τούτου
491 1631 532 1696 ού
555 1631 650 1696 huius
673 1634 822 1718 somnum.

166 1731 235 1798 Non
271 1743 320 1800 est
358 1754 473 1801 sanum
506 1734 591 1822 quod
624 1737 716 1802 Prnrs
750 1739 791 1816 8,
826 1740 889 1815 10,
917 1738 957 1800 16
981 1733 1062 1800 dicit
1085 1731 1125 1799 ad
1151 1733 1313 1800 Vesunna:

117 1839 225 1906 οὐκοῦν
258 1839 309 1905 ert
340 1841 457 1916 τούτοις
483 1841 588 1922 δίδωμι
612 1845 647 1910 τὸ
671 1851 785 1922 μῆλον,
811 1841 862 1908 ἐπὶ
885 1842 1002 1915 τούτοις
1026 1838 1195 1920 λύμβοινε,
1219 1840 1312 1907 multi

119 1943 183 2011 iam
214 1945 293 2011 olim
317 1944 395 2013 haec
420 1954 599 2015 tentarunt.
627 1947 688 2030 Qut
713 1946 855 2015 codicem
875 1949 900 2014 u
920 1948 1070 2034 scripsit,
1093 1947 1249 2034 expunxit
1261 1947 1312 2013 ἐπὶ

120 2051 239 2125 roricone
262 2053 432 2134 λύμβοινε,
456 2056 511 2143 qui
536 2055 576 2122 ll.
602 2055 775 2143 descripsit
797 2055 905 2135 δίδωμί
927 2079 972 2121 σοι
1001 2053 1040 2122 de
1063 2075 1122 2121 suo
1146 2052 1251 2132 dedit,
1277 2062 1314 2119 ut

119 2157 282 2245 permulta
307 2159 368 2226 alia
395 2163 534 2229 novavit.
583 2163 731 2249 Arripuit
754 2161 812 2228 lroo
838 2161 998 2228 Bruurrus
1021 2161 1084 2238 ita,
1112 2168 1147 2226 ut
1169 2160 1312 2226 Veneacu

118 2261 242 2332 laceret
266 2266 511 2354 respondentem
536 2269 586 2335 e’rrl
611 2269 728 2344 τούτοις
751 2266 920 2348 reperire.
945 2265 1032 2333 Nihil
1052 2266 1167 2332 horum
1187 2265 1312 2352 elegan-

119 2371 241 2437 tissimi
266 2372 387 2458 ingenii
412 2376 553 2461 scriptor
572 2395 630 2462 pro
650 2395 709 2443 suo
728 2375 905 2460 agnoverit.
931 2373 1065 2440 Fecerat
1085 2371 1228 2437 Vrunneu
1243 2380 1312 2458 post

119 2495 220 2544 novas
251 2479 498 2565 pollicitationes
530 2480 646 2548 blande
672 2480 848 2549 dicentem:
881 2481 985 2546 ούιιοῦν
1015 2479 1067 2545 ἐπὶ
1091 2477 1208 2552 τούτοις
1233 2478 1312 2545 δίδου

118 2607 172 2662 μοι
193 2586 229 2650 τὸ
253 2593 370 2663 μῆλον,
397 2589 449 2654 cui
477 2589 568 2655 Panis
588 2588 708 2654 malum
730 2587 915 2674 porrigens:
938 2586 988 2652 ἔτ)
1008 2585 1125 2660 τούτοις
1144 2584 1312 2665 deludere,

119 2691 244 2777 inquit,
270 2711 334 2778 quo
358 2692 444 2759 dieto
467 2694 634 2781 aptissime
658 2692 821 2778 dialogum
847 2691 1022 2758 concludit.

165 2794 349 2864 Absurdius
376 2800 473 2866 etiam
498 2808 546 2866 est
570 2798 655 2886 quod
679 2799 798 2885 legitur
819 2801 851 2863 in
877 2795 1002 2882 dialogo
1027 2801 1069 2864 15
1095 2800 1113 2882 §
1138 2801 1169 2866 1.
1191 2805 1313 2877 γελοῖον

117 2901 183 2984 γάρ
214 2903 247 2970 τύ
278 2928 322 2970 τοι
356 2905 563 2986 διηγήσομαι,
588 2903 687 2988 πρῴην
719 2906 748 2969 ἐν
778 2905 951 2988 Λοιμψοικῷ
981 2901 1145 2982 τινύμενος
1169 2905 1230 2984 eye
1254 2904 1312 2982 μὲν

117 3011 247 3092 vappam
276 3010 332 3086 rire
362 3011 470 3090 τύλιν,
505 3014 518 3079 l
549 3013 581 3080 di
613 3011 778 3103 (Πρύοιτος)
799 3008 1024 3089 ὑτοδεξύμενύς
1048 3033 1089 3087 roe
1114 3009 1166 3074 rai
1190 3008 1312 3086 Εενύοοις

117 3117 183 3182 xri.
232 3115 369 3184 Difficile
392 3128 441 3186 est
465 3118 571 3186 dicere
599 3128 707 3187 utrum
733 3117 848 3184 uorum
869 3115 1040 3182 verborum
1061 3115 1251 3203 compositio
1269 3135 1310 3182 an

116 3221 313 3308 significatio
335 3225 377 3290 sit
400 3225 583 3293 absurdior.
614 3227 714 3305 Quum
736 3245 834 3290 errem
854 3243 953 3309 cuper
968 3220 1137 3308 Lampsaci
1156 3243 1311 3310 opoprne·

116 3329 250 3395 tetidem
281 3327 392 3396 urbem
421 3341 450 3396 et
481 3332 539 3399 ille
570 3354 620 3399 me
643 3331 775 3420 hospitio
799 3329 938 3414 excepit,
961 3347 1034 3394 nam
1062 3328 1224 3409 γενύμενος
1248 3348 1311 3394 non

117 3442 221 3521 polest
245 3454 321 3501 cum
344 3437 531 3518 διηγήσομαι
556 3439 721 3523 coniungi.
769 3433 922 3502 Rescribe
949 3433 1071 3516 γελοῖόν
1090 3459 1120 3501 τι
1145 3473 1189 3486 -
1213 3433 1312 3516 τούην

117 3542 147 3606 ἐν
170 3542 349 3623 Λοιμψοικῷ
372 3544 598 3624 γενύςοενον.
628 3545 689 3624 ἐγὼ
714 3542 771 3623 μέν
793 3543 856 3608 xri.
887 3541 1061 3629 Compara,
1086 3542 1162 3627 quia
1184 3541 1312 3608 similli-

118 3666 208 3714 mum
232 3655 302 3726 est,
329 3652 370 3715 58
382 3699 391 3729 ,
418 3654 447 3715 7.
472 3649 547 3716 tiro
571 3655 645 3730 γοῦν
668 3673 713 3716 τοι
737 3648 946 3726 διννύτοιούοιύ
967 3672 999 3714 τι
1026 3649 1123 3715 Πυθοῖ
1139 3649 1311 3728 γενόμενον.

162 3752 307 3838 intelllgi
332 3773 394 3820 non
418 3763 524 3842 potest
551 3762 608 3834 10,
634 3761 693 3834 27,
717 3760 748 3824 9.
792 3755 805 3822 l
826 3760 933 3828 τοῦτο;
957 3749 1019 3836 οἶμοι
1041 3756 1076 3820 τὸ
1100 3755 1229 3837 Φύλτοον
1252 3757 1310 3822 οιύ·

117 3859 189 3932 τοὺς
223 3858 293 3942 ἔχει
322 3864 376 3928 τοῦ
407 3861 494 3938 βύονς
525 3865 600 3950 quia
633 3861 717 3950 quod
749 3862 792 3927 sit
821 3861 857 3927 τὸ
888 3861 1017 3944 Φύλτρον
1045 3866 1099 3927 τοῦ
1123 3860 1194 3940 βίον
1218 3881 1312 3928 nemo

118 3967 217 4036 norit,
265 3965 335 4032 Non
368 3965 451 4053 lugit
483 3968 542 4034 lroc
573 3959 847 4044 llrusrouuusmu‚¹
878 3968 934 4053 qui
957 3990 988 4033 τι
1007 3967 1138 4050 φίλτρον
1162 3969 1311 4036 coniecit.

120 4070 249 4158 Aliquid
273 4072 342 4158 opis
365 4073 475 4140 attulit
500 4075 674 4152 durannus,
700 4073 755 4162 qui
778 4074 810 4140 ri
829 4077 918 4139 τοῦτο
937 4071 999 4155 cipro
1018 4073 1053 4139 ri
1073 4073 1202 4157 Φύλτρον
1225 4084 1312 4143 recte

119 4179 336 4256 continuarit,
360 4179 414 4247 sed
439 4180 599 4248 soloeeum
624 4182 687 4248 erit
713 4181 773 4246 nisi
799 4179 974 4248 articulum
1000 4178 1167 4248 deleveris.
1208 4181 1312 4249 Genu·

122 4286 211 4350 inum
236 4293 300 4352 ent:
323 4287 357 4352 τύ
379 4290 464 4354 τοῦτ’
490 4285 551 4369 ύοιι
575 4288 704 4372 Φύλτρον
728 4287 839 4360 οιύτοὺς
864 4273 1010 4370 ἔχειτοῦ
1033 4285 1119 4366 dlvii:

166 4390 307 4457 Pessime
330 4392 493 4459 mulcatus
517 4401 577 4460 est⁴
590 4393 679 4460 locus
707 4401 764 4468 11,
790 4400 808 4458 l
832 4394 898 4474 τερ)
918 4399 977 4460 τῶν
998 4392 1227 4461 ἐναντιωτάτων
1238 4391 1312 4460 lxo-

124 4515 174 4565 τος
205 4497 303 4562 atreo
336 4498 408 4586 (τῶν
436 4496 629 4589 Φιλοούφων)
654 4499 754 4580 λέγων
778 4499 898 4583 οφύδροι
923 4505 1068 4574 νικῶντος
1092 4499 1145 4566 nal
1169 4499 1312 4572 τιύοινοὺς
