3178 4972
714 377 760 451 41

143 596 333 666 quemquam
358 577 403 643 ita
427 575 540 646 ludere
570 577 729 665 potuisse,
762 574 824 640 nisi
849 575 882 640 in
907 575 1048 644 secunda
1073 597 1206 666 persona
1231 596 1327 659 pane·

140 684 227 760 τῆεει
249 693 279 751 et
302 681 436 760 τεθνήξει
460 682 619 750 dixissent
648 701 771 749 omnes,
820 681 859 745 lli
885 681 944 748 loci
968 692 1000 750 et
1026 685 1178 770 permulti
1207 684 1262 750 alii
1285 687 1328 752 si-

50 815 56 830 ·
140 789 234 856 miles
262 787 401 856 efficient
426 788 598 876 aliquando
630 798 752 855 utnon
784 787 909 853 tautum
944 789 1054 856 Atticis
1076 789 1131 856 secl
1156 792 1329 858 Atticorum

140 915 266 982 qnoque
290 896 397 962 simiis
417 913 475 963 sua
499 894 601 962 lorma
627 891 799 970 recidatur,
826 894 857 958 in
882 911 946 979 qua
969 914 1006 960 re
1030 897 1163 983 antiqua
1187 898 1330 985 scriptu·

140 1022 196 1069 rae
230 1004 308 1068 sitia
345 1009 485 1069 veterem
519 1019 661 1068 errorem
698 997 833 1065 subinde
869 997 973 1086 palam
1011 998 1141 1070 lanient.
1194 1002 1330 1090 Saepius

140 1107 225 1176 enim
249 1107 372 1176 lactum
397 1116 464 1184 est,
489 1116 524 1174 nt
546 1144 591 1157 -
615 1129 641 1172 ει
665 1105 698 1172 in
722 1143 764 1154 -
789 1129 831 1178 εις
851 1115 1133 1191 corrumperetur,
1164 1109 1258 1174 cuius
1282 1110 1329 1176 rei

140 1213 281 1302 exemplo
315 1213 411 1280 Attici
442 1212 521 1278 alias
550 1209 823 1299 suppeditaturum
855 1230 941 1278 nunc
973 1232 1037 1278 nno
1067 1233 1105 1278 cx
1140 1215 1329 1280 Acerranone

140 1318 296 1405 defungar
321 1319 343 1386 l.
373 1323 423 1384 19.
452 1326 489 1395 1,
521 1317 681 1394 τιρνοθλθιιος
706 1325 800 1388 ποιεῖς
823 1317 878 1392 τὴν
902 1317 975 1400 τρθς
996 1319 1051 1397 ἐμὲ
1076 1321 1249 1400 οουθεσθοοι,
1275 1320 1329 1388 ubi

139 1425 287 1512 equitem
313 1443 438 1512 nequeo
462 1425 663 1491 inanimum
690 1422 843 1490 inducere
869 1421 1039 1490 lihctorem
1065 1423 1257 1490 Graecitatis
1280 1447 1328 1492 sa·

139 1533 240 1597 niorls
261 1539 327 1596 tam
350 1531 537 1616 imperitum
558 1529 677 1608 luisse,
704 1540 739 1595 ut
761 1530 912 1596 τοιιῖεθοιι
925 1526 1221 1596 νοοθεσθιινθίτθυιι]
1237 1551 1329 1618 opor·

139 1640 240 1704 tuisse
260 1636 456 1717 nesciverit3
479 1638 587 1723 itaque
608 1643 701 1709 τοιεῖς
723 1636 756 1700 in
771 1634 1099 1702 noreiememlanclum
1120 1655 1189 1702 esse
1203 1655 1328 1704 censeo.

604 1847 783 1915 CAPUT
820 1845 873 1913 lv.

184 2059 279 2128 Iurat
312 2079 399 2126 nune
431 2058 632 2126 Auerruncus
664 2057 822 2146 Epistulas
853 2057 967 2126 ordine
998 2079 1190 2146 percurrere
1218 2070 1270 2138 ct,
1303 2062 1331 2126 si

137 2165 218 2254 quid
241 2165 464 2234 observatione
488 2173 520 2232 et
543 2163 821 2230 animadversione
850 2164 984 2250 dignum
1010 2175 1177 2245 occurret,
1201 2170 1227 2232 si
1253 2167 1331 2254 quid

138 2270 441 2360 reprehendendum
467 2280 523 2336 aut
548 2268 785 2336 emendandum
809 2269 987 2350 videbitur,
1013 2277 1124 2356 paucis
1147 2271 1331 2359 significare

137 2379 173 2444 in
198 2379 303 2465 iisque
328 2396 570 2463 nonnumquam
595 2374 635 2441 erl
661 2375 732 2442 illas
754 2374 880 2442 litteras
904 2378 1078 2464 exspatiari
1102 2387 1135 2445 et
1158 2377 1227 2444 illos
1251 2381 1331 2446 scri·

137 2491 262 2572 ptores,
287 2486 439 2571 quisunt
461 2481 626 2568 aliquanto
646 2501 742 2568 quam
764 2483 933 2548 Acerranos
957 2491 989 2550 et
1012 2491 1116 2553 totum
1139 2505 1254 2570 agmen
1276 2486 1330 2552 At·

139 2592 325 2658 ticistarum
350 2591 440 2656 curis
465 2589 583 2654 nostris
606 2586 780 2674 digniores.

184 2695 221 2760 ln
245 2694 322 2760 libri
346 2695 359 2760 l
384 2693 527 2781 Epistola
555 2704 567 2760 t
598 2697 615 2779 §
643 2699 673 2760 5.
696 2702 861 2780 receptum
893 2696 1035 2781 oportuit
1059 2694 1143 2782 quoti
1168 2697 1332 2782 praecepit

139 2801 341 2868 llrnscnrerus
372 2799 461 2882 ἔργον
491 2798 643 2881 ιθχθμεθοι
674 2819 732 2886 pro
764 2797 868 2881 ἔργον.
918 2801 1076 2887 Perpetuo
1100 2821 1159 2867 usu
1185 2803 1331 2868 omnium

139 2907 263 2974 (licitur
282 2905 372 2990 ἔργον
391 2905 538 2987 ἔχεσθαι,
559 2905 613 2972 secl
635 2913 709 2972 τῶν
730 2906 825 2988 ἔργον
836 2906 975 2989 ἔχεσθαι,
995 2903 1206 2986 invenianimi
1218 2908 1269 2972 tet
1281 2908 1332 2974 τὶ

139 3015 220 3098 ἔργον
246 3014 420 3095 τραπέσθαι
453 3014 500 3080 rel
532 3014 629 3090 θένοιι,
664 3011 719 3080 scil
752 3015 800 3078 ἐτ’
825 3013 920 3095 ἔργον.
968 3013 1067 3087 Εὐθὺς
1091 3011 1180 3096 ἔργον
1204 3012 1333 3095 ἔχεσθαι

139 3129 190 3188 est
208 3120 294 3208 apud
317 3120 514 3186 'lnncrommr
527 3119 567 3186 11.
581 3123 619 3195 2,
644 3137 739 3205 saepe
758 3118 877 3203 legitur
896 3128 929 3186 et
949 3118 1033 3204 apud
1054 3118 1132 3185 alios
1154 3129 1186 3186 et
1206 3120 1332 3186 llroms.

140 3226 247 3293 lintre.
280 3226 353 3290 Αοιθ.
385 3223 474 3291 llum.
501 3224 583 3291 Vlll.
608 3227 627 3289 θ
653 3229 706 3290 τοῦ
730 3224 949 3308 σπουδάζοντος
978 3223 1066 3307 ἔργον
1094 3222 1221 3307 ἔχεσθοιι
1248 3225 1332 3292 Vlll.

143 3341 181 3400 ll
209 3331 300 3414 ἔργον
324 3332 490 3412 ἐχώμεθα,
514 3329 603 3396 alibi.
653 3329 764 3398 uidem
790 3329 845 3396 lll.
871 3335 912 3396 tr
938 3349 995 3416 pru
1018 3329 1108 3412 ἔργον
1130 3329 1264 3414 ἄρξομαι
1285 3351 1332 3398 re·

141 3440 305 3505 stituerim
337 3435 459 3516 ἕξομαι.
498 3436 577 3502 tuit.
605 3438 623 3520 ς
659 3445 686 3502 t.
720 3437 835 3518 aleppiae
866 3455 927 3500 non
962 3437 1071 3502 minus
1101 3446 1149 3504 ost
1181 3439 1331 3505 vitiosum

139 3563 238 3632 quarn
263 3543 376 3626 θερρθι
398 3543 421 3609 l.
444 3546 496 3608 28.
520 3546 551 3606 2.
591 3540 761 3627 Perperam
784 3541 848 3608 lruc
872 3542 1008 3608 traxeris
1025 3561 1065 3608 ex
1083 3544 1246 3610 Aascnrms
1268 3543 1333 3610 Cte-

140 3651 302 3738 siphonten
328 3653 347 3734 §
379 3654 439 3716 108
470 3649 624 3716 θνοιθεῑνοιν
648 3649 690 3729 τῷ
715 3646 890 3715 ’Antenori
912 3686 957 3698 -
976 3649 1027 3714 nrt
1054 3649 1140 3733 τοθσρρ
1162 3649 1333 3734 θεργθρι,

140 3765 325 3844 quaesunt
351 3775 368 3821 e
393 3763 519 3822 vetusto
550 3755 696 3821 carmine
726 3763 852 3833 sunita,
887 3765 922 3820 ut
946 3755 1054 3839 arguit
1086 3756 1215 3821 initium
1240 3771 1333 3822 τοοιε·

140 3870 211 3943 μεῖν
233 3861 352 3928 πάντ’
375 3860 516 3940 irrora
540 3861 592 3926 uel
616 3859 724 3934 τοθσοις
748 3858 873 3933 νύκτοοε.
923 3857 1031 3928 Noluit
1055 3859 1165 3928 rhetor
1188 3860 1283 3944 θργθς
1301 3868 1334 3926 et

140 3969 238 4050 θρρθοι
262 3966 391 4046 dicere,
425 3967 613 4052 suspicans,
646 3967 775 4052 opinor,
805 3966 934 4052 piprnm
958 3975 990 4033 et
1012 3966 1151 4034 desidem
1181 3969 1223 4034 ita
1249 3967 1331 4042 dici,

139 4085 301 4142 cometem
334 4075 373 4140 σθ
408 4093 498 4159 opere
528 4090 590 4137 non
625 4068 706 4147 clici,
739 4079 771 4137 et
803 4071 948 4138 contnuo
981 4074 1154 4139 Attirorum
1189 4072 1333 4158 linguam

141 4199 217 4248 sunt
241 4179 380 4248 dialecto
402 4175 521 4244 lonico.
548 4175 671 4264 lhltl.§
701 4184 731 4245 t.
758 4180 793 4244 ἐκ
816 4178 1004 4260 Φοιλνρρθθενε
1033 4179 1126 4245 Attici
1150 4176 1332 4260 Φοιλιρρθθεν.

188 4284 212 4352 Ι.
234 4289 265 4353 2.
287 4290 319 4350 2.
344 4286 470 4364 θχθθοιιε
495 4282 591 4350 Attici
614 4285 715 4365 ἰχθῦς.
754 4283 855 4350 Multo
883 4281 1011 4372 turpius
1032 4286 1128 4353 etiam
1151 4292 1334 4371 peccatura

143 4390 337 4470 anoemro,
359 4391 415 4476 qui
437 4388 520 4456 xxi.
539 4393 580 4456 to
601 4390 698 4472 ἱρρθθνι
718 4390 849 4476 scripsit
863 4407 920 4477 pro
931 4391 1030 4473 ἰχθύν.
1056 4389 1175 4458 Eodem
1189 4389 1334 4456 socordia

143 4495 306 4566 scribendi
332 4495 383 4564 his
403 4495 481 4562 mihi
504 4499 536 4562 in
556 4493 712 4564 Srmrone
737 4495 886 4564 Smnrmo
910 4505 1018 4564 notata
1042 4504 1107 4575 est,
1130 4495 1333 4583 Epigramm.
