3150 4972
703 375 771 444 lib

136 565 213 644 μίνα
251 569 304 634 καί
335 571 597 650 μεμελετημένα,
632 573 656 636 εί
682 571 734 636 καί
759 566 804 635 ῦτι
830 569 954 648 μάλιςα
979 572 996 644 ἡ
1020 568 1231 648 ἀναισχυντία
1255 561 1332 633 οὖσα

137 673 274 752 ἐτημυνε
299 677 351 742 καί
375 685 469 758 χεῖρα
491 679 586 758 ὤρεγε
605 677 657 742 καί
680 676 898 758 συνηγωνίζετο
920 675 1021 756 αὐτῷ,
1047 672 1157 740 infelix
1182 682 1231 740 est
1254 672 1331 736 liar-

135 800 201 846 nm
229 782 416 848 coniectura
436 785 646 864 ἀναισχυντία
665 786 830 866 σύντροφος
848 779 933 848 οὖσα.
960 779 1042 861 Quid
1056 779 1179 847 muita?
1207 776 1328 846 excidit

135 877 204 964 O—C,
246 889 262 963 ἧ
295 890 505 970 ἀναισχυντία
538 893 601 965 θεὸς
633 888 726 967 οὖσα,
760 911 796 956 ex
832 889 997 956 notissimo
1030 887 1196 974 proverbio
1221 885 1326 960 θεῦςῆ

134 993 272 1058 ἀναίδεια
294 995 403 1062 Zenon.
431 996 485 1064 lv.
515 1003 568 1064 56.
594 1005 626 1064 et
650 999 809 1064 Menononr
833 995 901 1062 ioco
926 993 1010 1082 apud
1033 992 1192 1062 Sromnorr
1209 991 1325 1059 nont.

135 1097 262 1167 xxxii.
289 1105 329 1166 ⁷:
421 1145 424 1152 ·

670 1207 691 1275 ὦ
715 1209 832 1287 μενίςη
856 1214 915 1274 τῦν
939 1209 1008 1274 θεῦν

314 1315 365 1378 νῦν
389 1311 470 1393 οὔτ’,
495 1315 653 1394 Ἀναίδεῖ,
679 1317 704 1380 εί
730 1315 793 1380 θεὸν
816 1323 923 1380 καλεῖν
947 1338 981 1379 σε
1005 1313 1061 1378 δεῖ.

318 1418 367 1485 δεῖ
388 1420 440 1498 δὲ,
465 1421 500 1486 τὸ
524 1425 653 1503 κρατοῦν
677 1422 739 1504 γὰρ
759 1426 810 1488 νῦν
834 1421 990 1503 νομίζεται
1016 1416 1091 1491 θείς.

137 1522 185 1588 obi
211 1523 443 1610 corrigendum
468 1532 532 1592 τῖεν
556 1547 615 1614 pro
639 1532 705 1605 νῦν,
731 1547 988 1614 quemquamne
1013 1526 1059 1591 sic
1080 1521 1210 1609 quidem
1231 1519 1324 1588 habe·

138 1649 205 1697 rnns
236 1631 394 1697 Mennnonr
419 1651 569 1711 nrannm,
593 1653 689 1720 quarn
715 1633 817 1712 solus,
843 1632 971 1720 siquid
996 1631 1121 1706 iudico,
1145 1627 1236 1694 nobis
1257 1648 1325 1695 ser-

139 1737 221 1803 ravit
246 1738 461 1804 darenmonos
486 1740 518 1804 in
548 1738 760 1806 Onirocrin'cic
785 1740 909 1806 dnobus
932 1739 1010 1804 iocis
1032 1737 1072 1804 ll.
1098 1741 1141 1804 56
1165 1744 1197 1802 ct
1226 1739 1280 1802 69.

314 1847 349 1911 τὸ
373 1851 503 1927 κρατοῦν
522 1847 584 1928 γὰρ
610 1851 673 1913 τῖον
698 1847 825 1925 δύναμιν
850 1844 917 1926 ἔχει
941 1847 1017 1910 θεοῦ.

136 1949 178 2015 Ει
198 1949 251 2016 his
277 1951 379 2037 igitur
403 1952 553 2019 Lucrinus
578 1962 642 2019 tam
669 1953 789 2019 acriter
816 1971 912 2038 quarn
939 1950 1041 2037 lepide
1065 1948 1228 2015 bominem
1254 1969 1324 2036 per·

137 2057 278 2143 stringit.
305 2056 425 2124 Eadem
450 2079 546 2146 opera
570 2059 685 2125 vitium
711 2060 850 2126 eximam
873 2058 1005 2124 Lucrino
1029 2057 1062 2120 in
1085 2057 1245 2122 mentione
1268 2056 1324 2121 liei

137 2181 194 2227 non
221 2162 323 2229 mutto
344 2163 486 2232 melioris
508 2174 601 2232 notae
615 2171 674 2244 59,
703 2171 754 2231 17.
770 2164 970 2246 Ἀλέξανδρος
984 2163 1136 2242 ἠβουλήθη
1148 2163 1199 2227 τὸν
1212 2165 1327 2245 Ἡφαι·

136 2269 225 2334 τίονα
248 2269 300 2335 καί
325 2271 388 2335 θεὸν
411 2281 620 2352 χειροτονῆσαι
645 2307 690 2321 ·-
714 2273 799 2346 εὐθὺς
824 2269 874 2338 οὖν
895 2311 937 2322 -—
958 2270 1057 2350 βωμοί
1081 2271 1133 2334 καί
1154 2269 1254 2335 θυσίαι
1273 2269 1325 2333 καὶ

136 2374 231 2455 ἑορταί
255 2378 297 2458 τῷ
323 2379 415 2458 καινῷ
438 2377 534 2460 τούτῳ
559 2379 612 2460 θεῷ
637 2381 856 2453 ἐπετελοῦντο,
879 2387 910 2443 et
936 2377 962 2440 si
988 2377 1061 2462 quis
1085 2375 1267 2442 subrideret
1286 2373 1326 2440 ad

138 2479 212 2548 baec
235 2491 292 2548 aut
316 2503 376 2547 non
398 2503 514 2569 magna
537 2485 691 2570 religione
712 2485 923 2550 novissimum
943 2483 1044 2548 Deum
1065 2481 1325 2557 coieretddooeroc

138 2587 272 2654 ἕτίιιειτο
301 2592 319 2665 ἡ
351 2587 458 2671 ζημία.
492 2589 603 2664 τίσους
629 2591 726 2658 τοίνυν
750 2592 892 2670 οἰόμεθα,
918 2590 1041 2674 inquit,
1065 2591 1247 2655 οὶτολαῦσαι
1270 2597 1326 2664 τῆς

138 2694 336 2776 Ἡφαιςίωνος
374 2695 542 2776 θειότητος,
578 2705 612 2763 at
648 2697 861 2783 Hephaestion
898 2697 961 2760 iam
999 2703 1069 2760 erat
1104 2717 1167 2760 ono
1201 2693 1327 2759 diternlo

139 2799 243 2866 minus
266 2821 363 2886 quam
388 2803 463 2876 θεῖος
488 2810 520 2868 ct
547 2822 676 2869 necesse
700 2811 747 2868 est
774 2804 910 2880 θεθτητος
936 2803 1110 2886 corrigere.
1161 2799 1327 2866 Librarius

139 2903 254 2972 codicis
286 2907 330 2984 A,
354 2909 449 2974 cuius
472 2928 598 2974 sumina
623 2909 800 2974 auctoritas
825 2907 980 2986 babetur,
1004 2926 1105 2993 quum
1131 2903 1264 2972 baberet
1287 2904 1327 2970 ob
1426 2953 1430 2960 .

139 3011 242 3078 oeulos
265 3013 415 3089 θειότητος
439 3015 598 3101 scriptum
624 3023 699 3079 noto
724 3015 913 3101 compendio
938 3012 1023 3102 (vide
1051 3013 1153 3078 Bisrn
1187 3011 1261 3080 Tob.
1288 3011 1326 3078 V.

142 3123 180 3182 ib
204 3128 235 3184 et
262 3123 315 3206 16)
344 3119 484 3206 iepidum
504 3128 600 3206 eaput
622 3119 710 3186 dedit
729 3127 786 3197 τῆς
805 3122 1009 3204 Ἡφανςίανος
1029 3119 1193 3193 θειότατος.
1214 3128 1327 3186 contra

140 3223 241 3290 scriba
267 3227 516 3294 contentissimi
536 3224 657 3292 codicis
676 3227 714 3294 G.
735 3247 844 3294 veram
858 3227 1028 3294 lectionem
1043 3227 1181 3303 θεθτητος
1195 3225 1327 3304 obtulit,

140 3348 234 3415 qnam
259 3353 354 3398 nemo
378 3332 477 3399 νίνου
502 3334 648 3419 accipere
672 3333 907 3420 dignatusest.

186 3433 221 3500 Ut
245 3437 382 3504 aliorum
408 3437 468 3504 ioci
493 3437 655 3504 emendati
679 3437 811 3505 annno
836 3438 1027 3526 protuerunt
1050 3442 1097 3506 sic
1116 3447 1228 3507 contra
1251 3440 1327 3506 Poi-

142 3557 206 3604 ron
228 3563 244 3608 e
269 3545 403 3610 Lucrino
424 3543 587 3611 subveniri
609 3546 737 3631 poterit.
773 3545 938 3612 Edebatur
955 3548 987 3611 in
1009 3545 1243 3634 Iccromeoippo
1265 3549 1326 3623 46,

146 3650 195 3712 tt.
223 3651 273 3716 καί
304 3655 366 3731 μην
397 3651 484 3734 ταρὰ
516 3652 561 3717 σοί
596 3652 711 3718 αὐτίκα
742 3651 836 3731 μοίλα
861 3655 912 3721 τὸν
935 3651 1034 3737 ἕτερον
1057 3653 1219 3739 ὀφθαλμὸν
1243 3650 1327 3734 ἔχειν

142 3750 316 3834 βασιλικόν,
342 3766 430 3824 recte
455 3757 605 3824 viderunt
629 3757 717 3842 τθρα
741 3783 785 3825 σοι
810 3779 921 3825 verum
947 3779 1028 3828 esse.
1066 3760 1193 3841 Quanto
1213 3759 1327 3826 utilius

144 3858 233 3926 etiarn
258 3862 391 3931 eandem
418 3863 612 3932 medicinam
637 3864 862 3932 adhibebimus
883 3867 1014 3932 Patroni
1034 3869 1068 3933 in
1088 3867 1233 3934 Phaedro
1254 3887 1325 3954 pag.

146 3965 215 4030 245.
245 3967 280 4035 b.
315 3976 373 4036 τοῦ
405 3972 440 4047 δη
475 3994 526 4048 μοι
557 3970 672 4045 ίταῖς
698 3972 769 4054 τρίς
794 3965 824 4038 do
845 3971 966 4052 ἔλεγον;
992 4011 1037 4024 -
1062 3971 1145 4048 οὗτος
1170 3973 1257 4056 ταροί
1281 3997 1326 4040 σοι

145 4068 230 4145 μάλα
252 4077 378 4151 πλησίον
403 4078 451 4142 tet
476 4077 617 4159 τοίρετιν,
639 4079 713 4144 ὅταν
734 4081 771 4146 σὺ
795 4081 903 4164 βοῦλη.
955 4079 1108 4146 Graecum
1128 4090 1177 4147 est
1197 4079 1328 4162 τοίρειμί

147 4195 189 4238 σοι
217 4197 273 4245 non
302 4183 430 4264 σοίρειμι
464 4185 551 4266 ταροί
580 4207 637 4251 σοι.
687 4185 797 4252 Scribe
821 4186 908 4268 τοίρα
932 4209 976 4253 σοι
1001 4199 1031 4253 et
1057 4186 1224 4274 apparebit
1248 4185 1325 4274 quid

149 4279 189 4344 sit
210 4287 299 4354 verbo
323 4289 451 4371 τείρεσιν
475 4289 670 4357 iaciendum.

190 4386 336 4468 Quoniam
362 4397 625 4485 paiaeograpbica
650 4397 819 4483 attigimus
844 4399 1015 4466 subiiciam
1039 4399 1120 4466 duas
1145 4399 1184 4466 de
1210 4418 1328 4484 genere

150 4487 206 4560 boc
224 4497 472 4584 observationes,
498 4503 633 4573 aiteram
660 4525 792 4587 novam,
816 4507 950 4575 aiteram
976 4507 1067 4573 novis
1087 4503 1242 4592 exemplis
1262 4512 1326 4570 sta·
