3150 4972
805 350 874 420 104

268 567 326 614 suo
357 545 553 613 interserunt
586 549 647 624 46,
681 549 742 622 21,
774 543 809 611 ἵν’
834 549 932 612 αὐτῶν
960 545 1015 621 την
1047 547 1204 629 περίεργον
1235 547 1273 613 θον
1305 554 1436 628 γλῶσσαν
1533 548 1538 588 ⁵

267 653 423 737 διέφυγον.
473 651 552 716 ntits
585 647 661 714 iocis
695 653 911 717 necessarium
937 651 1158 730 indicativum,
1192 657 1339 740 quoniam
1371 652 1438 739 quid

266 760 327 824 sibi
354 757 446 823 veliet
471 777 531 820 non
557 757 746 843 capiebant,
772 758 803 822 iu
829 759 1006 843 optativum
1033 769 1212 826 mutarunt.
1261 760 1372 826 Fecere
1389 759 1437 824 hoc

266 870 326 943 29,
358 875 384 930 1.
408 863 581 943 ἐβουλόμην
604 864 660 941 μὲν
687 859 735 929 οὖν
758 865 813 937 την
837 867 972 946 ίασρικην
995 866 1047 929 καὶ
1071 865 1203 931 σοιοῦτθν
1223 890 1252 931 σι
1271 864 1351 949 ἔχειν
1369 866 1438 948 φθρ·

265 995 380 1049 μανον,
405 967 454 1036 ἵνα
477 972 529 1034 καὶ
554 974 642 1034 τοῦτο
667 975 720 1034 τοῦ
746 971 861 1050 σασρός
882 974 916 1036 τό
941 971 1061 1048 νόσημα
1085 972 1255 1051 ἰασαίμην,
1280 993 1371 1038 sensu
1392 991 1438 1035 ve-

266 1097 365 1144 cuum
395 1087 444 1144 est
477 1077 644 1154 ἰασαίμην,
676 1079 893 1142 necessarium
927 1085 975 1142 est
1005 1077 1162 1156 ίασοέμην,
1197 1087 1231 1143 ut
1267 1079 1357 1143 initio
1388 1074 1439 1144 looi

265 1183 439 1263 ἐβουλόμην
470 1185 526 1261 μέν
557 1180 615 1260 όν,
649 1181 781 1260 vellem,
808 1181 891 1268 quod
928 1184 1040 1248 dieunt
1066 1186 1097 1248 iu
1122 1205 1158 1249 ea
1184 1205 1237 1260 re,
1263 1205 1355 1270 quern
1382 1182 1439 1248 tieri

266 1311 327 1355 non
354 1311 445 1375 posse
470 1291 629 1366 sentiant,
664 1299 698 1353 ut
728 1289 812 1373 apud
847 1289 961 1354 Lrsrru
991 1290 1044 1354 lv.
1072 1292 1090 1374 §
1117 1295 1149 1356 3.
1176 1290 1346 1370 ἐβουλόμην
1367 1292 1390 1356 δ’
1409 1289 1440 1354 ἐν

264 1398 309 1476 μέν
341 1399 519 1477 ἀπολαχεῖν
551 1394 643 1460 αὐτόν
672 1396 774 1475 κριτην
804 1396 990 1474 Διονυσίοις,
1023 1395 1059 1460 ἐν’
1081 1396 1152 1474 ὑμῖν
1176 1399 1307 1478 φανερὸς
1333 1395 1439 1475 ἐγένετο

264 1504 330 1582 ἐμοί
355 1502 599 1582 διηλλαγμένοςε
625 1510 675 1566 est
699 1512 806 1566 autern
832 1504 982 1579 ἰασαίμην
1008 1501 1140 1588 perinde
1161 1503 1337 1568 absurdum
1357 1513 1440 1588 etque

264 1611 295 1674 iu
321 1611 412 1676 urso
432 1609 513 1674 toret
538 1607 654 1686 γένοιτο
679 1627 737 1692 ριν
761 1608 895 1686 ἐγένετο.
928 1609 1088 1672 Anrsroru.
1119 1607 1293 1677 Εσσόοιίσσ.
1323 1615 1393 1676 titt:

468 1713 641 1793 ἐβουλόμην
663 1716 721 1792 μέν
744 1711 841 1796 ἕτερον
866 1716 904 1781 ἐιν
926 1723 984 1781 τῶν
1005 1713 1118 1790 ηθιέδων

467 1821 571 1899 λέγειν
593 1822 635 1886 τόν
658 1821 810 1899 βέλτισθ’,
835 1821 871 1888 ἐν’
895 1823 1048 1900 ἐκαθήμην
1071 1821 1198 1903 ἥσυχοι.

264 1929 378 1995 odilam
403 1926 542 1994 alterum
567 1926 748 2013 exemptum
774 1948 812 1993 ex
833 1926 963 2004 eodem,
992 1939 1023 1994 nt
1052 1927 1151 1994 veteri
1171 1927 1289 1993 mentio
1311 1928 1439 1994 tiberem.

263 2035 398 2121 Legitur
422 2035 453 2099 in
485 2033 589 2119 νοερόν
611 2053 657 2098 vs.
685 2038 769 2100 960:

466 2140 527 2217 ἐγὼ
552 2140 577 2203 δ’
602 2139 774 2219 ἐβουλόμην
799 2140 836 2206 θιν
858 2142 924 2206 οὐδὲ
948 2141 1150 2223 γροθμμοισα,

421 2243 470 2311 ἵνα
494 2249 538 2323 μέν
562 2254 737 2326 κακουργῶν
761 2248 910 2330 ἐνέγραφ’
935 2251 1007 2326 ημῖν
1030 2249 1081 2312 τὸν
1104 2246 1209 2334 λόγον,

262 2352 387 2438 corrige
412 2351 504 2418 sodes
528 2352 665 2434 ἔγραφεν
688 2373 744 2439 pro
768 2355 932 2437 ἐνέγραφ’,
961 2355 1022 2419 uisi
1048 2353 1124 2439 quid
1149 2353 1191 2418 sit
1214 2353 1309 2432 λόγον
1334 2347 1442 2432 ἐγγρθ-

260 2467 330 2545 φειν
355 2462 388 2525 in
412 2458 468 2525 tali
492 2479 526 2524 re
552 2459 700 2544 expedire
732 2472 833 2546 potes,
885 2462 1003 2526 iteruin
1036 2459 1160 2524 librarii
1194 2460 1226 2524 in
1253 2458 1382 2524 Lucrino
1404 2456 1443 2521 sie

262 2576 435 2654 peccarunt
461 2572 520 2639 71,
545 2570 598 2632 39.
623 2567 648 2631 εί
671 2567 697 2632 δ’
718 2565 775 2632 ἔδει
802 2566 884 2654 (lege
907 2569 932 2632 εί
955 2567 986 2632 δέ
1007 2567 1067 2652 δεῖ)
1088 2566 1139 2630 καί
1160 2567 1334 2644 γυναικείου
1345 2565 1442 2644 γόμου

259 2675 359 2748 κοινόις
392 2669 468 2738 εἶναι
499 2671 557 2737 ἔδει
583 2673 642 2745 σόος
676 2682 848 2751 γυναῖκας,
875 2675 914 2745 ὥς
938 2671 993 2748 ἔξω
1024 2671 1115 2751 ζηλου
1139 2671 1262 2751 εἴημεν,
1302 2688 1444 2756 compone

260 2802 334 2847 curn
360 2779 410 2846 his
434 2780 528 2845 verbu
556 2779 769 2845 Douosrnerus
796 2801 822 2864 p.
850 2783 952 2844 1273:
980 2779 1132 2856 ἐπιδεῖξαί
1154 2804 1189 2844 σε
1210 2777 1387 2845 ἔδει-θνα
1406 2775 1444 2854 nt

171 2875 175 2882 x
257 2889 341 2971 λόγῳ
372 2891 422 2954 τὸν
454 2887 563 2966 πατέρ’
594 2889 744 2952 ἀδικοῦντ’
774 2886 949 2967 ἀπέφαινες
978 2895 1009 2950 et
1035 2883 1156 2950 videbis
1181 2903 1276 2970 quarn
1305 2902 1445 2950 necessa·

261 2997 345 3060 rium
371 2996 413 3059 sit
436 2997 472 3064 ὡς
499 2991 556 3068 ἔξω
576 2991 667 3072 ζήλου
689 2987 775 3071 ἦμεν.
826 2991 894 3058 Νοιι
921 3002 1065 3078 tempero
1090 2991 1169 3056 mihi
1196 2992 1274 3078 quin
1303 2991 1352 3056 iris
1376 2987 1445 3054 odii·

258 3101 343 3166 ciam
368 3098 472 3164 loonnr
502 3099 647 3163 i'erronrs
679 3099 710 3162 iu
738 3098 859 3164 Critone
892 3119 920 3183 p.
943 3102 983 3162 44
1009 3098 1040 3162 t.
1068 3097 1099 3161 iu
1127 3117 1189 3183 quo
1214 3097 1338 3163 librarii
1365 3098 1396 3160 in
1416 3112 1446 3157 re

259 3204 370 3270 eadem
391 3201 470 3268 alius
493 3203 606 3268 turbas
627 3203 797 3273 dederunt.
831 3203 965 3270 Editur:
993 3206 1018 3269 εί
1039 3204 1102 3283 γόιρ
1124 3203 1260 3285 ὤφελον,
1280 3201 1302 3268 ὦ
1323 3205 1446 3284 Κρίσων,

256 3307 311 3378 οέοί
332 3335 368 3374 σε
392 3305 467 3374 εἶναι
498 3310 524 3374 σι’
556 3309 663 3374 πολλοὶ
694 3312 736 3376 σοὶ
760 3311 882 3390 μέγιςα
905 3310 990 3374 κακόν
1014 3308 1252 3390 ἐξεργάζεσθαι,
1285 3307 1323 3375 ἐν’
1344 3305 1445 3376 οἷοίτε

257 3413 333 3493 ἦσαν
365 3411 404 3481 αὗ
437 3416 488 3481 καί
520 3417 629 3494 οέγαθθι
664 3415 746 3502 (iege
777 3417 920 3502 σοέγαθέι)
955 3416 997 3483 τόν
1029 3417 1170 3494 μέγιςα,
1204 3416 1255 3480 καὶ
1290 3423 1392 3488 καλῶς
1412 3413 1446 3479 θον

257 3521 340 3606 εἶχε,
366 3529 416 3589 νῦν
435 3523 466 3587 δὲ
486 3521 627 3604 οὐδέτερα
650 3517 704 3587 οἶοί
723 3548 777 3599 τε,
802 3524 874 3608 quis
896 3542 958 3587 nou
983 3521 1137 3608 perspicit
1158 3521 1297 3587 insiticia
1318 3531 1351 3588 et
1376 3540 1446 3608 spu·

256 3633 305 3699 ria
330 3652 400 3698 esse
421 3628 514 3696 verina
537 3641 600 3694 tour
622 3627 739 3713 frigida
763 3649 859 3715 quarn
881 3647 1079 3714 supervacua
1100 3627 1152 3692 καί
1176 3634 1276 3700 καλῶς
1302 3628 1342 3694 ἐν
1367 3623 1446 3708 εἶχε,

257 3760 338 3826 quae
362 3736 410 3804 vei
436 3739 469 3802 in
495 3735 770 3821 negligentissimo
790 3736 948 3822 scriptore
973 3732 1163 3820 reprehendi
1187 3732 1344 3801 debebant
1362 3753 1397 3800 eu
1417 3732 1446 3796 iu

256 3845 395 3911 Peerone
419 3841 581 3909 serenius?

302 3952 375 4017 Post
400 3949 477 4015 haee
502 3949 609 4014 ornnia
633 3949 772 4036 denique
796 3950 876 4015 sotis
900 3948 962 4015 erit
992 3945 1087 4014 verbo
1113 3945 1285 4014 admouere
1310 3948 1341 4012 in
1372 3946 1446 4033 Ory-

252 4057 332 4146 podo
355 4061 419 4136 81,
447 4076 491 4121 νε.
515 4059 578 4133 62,
604 4061 665 4122 65:

459 4169 541 4234 ποῖος
566 4163 734 4244 ςρασιθσης
759 4162 914 4243 γέγονας,
940 4159 990 4227 ἵνα
1015 4161 1217 4242 παρεμβολὴν

458 4269 567 4347 βαλὼν
592 4271 629 4334 σὺ
654 4280 800 4353 σληγηςς

254 4373 489 4461 errreudnuduur
515 4395 584 4441 erse
609 4381 666 4442 σοῦ
692 4378 729 4441 σὺ
754 4378 922 4459 ςρασιθσης
945 4385 976 4442 et
1002 4375 1110 4454 βαλὼν
1134 4373 1287 4453 ἐσληγης.
