3204 4978
832 369 902 443 318

272 567 487 646 ’λκαδιίμειαν
508 567 681 645 ἀπιόντων,
702 566 819 654 dupiex
844 567 880 654 in
897 563 1049 632 οἰπιόντων
1071 566 1185 632 vitium
1211 573 1261 632 est
1283 565 1464 632 acribarum

274 665 437 752 aiterum,
466 675 603 740 aiteunn
634 675 772 750 Lucrini,
804 674 859 760 qui
883 671 1024 740 ἀνιόντων
1050 671 1201 751 dederat,
1227 691 1328 759 qomn
1354 670 1463 740 οἰνιόντι

274 777 404 844 deberet
439 790 470 846 et
507 801 601 867 saepe
633 779 752 846 chorda
789 781 916 845 oberrat
944 777 1068 846 eadem.
1118 778 1251 846 Veteres
1286 782 1463 864 genitivum

275 895 416 971 ponunt.
442 885 494 952 ubi
518 888 673 973 temporis
697 889 836 974 spatium
862 883 1045 970 significant
1071 885 1145 951 dum
1178 885 1255 972 qnid
1281 887 1362 974 siat,
1386 886 1465 952 dati·

275 1009 334 1056 vus
365 990 486 1059 indicat
521 995 619 1058 siturn
653 994 807 1060 iocorum.
857 991 937 1073 Quis
968 989 1079 1056 credat
1104 993 1136 1058 in
1163 992 1338 1058 Toueroroe
1363 992 1399 1070 1,
1424 997 1463 1059 11

276 1096 330 1161 uhi
355 1096 475 1182 iegitur
506 1099 697 1176 Ἐπόδαμνός
730 1101 776 1169 ἔτι
807 1099 897 1172 πόλις
930 1099 961 1164 έν
985 1095 1071 1184 δεξιρῖ
1096 1097 1258 1164 ἐσπλέοντι
1293 1100 1345 1166 τόν
1367 1097 1465 1166 Ἰόνιον

275 1204 407 1284 κόλπον,
433 1203 473 1269 ab
497 1225 575 1270 sano
599 1205 728 1270 homine
760 1205 858 1270 scribi
886 1204 1028 1290 potuisse
1052 1202 1253 1278 ἕσπλόοντοςῗ
1302 1203 1462 1286 Quemad-

276 1310 405 1377 modum
439 1312 524 1378 euim
550 1311 671 1377 dieitur
702 1311 924 1393 περιπλώοντες
956 1311 1010 1388 τίην
1042 1311 1164 1389 Λιβύην
1193 1311 1245 1376 τὸν
1268 1311 1348 1391 ἥλιον
1373 1309 1466 1394 ἔσχον

275 1419 306 1491 ές
340 1418 383 1484 τόν
418 1417 505 1495 δεξιοὶ
537 1417 667 1507 (Hauon.
700 1416 754 1486 lv.
783 1417 856 1506 42),
876 1425 908 1484 et
942 1416 1027 1504 atiud
1054 1418 1208 1486 Coarutuu
1230 1419 1260 1484 ἐν
1282 1421 1465 1489 Ὀδυσσεῦσι

274 1522 391 1610 fragm.
420 1524 474 1591 ΙΙΙ.

318 1631 368 1696 ἐπ’
392 1629 503 1712 οἰριςέρ·
528 1630 576 1697 tu
600 1633 656 1706 τίιν
679 1629 789 1711 ἄρκτον
811 1629 892 1710 έχων
917 1629 1107 1708 λόμπουσαν
1131 1627 1186 1704 ἕως
1210 1629 1249 1698 διν
1272 1630 1414 1714 έφενίρηο.

274 1745 306 1803 et
343 1737 460 1823 passim
498 1736 589 1813 aiibi,
620 1739 666 1803 sio
701 1736 871 1804 dicendum
907 1745 954 1802 est
989 1738 1004 1802 ό
1036 1735 1119 1812 ἥλιός
1152 1738 1215 1806 ἕσιν
1238 1739 1268 1804 έν
1293 1737 1379 1822 δεξιᾷ
1403 1745 1466 1810 τοῖς

274 1846 329 1922 την
353 1842 475 1922 Λιβύην
509 1843 742 1925 τεριπλέουσιν,
780 1841 1051 1930 quemadmodum
1089 1846 1268 1917 sexcenties
1297 1842 1383 1930 apud
1418 1863 1466 1908 re·
1561 1865 1562 1878 ι

273 1954 360 2015 teres
385 1949 501 2036 passim
538 1950 569 2014 io
606 1969 642 2016 ea
675 1969 710 2016 re
745 1949 845 2015 dativi
881 1948 1044 2032 leguntur.
1092 1949 1263 2035 Sequiores
1298 1948 1355 2015 soii
1392 1967 1467 2036 poo-

274 2065 365 2121 oant:
402 2075 643 2142 nonnumquam
682 2057 848 2122 Pansnnus
878 2055 997 2121 erravit
1030 2063 1062 2120 et
1086 2053 1153 2122 aiii.
1203 2055 1337 2141 Saenius
1361 2054 1467 2120 Locu-

274 2183 351 2238 λειω,
392 2167 448 2238 id,
476 2165 496 2227 8
530 2161 680 2228 εἰσιόντων
718 2161 749 2228 δὲ
780 2167 887 2243 πρῶτα
923 2161 981 2239 μὲν
1014 2161 1145 2226 οἰκοῦσιν
1180 2163 1214 2227 αἰ
1243 2157 1359 2243 Ὧραι.
1405 2165 1466 2236 51,

279 2272 317 2334 18
353 2267 423 2341 τοὺς
459 2268 516 2345 μὲν
555 2269 605 2333 ε’πί
649 2270 692 2334 τόν
733 2267 820 2344 δεξιοὶ
863 2267 1011 2334 εἰσιόντων
1057 2264 1151 2350 ἄφες.
1188 2271 1249 2344 68,
1293 2273 1335 2334 55
1368 2267 1465 2338 τόδιοι

274 2374 383 2441 εἰκοσιν
415 2373 478 2440 οἰπό
508 2384 563 2450 τῆς
591 2375 776 2454 Ὀλυμπίοις
806 2374 892 2440 κατόν
922 2374 973 2440 τόν
1004 2371 1189 2453 ἰππόδρομον
1219 2372 1370 2440 οἰπιόντων
1394 2377 1465 2457 πρός
1561 2433 1562 2462 ;

273 2479 327 2558 ἕω,
353 2490 384 2546 et
418 2485 480 2558 71,
518 2481 593 2546 Θέν
628 2478 714 2566 δεξιᾷ
745 2483 802 2561 μὲν
833 2480 982 2548 εἰσιόντων
1007 2481 1039 2546 αἰ
1063 2488 1211 2558 γυναῖκες
1242 2479 1294 2546 τὸν
1319 2489 1467 2562 κλιντῆρα

274 2587 452 2665 ἐπέλαβον,
484 2592 515 2652 u
551 2590 614 2664 75,
642 2588 656 2650 1
694 2587 779 2654 κατὰ
812 2589 867 2663 την
902 2587 976 2656 ςοοίν
1011 2587 1066 2662 τίην
1096 2587 1232 2652 έντεῦόεν
1264 2584 1403 2662 ἐξιόντων
1438 2589 1467 2652 ἰν

273 2694 409 2776 οἰριςερρῖ.
436 2711 518 2777 «tuae
542 2691 649 2756 omnia
670 2693 803 2778 perinde
827 2694 940 2759 vitiosa
966 2699 1053 2758 suni.
1080 2697 1143 2771 at,
1173 2699 1212 2758 15
1236 2689 1286 2766 οὓς
1310 2697 1466 2770 μισείσόαι

273 2805 376 2874 καλῶς
404 2795 508 2880 εἶχεν,
541 2798 589 2862 sio
620 2799 803 2884 sequiores,
837 2807 871 2864 ut
907 2797 1042 2863 Romani
1068 2796 1189 2876 soient.
1217 2807 1340 2866 veteres
1363 2809 1466 2878 μισεῖν

273 2904 441 2972 dixissent.
468 2909 485 2988 §
506 2908 555 2970 16.
580 2904 635 2991 qui
661 2903 765 2986 τεόρην
788 2903 949 2970 scribebat
970 2903 1092 2980 ionice,
1118 2924 1180 2969 non
1202 2914 1272 2971 erat
1292 2904 1466 2972 admodum

272 3012 401 3079 ionicae
425 3010 553 3076 dialecti
577 3028 710 3094 gnarus.
760 3008 948 3084 istiusmodi
969 3009 1135 3076 Graeculis
1159 3008 1318 3078 debentur
1342 3009 1467 3078 formae

273 3120 348 3198 μόη,
380 3117 542 3195 οὐδεμίην,
573 3115 659 3196 μοόρη
691 3117 764 3182 siut.
795 3115 827 3181 ἰιι
853 3115 951 3183 Godd.
977 3117 1108 3182 nostris.
1155 3116 1244 3184 lderu
1277 3117 1392 3184 vitium
1417 3126 1467 3184 est

273 3227 336 3298 66,
361 3227 379 3288 7
404 3223 568 3301 μακέλλην
599 3219 694 3303 ἔχων,
728 3220 811 3307 quod
848 3229 952 3286 tamen
986 3233 1130 3286 sonuum
1156 3230 1204 3288 eat
1228 3242 1267 3290 ex
1297 3221 1466 3291 Homerico

272 3328 361 3410 χερσί
384 3326 553 3407 μοὶκελλαν
577 3325 669 3410 ἔχων.
697 3331 715 3412 §
741 3331 784 3394 36
808 3329 974 3407 οἰπροσδενῑ,
1000 3331 1046 3394 sic·
1067 3327 1142 3394 auti
1168 3331 1259 3408 ὑγιῆ,
1284 3330 1385 3412 εὐφυῆ
1408 3350 1465 3417 pro

272 3435 448 3514 οἰπροσδεοί,
482 3436 574 3512 ὑγιῖο,
609 3435 723 3516 εὐφυᾶ.
750 3439 808 3508 16,
833 3439 874 3500 51
907 3436 1209 3516 περισκοπήσασθαι,
1234 3443 1358 3502 veteres
1381 3459 1465 3518 περι-

273 3541 460 3624 σκέψοιτόαι.
488 3542 505 3626 S
533 3545 575 3608 ot
605 3541 893 3619 όναυπηγησόμην,
926 3541 1002 3625 quia
1033 3541 1120 3606 soius
1154 3548 1224 3608 emt
1248 3549 1280 3608 et
1303 3543 1374 3608 suis
1399 3545 1466 3628 ipse

274 3648 422 3714 manibus
444 3647 595 3733 soapiram
621 3655 825 3733 compegerat
851 3647 1056 3726 ε’ναυτηγησα
1080 3645 1204 3712 diotorn
1226 3649 1379 3734 oportuit.
1405 3653 1466 3726 18,

275 3760 316 3822 11
345 3754 573 3836 διηγορευμένον
608 3753 637 3817 ἐν
675 3760 738 3826 τοῖς
781 3752 900 3831 νόμοις,
933 3753 1033 3819 matu
1066 3753 1264 3833 διειρημένον,
1296 3761 1332 3818 ut
1368 3773 1465 3841 sopra

274 3860 485 3928 ostendimus.
537 3859 658 3926 Passim
693 3860 724 3923 in
751 3857 802 3923 iris
827 3859 976 3925 Locunos
1001 3858 1133 3925 inbitur.
1159 3864 1220 3936 19,
1246 3865 1287 3926 15
1312 3860 1466 3935 δεσπότας

273 3964 551 4048 κεχειροτονηκότες
571 3984 627 4051 pro
646 3965 800 4047 ᾑρημένοις
829 3965 935 4050 inepte
959 3965 1078 4050 singuii
1104 3963 1261 4030 dicuntur
1280 3976 1465 4048 χειροτονεῖν

272 4072 356 4139 τινοό.
382 4074 400 4157 §
421 4075 461 4138 17
483 4071 592 4152 εὖηλόῳ
612 4071 663 4136 καί
685 4069 838 4154 εὐηνέμῳ,
863 4071 961 4136 Auiot
983 4073 1088 4153 εὐεόλιρ
1100 4091 1158 4156 pro
1174 4073 1283 4156 ειίηλίω
1297 4072 1465 4139 dixissent.

274 4185 334 4256 51,
362 4182 402 4244 19
434 4177 578 4259 προλέγει
611 4181 706 4242 ποῖσιν
735 4177 774 4251 εἰς
810 4179 1022 4256 μαντεύσεται
1054 4177 1068 4242 ἰ
1102 4176 1165 4250 όεδς
1197 4179 1241 4253 εἰς
1277 4181 1367 4262 ρητην
1397 4203 1465 4246 τινα

274 4283 407 4365 ἡμέραν,
442 4284 549 4369 inepto
580 4289 616 4348 ut
646 4279 726 4347 nihii
757 4302 857 4369 sopra
889 4282 1012 4349 dicitur
1043 4284 1110 4370 ipse
1137 4284 1221 4350 Deus
1244 4286 1465 4364 μαντεύεσθαι,

274 4411 332 4478 pro
364 4391 490 4456 orooaio
514 4389 621 4465 edere,
644 4408 717 4454 nam
740 4397 828 4456 vates
848 4392 1072 4468 μαντεύονται,
1097 4388 1146 4454 tui
1163 4399 1241 4470 χρῆν
1262 4401 1293 4457 et
1314 4392 1464 4474 όεοπόζειν

272 4496 445 4564 dicuntur:
472 4497 582 4581 itaque
612 4495 626 4558 ἰ
657 4495 715 4573 μὲν
749 4494 913 4562 Ἀπόλλων
935 4505 1014 4582 χρῇ,
1039 4499 1057 4574 »i
1081 4495 1113 4562 δέ
1136 4497 1237 4563 Πυόιά
1259 4499 1462 4577 μαντεύεται.
1557 4483 1558 4570 t
