3208 4972
808 381 878 456 236

240 573 368 664 ineptus
393 579 533 664 scriptor
551 577 721 656 Euristus,
746 579 800 665 qui
823 579 1012 667 saepissime
1034 579 1077 644 ita
1098 574 1199 654 solet,
1218 573 1435 646 rideomuino

239 681 395 749 Vaessruu
425 691 458 748 et
484 681 738 751 iitusrrnsosruu
772 683 802 750 11.
828 683 874 767 ΙΙ.,
910 685 995 753 unde
1027 684 1169 772 pendent
1191 683 1323 750 caeteri.
1371 681 1434 749 Ad·

239 785 313 852 darn
326 786 407 854 duos
425 787 524 867 iocos,
537 810 675 877 quorum
688 789 826 857 alterurn
840 790 980 858 editores
993 787 1294 878 pessumdederunt,
1308 787 1434 855 librarii

239 890 390 960 aiterunr.
437 894 472 960 ln
497 894 693 962 dirusrnorus
725 895 906 983 fragmento
930 897 1014 986 apud
1045 895 1195 962 iossreuu
1224 896 1259 960 ιἰι
1281 893 1434 980 Αρίοιιειιι

240 996 265 1063 1.
292 1001 344 1062 16.
370 997 493 1067 editur:
525 1003 551 1067 oi
582 1001 614 1067 δὲ
639 1011 814 1081 Σολυμῖται
842 1002 1043 1078 κατελθόντες
1067 1003 1122 1068 σὺν
1144 1009 1207 1076 τοῖς
1231 1007 1350 1083 μιαροῖς
1373 1007 1433 1066 τῶν

239 1105 421 1184 Αἰγυπτίων
451 1103 545 1178 οὕτως
577 1108 703 1182 άνοσέως
731 1117 795 1184 τοῖς
826 1110 988 1192 άνάράποις
1018 1107 1267 1190 προσηνέχθησαν
1295 1101 1352 1176 άςε
1375 1106 1432 1182 τῆν

239 1216 299 1278 τῶν
334 1212 550 1294 προειρημένων
584 1213 729 1297 κράτησιν
768 1217 946 1297 χειρίςην
981 1215 1147 1298 φαίνεσθαι
1182 1221 1245 1288 τοῖς
1281 1213 1353 1280 τότε
1387 1213 1431 1279 τά

239 1317 353 1385 τούτων
380 1319 577 1401 άσεβῆματα
606 1319 773 1400 θεωμένοις.
820 1319 967 1387 Absurda
998 1319 1162 1406 scriptura
1191 1321 1329 1403 xerpiw
1352 1321 1431 1403 φαέ-

240 1425 341 1490 νεσάαι
377 1424 596 1492 Ηινιιιιιιιιιιιο
635 1424 788 1505 debetur,
824 1428 879 1513 qui
921 1425 1004 1514 quod
1039 1426 1070 1490 in
1109 1424 1199 1491 iibris
1234 1432 1283 1492 est
1317 1425 1431 1509 χρυσὸν

238 1530 405 1613 φαίνεσθαι
429 1531 460 1596 in
484 1530 569 1598 harno
591 1531 722 1598 niodum
743 1534 895 1600 correxit.
943 1533 1124 1598 Correetori
1149 1550 1281 1617 prorsus
1305 1540 1431 1597 eontra·

239 1637 325 1702 riunr
355 1637 478 1702 invexit
501 1658 597 1724 quarn
628 1637 712 1725 quod
742 1641 881 1725 scriptor
914 1623 1046 1706 dederat
1075 1647 1107 1704 et
1137 1629 1362 1723 incorruptum
1391 1634 1431 1703 ad

240 1761 299 1808 nos
333 1752 534 1829 pervenerat.
590 1742 711 1811 Contra
744 1753 795 1812 est
839 1747 871 1810 in
915 1745 1059 1812 [ironrsto
1095 1743 1260 1810 Ηιιισιιιιι.
1296 1740 1350 1808 tx.
1390 1747 1430 1807 25

242 1848 317 1938 (τοῖς
357 1847 500 1937 ὑπάτοις)
540 1851 554 1915 ά
593 1849 665 1932 πρὸς
704 1852 775 1926 τοὺς
814 1853 981 1933 Τυρρηνοὺς
1018 1847 1170 1927 πόλεμος.
1193 1847 1294 1916 καίτοι
1325 1847 1432 1928 μέγας

240 1953 293 2020 καὶ
316 1955 462 2036 χαλεπὸς
487 1955 525 2021 ὢν
550 1957 689 2038 χρηςδς
714 1955 860 2039 ἐφαίνετο
883 1959 971 2040 παρά
993 1956 1045 2023 τδν
1066 1956 1148 2028 ἐντὸς
1171 1955 1295 2036 τεέχους
1322 1955 1431 2035 ἐξετα-

240 2057 382 2141 ξάμενος,
406 2059 460 2127 uiri
488 2061 602 2143 χρυσὸς
626 2061 772 2146 ἐφαίνετο
796 2061 1033 2130 entendanduur
1058 2081 1128 2129 esse
1153 2081 1246 2128 neruo
1270 2060 1431 2148 ambiget,

241 2165 297 2253 qui
340 2164 388 2232 vei
425 2165 579 2235 Vressruu
612 2168 787 2255 inspexerit
829 2169 876 2236 rei
918 2169 1183 2236 iisusrersustou.
1231 2171 1363 2250 Χροσοῦς
1397 2174 1432 2234 et

239 2271 355 2355 κριτάς
379 2272 412 2338 in
437 2270 529 2338 codd.
560 2273 840 2342 1ιυιιιιισοιι111ιι
865 2285 941 2343 sunt
968 2279 1030 2353 19,
1058 2277 1089 2342 1.

286 2378 322 2444 in
356 2377 496 2445 θάρσυνε
518 2382 577 2458 11,
600 2384 652 2446 11.
673 2380 768 2457 δεινῆν
789 2405 861 2448 τινα
879 2380 984 2462 λέγεις
1008 2387 1068 2447 τῶν
1086 2379 1244 2463 άνέράπων
1259 2381 1314 2456 τῆν
1332 2380 1431 2460 άβελ·

240 2483 344 2567 τερέαν
366 2479 393 2551 οἳ
414 2489 555 2552 τοσοῦτον
579 2485 677 2569 ἔρωτα
699 2487 817 2570 ἐρῶσιν,
845 2485 913 2574 iege
937 2489 962 2554 εδ
986 2490 1127 2554 τοσοῦτον
1151 2485 1192 2553 ei.
1218 2488 1236 2572 §
1261 2489 1311 2552 12.
1332 2486 1431 2553 etsie

240 2591 353 2659 rotent.
380 2592 410 2657 in
445 2594 463 2678 §
486 2595 537 2659 19.
563 2591 771 2676 ἐξερράγησαν
795 2593 828 2658 111
851 2593 1054 2676 διερράγησαν
1077 2590 1334 2670 ernendandurn,
1360 2590 1431 2660 bul·

238 2696 287 2764 iae
312 2717 374 2764 non
410 2709 577 2785 erumpunt
607 2697 662 2765 sed
693 2699 952 2785 disrumpuntur:
977 2708 1046 2765 turu
1072 2701 1181 2765 statim
1207 2697 1276 2785 iege
1300 2703 1379 2765 πάσι
1404 2699 1432 2764 δ’

236 2799 287 2871 οὖν
309 2804 510 2888 διαρραγῆναι
539 2807 713 2884 άναγκαῖον
737 2826 794 2893 pro
824 2807 1049 2888 deuorandum.
1085 2825 1123 2872 ue
1156 2803 1283 2872 dubites
1307 2803 1431 2892 inspice

240 2914 258 2998 §
281 2915 335 2978 11.
358 2912 393 2989 ῆν
417 2913 469 2978 ιια1
494 2912 532 2978 σὺ
556 2913 715 2995 κεκραγὼς
739 2913 927 2996 διαρραγῆς,
954 2910 1008 2978 ubi
1032 2911 1245 2999 perantiquus
1269 2908 1371 2978 Codex
1395 2909 1430 2976 11.

237 3023 425 3101 άναρραγῆις
449 3026 577 3095 serrat,
603 3018 686 3105 quod
712 3017 888 3085 absurdum
913 3025 971 3084 est.
1021 3015 1124 3097 Quam
1150 3015 1241 3084 iaciie
1271 3025 1303 3083 et
1327 3035 1426 3103 quarn

239 3143 333 3211 saepe
352 3124 379 3189 δι
400 3132 431 3189 et
451 3121 485 3201 ἐξ
505 3133 558 3189 aut
583 3133 810 3211 permutentur
830 3135 886 3190 aut
908 3123 990 3191 maie
1013 3122 1205 3210 oopuientur
1225 3143 1322 3212 supra
1347 3121 1430 3189 indi-

240 3229 400 3296 eavimus:
433 3248 528 3314 quern
564 3249 657 3296 usum
689 3229 786 3296 huius
819 3231 864 3297 rei
896 3230 1076 3297 observatio
1100 3230 1133 3296 in
1160 3229 1290 3295 Lucrino
1315 3227 1431 3295 haheat

239 3355 325 3402 nuno
346 3335 459 3423 paucis
490 3334 668 3403 ostendam.
700 3335 950 3403 confunduntur
984 3341 1044 3415 tn,
1086 3341 1135 3402 14.
1170 3335 1374 3416 διηγουμένων
1396 3345 1431 3402 et

239 3441 466 3522 ἐξηγουμένων,
492 3450 528 3508 ui
553 3446 616 3520 51,
648 3447 699 3510 10.
734 3444 747 3508 1
772 3445 866 3527 μηρδς
891 3446 986 3512 αὐτοῦ
1009 3447 1143 3526 χρυσοῦς
1167 3440 1303 3524 ἐξεφάνη
1324 3450 1371 3507 est
1396 3443 1431 3507 iu

239 3547 306 3627 BG,
338 3549 469 3634 διεφάνη
502 3550 534 3615 in
568 3549 721 3616 caeteris:
748 3549 826 3616 iilud
851 3549 1012 3630 editores,
1038 3549 1097 3615 hoe
1124 3569 1183 3634 ego
1207 3545 1431 3634 praetulerim.

238 3654 314 3723 ibid.
341 3663 358 3746 ς
379 3661 432 3724 61.
452 3655 700 3738 διεξελέγχουσα
721 3657 753 3722 111
776 3657 912 3724 caeteris
931 3665 999 3732 est,
1018 3657 1050 3720 iu
1071 3676 1133 3722 uno
1155 3656 1186 3720 B.
1208 3653 1430 3735 διελέγχουσα.

236 3772 381 3852 praestat
411 3762 547 3833 sortasse
576 3763 805 3845 έξελέγχουσα.
836 3761 952 3830 deinde
984 3767 1045 3839 56,
1081 3765 1112 3828 6.
1149 3760 1332 3834 πιτεάοντας
1367 3765 1432 3834 τοῖς

238 3871 311 3952 πρὸς
333 3869 369 3935 τδ
392 3869 496 3952 μεῖζον
519 3867 621 3941 ἕκαςα
645 3868 858 3950 ἐξηγουμένοις
883 3870 1009 3954 corrige
1035 3868 1253 3949 διηγουμένοις.
1302 3865 1336 3932 in
1360 3870 1429 3942 59,

238 3979 293 4042 15.
320 3995 378 4062 pro
397 3972 533 4058 ἐξέρρηξε
551 3976 689 4062 pessime
709 3983 759 4042 est
781 3977 813 4041 in
836 3995 899 4042 uno
921 3975 1002 4041 iibro
1021 3973 1172 4058 διέρρηξε,
1198 3983 1268 4039 turn
1282 3977 1345 4049 75,
1372 3975 1428 4038 11.

238 4079 361 4148 rtueots
396 4082 533 4167 optimos
565 4081 662 4148 iiirros
693 4082 869 4150 dissentire
900 4085 932 4148 in
966 4081 1132 4155 διελθόντος
1159 4088 1191 4147 et
1215 4079 1429 4159 διεξελάάντος.

237 4187 382 4274 lienique
414 4187 447 4252 in
483 4186 570 4253 Veris
604 4185 754 4255 Historiis
792 4193 855 4269 26,
901 4197 951 4256 td.
985 4208 1043 4276 pro
1082 4184 1250 4269 προσέταξε
1285 4185 1432 4269 διυφῆναι

238 4293 364 4378 corrige
390 4291 577 4375 προσέταξεν
606 4292 769 4378 ε’ξυφῆναι.
818 4296 854 4361 ln
880 4299 897 4381 §
923 4299 976 4360 2t.
1002 4293 1157 4360 dicuntur
1181 4293 1276 4383 pauni
1299 4291 1428 4379 quidam

239 4401 400 4484 sapientes
424 4401 734 4475 durandomarus
764 4409 823 4470 τῶν
847 4409 968 4469 πολλῶν
992 4406 1179 4482 καταγελᾶν
1202 4406 1262 4465 τῶν
1285 4397 1430 4479 γιγνομέ·

239 4527 310 4584 νων,
336 4504 469 4572 eruenda
496 4504 683 4580 άποςάνσες.
