3208 4972
729 393 800 468 ale

168 583 383 654 delectantur.
432 585 528 656 Vides
548 595 796 656 AanccttN
820 595 852 654 et
868 593 1117 655 AancettN
1141 604 1238 674 quam
1262 582 1356 653 iaoile

169 693 349 780 permutari
377 695 512 779 possint.
548 685 553 694 Χ

214 795 306 880 Quod
336 799 485 885 sequitur
510 785 722 880 ’Δημοσθένους
751 799 901 879 ἐγκώμιον
935 799 1100 887 perexigui
1134 799 1227 887 pretii
1260 817 1358 885 opus·

167 903 278 970 ouium
301 912 350 970 est
370 912 402 970 et
422 904 594 972 admodum
614 906 730 972 vitiose
751 905 921 992 seriptum.
958 907 1002 973 lie
1023 904 1135 972 multis
1153 906 1242 971 vitiis
1255 923 1357 992 panea

168 1008 364 1096 abstergam.
389 1009 425 1078 lu
450 1014 512 1097 §2
537 1030 595 1100 pre
614 1011 753 1096 οὑφθθνονν
772 1010 884 1078 διδθνοιι
898 1017 956 1078 τῶν
978 1012 1058 1078 ἐτῶν
1077 1009 1183 1078 scribe
1197 1009 1357 1095 οὑΦθονίοον.

168 1117 203 1182 iu
234 1119 306 1201 §ti⁸
343 1121 397 1184 τοὺ
427 1117 459 1184 δὲ
486 1121 637 1201 ῥητορικοῦ
664 1115 758 1197 οιθγον
790 1136 848 1204 pro
874 1119 945 1192 τοὺς
973 1118 1004 1185 δὲ
1034 1116 1202 1202 ῥητορικοὺς
1233 1116 1358 1196 λόγους.

168 1222 202 1287 iu
236 1225 339 1307 §tu
367 1231 423 1299 τοῖς
453 1225 584 1300 ληκύθου
619 1243 676 1311 pre
703 1227 757 1290 τοῦ
795 1224 940 1290 θνηαιοοῦ.
979 1227 1012 1308 in
1045 1226 1063 1309 ς
1093 1229 1144 1289 12.
1175 1223 1356 1304 Εὔβουλος,

167 1327 345 1410 ’Τπεροίδης
364 1347 422 1415 pro
437 1331 642 1412 Εὐβουλίδης.
665 1330 697 1396 iu
713 1337 729 1417 §
746 1335 797 1398 la.
817 1330 871 1414 ἐφ’
895 1327 954 1412 inp
977 1350 1036 1417 pre
1054 1330 1108 1414 ἐφ’
1127 1325 1146 1394 ὑ
1162 1354 1205 1397 τι.
1224 1329 1256 1394 iu
1270 1332 1289 1414 §
1303 1333 1360 1396 23.
1453 1333 1456 1339 ’

167 1451 227 1519 pro
250 1431 503 1520 ὑρματοτροχίας
533 1437 680 1504 dereiner
703 1435 773 1523 lege
800 1436 1000 1520 ἁματροχιὰς
1025 1436 1172 1503 baselum
1195 1454 1235 1502 ex
1259 1432 1359 1501 Iliade

167 1548 210 1606 Ψ.
236 1543 311 1605 422.

348 1655 388 1730 τῇ
411 1649 437 1731 θ’
459 1643 546 1732 algeo
569 1647 730 1724 Μενέλαος
753 1648 955 1730 ἁματροχιὰς
978 1648 1132 1715 eanum.

166 1760 199 1817 et
224 1749 319 1837 paule
348 1761 423 1819 ante
454 1773 512 1840 pro
543 1755 592 1821 ert
627 1762 683 1831 τῆς
713 1756 810 1830 αὑτῆς
842 1754 1095 1838 οὑρματοτροχίας
1120 1749 1357 1819 emendandum

166 1855 384 1939 θομοτροχιῖις
410 1877 449 1924 ex
473 1860 583 1928 eodem
611 1861 692 1927 libro
716 1861 834 1928 iliados
858 1881 904 1928 vs.
938 1865 1014 1928 505.
1062 1860 1192 1926 iurabit
1214 1858 1255 1925 ad
1280 1857 1358 1925 haee

165 1961 283 2048 legisse
329 1962 493 2030 l'ourornu
540 1967 779 2046 annotationem
822 1967 862 2033 ad
904 1967 1042 2054 priorem
1089 1965 1207 2032 Horren
1249 1963 1355 2030 locum

166 2067 369 2152 οθματροχιοίν
404 2077 435 2137 et
473 2070 689 2154 θρματροχιθν
724 2080 812 2138 reete
841 2071 1072 2159 distinguentis
1102 2082 1134 2140 et
1168 2070 1356 2139 capernaum

164 2193 308 2241 errorem
333 2183 429 2242 aoute
453 2175 693 2262 redarguentis,
719 2178 774 2265 qui
800 2178 950 2246 liounnou
980 2180 1126 2246 imitatus
1152 2177 1277 2246 seilicet
1299 2174 1358 2241 hos

167 2281 343 2349 versiculos
366 2279 501 2349 iecerat:

847 2389 1083 2458 enuntiabam

473 2496 512 2568 oie
534 2493 655 2575 οὶνθμοιν
677 2495 773 2570 οὐδεὶς
796 2491 874 2563 οίδεν
897 2495 1108 2579 οὑματροχιθς.

166 2618 267 2687 quum
293 2598 386 2667 vellet
410 2597 518 2668 dieere
540 2601 585 2669 τθι
607 2608 666 2669 τῶν
690 2609 807 2686 τροχῶν
829 2601 921 2686 igin,
953 2599 1186 2685 ὑρματροχιοὺς,
1212 2607 1248 2666 ot
1271 2599 1356 2687 apud

168 2705 299 2773 Poetam
323 2715 391 2774 est:

862 2814 931 2881 οὑδθ
953 2838 984 2880 τι
1007 2815 1128 2892 noeais,

370 2920 493 3000 γίγνετ’
516 2922 709 3003 ἐπισσώτρων
732 2921 929 3003 οθρματροχιδη
953 2918 1149 2986 κατθτισθεν.

212 3025 248 3092 ln
274 3029 368 3113 527.
396 3027 500 3110 θειμεν
526 3029 569 3102 εἷς
600 3028 644 3095 rel
671 3027 866 3110 Θορσαγθροο
892 3028 1020 3093 variant
1042 3025 1137 3092 libri:
1169 3025 1212 3100 είς
1235 3025 1278 3093 τοὶ
1302 3034 1356 3102 8.,

165 3132 209 3207 είς
228 3135 283 3197 τοῦ
314 3141 366 3210 Θ..
399 3135 441 3207 εἷς
473 3134 517 3200 τθο
547 3138 602 3199 τοὺ
631 3143 670 3200 Θ.
701 3135 859 3221 optimum
892 3143 939 3201 est
965 3135 1008 3205 εἰς
1031 3131 1243 3215 θερσοογθρον,
1277 3129 1355 3198 lerri

166 3245 271 3325 potest
306 3240 348 3313 είς
383 3243 437 3305 τοῦ
473 3238 684 3322 θερσσγθρον,
717 3237 772 3308 sed
803 3237 847 3306 σθ
884 3259 946 3305 non
984 3237 1079 3305 habet
1111 3237 1236 3314 locuni,
1269 3234 1355 3322 quod

166 3343 277 3410 Lusias
300 3364 397 3410 eausa
429 3344 599 3424 admoneo,
626 3345 711 3433 apud
743 3365 837 3434 quern
869 3346 984 3412 vitiose
1007 3343 1127 3429 legitur
1152 3342 1224 3410 Xll.
1251 3346 1270 3428 ς
1301 3347 1352 3409 12.

165 3449 219 3514 καὶ
244 3451 389 3532 ἐρωτῶσιν
412 3448 471 3536 lap
495 3452 567 3541 (leg.
591 3449 671 3540 ὅσοι)
703 3451 895 3535 βαδίζοιμεν.
922 3453 937 3517 θ
960 3451 987 3518 δ’
1010 3447 1150 3533 ἔφασκεν
1172 3451 1215 3524 είς
1236 3450 1279 3515 τοὶ
1300 3453 1354 3516 τοῦ

164 3555 306 3639 ἀδελφοῦ
333 3563 388 3626 τοῦ
422 3559 515 3637 ἐμοῦ,
549 3557 790 3624 rescribendum
827 3559 870 3631 εἰς
901 3557 1061 3638 τάδελφοῦ
1096 3559 1151 3622 τοῦ
1186 3556 1271 3636 ἐμοῦ.
1320 3555 1355 3622 lo

166 3666 183 3745 §
209 3667 263 3729 29.
287 3665 321 3730 τί
341 3665 406 3746 γθιρ
435 3670 494 3731 τῶν
524 3666 598 3734 istiu
627 3665 678 3730 καὶ
711 3671 766 3739 τῆς
798 3663 899 3746 ὑδρίας
925 3660 1121 3742 Δημοσθένην
1144 3665 1199 3728 οὑκ
1227 3659 1354 3743 izoem

165 3767 327 3856 intelliges
350 3771 378 3836 si
397 3781 473 3837 ante
492 3769 687 3850 Δημοσθένην
711 3768 909 3857 suppleveris
929 3771 992 3836 διῖε
1012 3767 1098 3855 quod
1115 3787 1187 3834 mox
1207 3767 1358 3854 sequitur

164 3875 396 3958 recinentem
423 3875 551 3957 γέγονεν
578 3875 665 3960 ἔργον
690 3875 852 3959 θκιγορίας
878 3875 918 3942 ab
943 3876 1124 3961 interprete
1148 3893 1210 3940 non
1236 3883 1285 3942 est
1310 3875 1356 3940 in-

167 3979 342 4049 tellectum.
392 3982 586 4070 Saepissime
609 3991 718 4050 tameo
743 3982 828 4070 apud
853 3983 1018 4069 segniores
1042 3980 1128 4062 ἔργον
1151 3979 1294 4061 γενέσθαι
1313 4003 1357 4048 τι·

165 4084 214 4162 νθς
238 4089 381 4154 occurrit
414 4109 471 4176 pro
501 4089 672 4156 θτοοιέσθοιι
705 4088 764 4156 ὑτθ
792 4113 870 4162 τινος
896 4098 927 4155 et
960 4087 1144 4173 significant
1175 4086 1230 4153 illa
1261 4085 1357 4153 verba

165 4191 225 4258 ὑτδ
254 4197 310 4270 τοῖς
349 4195 499 4277 ὑμετέρας
536 4197 699 4279 θλιγοορίοος
733 4196 889 4262 eniteas.
938 4194 1048 4260 lduliis
1082 4193 1237 4282 exemplis
1271 4192 1359 4259 hune

167 4315 262 4366 usum
296 4299 433 4368 labentis
466 4299 659 4368 Graecitatis
689 4300 865 4368 illustrarit
896 4301 1113 4368 Wrrroumorr
1144 4300 1176 4366 in
1209 4299 1359 4367 Βὲθθὲοιθι.

168 4401 244 4471 Orat.
271 4404 326 4473 lll.
353 4411 383 4474 2.
398 4428 429 4495 p.
447 4411 502 4474 16.
549 4405 640 4488 Quod
666 4405 803 4475 Archias
823 4404 1014 4494 respondet:
1040 4408 1116 4474 αλλ’
1131 4406 1193 4474 οὐδ’
1213 4406 1268 4490 ὑφ’
1287 4407 1362 4486 ἡμῖν

167 4507 292 4590 θγίνετο
316 4532 432 4582 sanum
458 4513 522 4580 erit
541 4515 567 4580 si
594 4515 777 4601 reposueris
797 4515 849 4597 ἐφ’
872 4513 955 4596 ὑμῖν.
982 4512 1041 4580 θσθ
1060 4535 1118 4578 τινι
1140 4508 1217 4580 εἶναι
1240 4509 1364 4580 dieitur
