3178 4972
704 393 764 440 1111

137 573 213 638 olim
238 573 273 636 in
302 571 449 656 margine
479 569 653 654 adscripta,
683 571 739 632 eut
769 566 852 632 inter
884 584 994 634 verens
1025 567 1224 654 interposite,
1248 569 1333 635 male

136 696 292 778 irrepant,
312 695 346 756 et
364 691 545 758 observasse
562 687 698 774 deniqne
718 707 797 773 quae
817 688 860 752 sit
876 687 1027 788 peccandi
1043 686 1148 755 veluti
1158 692 1335 757 constantie

137 813 292 900 quaedem
319 818 352 878 et
383 811 550 900 analogia,
573 815 611 880 ut
633 813 668 876 in
690 809 802 878 eedem
824 831 859 875 10
881 811 969 876 idem
990 811 1112 877 vitium
1133 812 1279 898 frequens
1302 819 1334 878 01

138 947 306 1002 commune
338 935 395 1011 sit,
428 937 460 999 01
492 930 592 1000 semel
621 932 791 1019 deprensus
821 953 907 998 error
938 934 1103 1021 egregiam
1131 953 1223 1020 opem
1254 935 1337 1002 feret

138 1077 201 1125 non
227 1055 329 1122 simili
358 1053 445 1122 malo
474 1055 529 1121 sed
558 1075 687 1141 prorsus
710 1054 814 1120 eidem
837 1054 901 1120 elio
923 1052 992 1120 loco
1016 1059 1073 1120 eut
1095 1055 1130 1120 in
1153 1054 1216 1121 elio
1239 1047 1337 1144 scrip-
1443 1023 1446 1036 .

139 1186 217 1246 tore.
253 1177 382 1263 Siquis
405 1173 559 1244 Codicum
582 1176 704 1243 auxilio
726 1176 772 1242 aio
795 1181 920 1254 utetur,
945 1177 1124 1243 emendatio
1144 1177 1336 1244 emendatio-

139 1322 216 1367 nem
234 1320 350 1367 novem
369 1300 488 1385 periet,
508 1301 541 1363 et
559 1317 668 1364 omnes
683 1299 803 1384 pariter
821 1303 941 1364 certem
960 1296 1057 1363 fidem
1073 1304 1105 1364 01
1117 1295 1337 1377 ereberrime
1413 1371 1415 1376 ,

136 1422 310 1488 habebunt.
345 1418 399 1486 Sic
429 1419 604 1486 desultoria
633 1417 749 1486 levites
773 1424 926 1507 arguetur
948 1423 981 1484 et
1005 1421 1216 1508 castigabitur
1238 1425 1337 1488 teme-

137 1546 218 1614 ritas
248 1563 372 1620 eorum,
404 1543 460 1626 qui
481 1540 582 1606 illotis
604 1541 755 1606 menibus
776 1541 855 1607 haec
878 1561 966 1607 secra
988 1545 1174 1632 attrectent,
1198 1545 1230 1607 et
1253 1541 1337 1627 quod

3 1653 5 1670 ⁸
137 1685 253 1732 verum
276 1667 341 1742 001,
366 1664 441 1748 quie
462 1681 572 1727 omnes
592 1663 739 1728 veritatis
760 1682 910 1728 numeros
932 1662 1081 1741 habebit,
1106 1683 1258 1730 consensu
1282 1662 1338 1751 egss

137 1789 294 1853 noscetur.
330 1783 531 1870 Quicumque
556 1783 699 1849 nondum
727 1781 824 1871 longo
854 1804 915 1848 usu
946 1785 1138 1850 exercitatus
1159 1786 1337 1871 inentiquo

139 1909 292 1992 scriptore
321 1907 441 1971 vitium
471 1905 532 1983 tibi
561 1906 650 1970 visus
682 1924 715 1969 es
737 1903 995 1991 deprehendisse,
1020 1911 1053 1970 01
1074 1902 1220 1972 fraudem
1241 1905 1337 1973 libre·

139 2030 262 2096 riorum
291 2032 398 2094 tenere
425 2031 457 2091 te
486 2029 598 2112 putes,
630 2025 758 2092 ostende
780 2025 866 2092 mihi
887 2015 1027 2092 errorem
1049 2027 1281 2094 eiusdemmodi
1302 2029 1337 2092 in

141 2147 243 2215 simili
271 2169 305 2214 re
332 2147 558 2224 commissum,
583 2167 732 2232 exprome
753 2119 862 2213 locum
885 2148 944 2213 ubi
965 2148 1025 2214 hoc
1047 2149 1169 2236 ipsum,
1194 2148 1278 2235 quod
1299 2154 1338 2215 tu

138 2271 282 2357 reponis,
308 2268 473 2336 emendato
495 2268 652 2354 scriptum
675 2273 737 2346 est,
762 2273 795 2333 et
818 2269 879 2334 erit
902 2289 958 2336 cur
980 2273 1012 2335 te
1035 2269 1207 2358 diligenter
1229 2271 1336 2339 audia-

3 2371 4 2378 ¹
136 2413 225 2460 mus·
257 2389 365 2479 Negas
394 2389 453 2454 hoc
485 2386 554 2454 fieri
583 2409 674 2474 poseo
704 2393 736 2454 et
759 2387 812 2457 vel
834 2391 880 2455 sic
902 2389 965 2454 tibi
988 2389 1073 2455 credi
1097 2389 1255 2476 postules,
1280 2395 1337 2457 aut

134 2517 268 2600 ineptos
289 2516 346 2576 eut
367 2510 537 2595 impudens
560 2530 627 2575 esse
645 2509 813 2576 videberis.
852 2509 878 2576 Ο
897 2516 1055 2596 0110111011
1069 2513 1253 2599 ineptamm
1271 2533 1338 2578 cor-

3 2729 4 2740 ¹
136 2632 409 2704 motiunmlamm
429 2635 485 2698 eut
503 2651 680 2717 numquam
698 2636 811 2696 netum
827 2635 909 2698 00001
929 2638 986 2698 eut
1005 2636 1116 2698 statim
1132 2654 1335 2720 oppressum,

143 2756 270 2822 eihanc
293 2754 357 2819 sibi
378 2754 511 2838 quisque
532 2752 639 2841 legem
662 2753 796 2818 scribere
818 2751 994 2831 voluisset,
1020 2760 1057 2834 ut
1078 2755 1162 2820 nihil
1184 2755 1337 2842 proferret

3 2903 5 2926 τ
139 2877 176 2943 in
203 2875 350 2942 medium
380 2876 444 2939 nisi
473 2875 565 2939 ouius
586 2873 738 2939 idoneum
762 2871 947 2960 exemplum
972 2896 1011 2940 011
1033 2875 1165 2960 probato
1187 2878 1337 2962 scriptore

138 3002 336 3084 suppeteret,
359 3001 393 3061 et
416 3001 497 3062 esset
514 2996 669 3061 aberratio
692 2994 940 3063 describentium
961 2995 1134 3075 eiusmodi,
1156 3001 1194 3062 ut
1213 2999 1339 3084 saepius

3 3111 4 3114 '
137 3120 176 3184 in
199 3117 364 3184 0011011110
387 3116 497 3184 eodem
520 3117 615 3182 modo
637 3115 784 3182 librarios
805 3136 949 3202 peccasse
970 3120 1136 3183 constaret.
1174 3115 1237 3200 Qui
1256 3119 1339 3185 benc

137 3240 298 3305 rationem
328 3237 596 3323 experirivolet,
621 3242 694 3304 ente
717 3237 824 3302 omme
846 3238 888 3318 (si
911 3235 979 3304 ullo
1000 3243 1093 3324 pacto
1117 3236 1186 3305 fieri
1208 3242 1339 3327 poterit)

3 3439 4 3442 Ἴ
136 3363 226 3447 ipsos
253 3363 398 3426 vebistos
427 3357 558 3426 (lodices
585 3355 722 3426 Graecos
750 3357 923 3447 diligenter
952 3361 1103 3446 inspiciet
1132 3366 1165 3426 01
1192 3383 1231 3428 ex
1261 3363 1341 3448 ipsis

3 3469 4 3562 J
135 3484 324 3570 cognoscet,
351 3480 428 3566 quid
450 3480 541 3546 nobis
563 3481 643 3545 iuris
666 3481 765 3545 sitin
791 3478 890 3546 libros
913 3481 958 3546 sic
981 3479 1126 3561 habitos,
1152 3482 1264 3551 deinde
1286 3484 1341 3550 ob

134 3607 247 3671 servet
278 3603 396 3687 quibus
427 3601 530 3667 modis
565 3602 685 3667 scribes
714 3606 837 3668 veteres
868 3622 997 3688 peccare
1027 3605 1092 3669 sint
1124 3601 1228 3682 soliti,
1260 3625 1343 3690 quae

3 3807 4 3812 ἵ
134 3725 300 3811 scriptura
327 3723 362 3787 in
393 3743 490 3808 quam
520 3722 618 3790 eiiam
648 3721 740 3788 facile
770 3723 936 3809 depravari
963 3725 1080 3810 possit,
1110 3745 1191 3810 quae
1214 3723 1340 3791 litterae

134 3848 206 3931 sint
229 3846 314 3910 inter
335 3864 369 3910 se
392 3843 578 3912 simillimae
602 3863 637 3909 ac
659 3865 759 3931 paene
787 3843 934 3923 eaedem,
960 3865 1040 3930 quae
1064 3846 1251 3932 compendia
1272 3867 1343 3932 per·

134 3968 273 4034 misceri
302 3971 335 4032 et
364 3966 514 4034 contrudi
537 3965 674 4046 soleant,
700 3987 780 4052 quae
802 3968 837 4031 in
859 3967 1024 4034 scribendo
1046 3969 1199 4034 omittant
1221 3968 1342 4034 scribas

133 4088 354 4172 antiquiores,
385 4105 465 4173 quae
492 4109 511 4155 e
533 4088 732 4174 sequioribus
754 4087 840 4153 maie
864 4093 897 4154 01
919 4089 1026 4174 inepte
1048 4087 1195 4176 suppleta
1215 4109 1272 4154 nos
1293 4087 1344 4154 lu-

134 4206 328 4285 dificentur,
354 4229 433 4294 quae
452 4209 553 4298 siglae
571 4211 637 4275 sint
655 4230 691 4276 ee
707 4213 799 4276 notes
821 4213 979 4276 certorum
998 4211 1185 4288 verbomm,
1207 4209 1343 4295 deniquo

3 4321 4 4328 ἵ
133 4351 224 4416 quae
254 4331 298 4394 eit
329 4329 388 4395 ille
410 4330 581 4396 annotandi
602 4337 634 4396 et
657 4329 837 4418 explicandi
861 4332 1072 4410 consuetudo,
1098 4331 1182 4397 unde
1205 4331 1343 4396 10111111-

130 4456 214 4519 ceto
243 4455 278 4516 01
307 4449 429 4516 insulse
456 4451 674 4519 additamenta
703 4453 968 4520 venustissimum
1001 4473 1158 4544 quamque
1191 4449 1343 4518 Veterum
