3150 4972
742 387 810 456 loo

186 599 284 668 quam
321 579 425 648 iutilia
460 580 702 650 Grammaticus
737 601 775 649 ex
810 581 973 660 οίλοίσομαι
1004 579 1152 660 extudit,
1184 599 1246 647 nun
1275 577 1379 646 multu

186 686 301 754 melior
334 695 383 754 est
407 689 543 769 οἱλίσιοιο,
568 709 630 777 qua
663 690 832 756 dormiret
858 687 998 755 Smcuruu
1022 687 1169 756 abutitur
1193 690 1225 753 in
1250 685 1379 754 Autbcl·

189 794 245 860 Gr.
272 793 308 860 T.
334 793 374 861 ll.
402 814 433 881 p.
460 801 492 861 6.

279 897 446 983 Εὐαγόρας
470 901 497 968 δ’
522 899 560 966 bo
582 901 707 984 χαλκὸς
730 899 804 982 ἄτερ
829 900 917 967 δόλον
940 900 1033 974 αὐτὸς
1057 901 1189 968 οἱλίσκει.

185 1004 429 1072 Eiusdemmodi
455 1015 503 1073 est
529 1006 675 1073 loturum
700 1006 986 1087 deducendaeque
1008 1007 1090 1073 male
1111 1015 1235 1074 natum.
1263 1005 1380 1072 Sanarc

185 1112 219 1178 io
245 1113 374 1180 Antbod.
403 1115 440 1180 Τ.
465 1113 518 1180 tlt.
544 1135 574 1202 p.
601 1119 660 1180 78:

322 1218 425 1300 δέξομ
450 1221 511 1300 ἐγὼ
536 1220 718 1302 μελοὶίροις,
743 1223 776 1286 οὔ
797 1221 847 1299 μοὶ
867 1218 919 1286 τίν
943 1257 987 1272 -
1011 1222 1065 1286 οὐκ
1087 1219 1201 1300 dadon.

183 1323 296 1392 eadem
322 1325 423 1392 forma
448 1327 595 1392 abutitur
621 1327 815 1392 Puurracaus
839 1327 871 1391 in
898 1327 1041 1394 Cicerone
1067 1331 1120 1394 25.
1141 1327 1286 1408 σροῆλίεν
1305 1324 1380 1405 tut·

184 1455 263 1508 σοον,
289 1442 402 1519 estque
425 1432 504 1499 adeo
526 1431 707 1519 reponenda
730 1435 761 1497 in
781 1431 883 1498 Murio
904 1436 957 1499 29.
983 1432 1155 1499 Simillimc
1174 1451 1285 1497 errore
1298 1433 1378 1498 Pru·

184 1557 317 1604 raacrus
340 1557 378 1604 ex
402 1538 561 1622 αμφιέσαι
585 1537 712 1604 extudit
732 1538 898 1622 οὶμφιίζειν
918 1538 951 1604 in
977 1537 1008 1605 0.
1032 1537 1378 1621 Graccbcieteuioar

185 1645 302 1710 νίπτειν
332 1644 364 1708 in
394 1643 509 1710 Tbesec
536 1650 587 1711 10.
614 1644 842 1730 pervulgatum
869 1646 933 1709 ianr
957 1643 1031 1710 olim
1057 1652 1127 1711 erat
1151 1644 1288 1724 vitium,
1314 1663 1378 1731 quo

184 1747 293 1832 ίφλειν
317 1756 348 1816 et
367 1748 472 1833 ίφλιον
493 1750 578 1838 apud
596 1748 713 1816 Atticos
732 1771 790 1838 pro
811 1751 919 1834 ὀφλεῖν
932 1761 963 1816 et
975 1751 1080 1835 ίφλοίν
1091 1749 1275 1835 legebatur:
1301 1749 1377 1818 hinc

91 1881 95 1888 ¹
184 1855 333 1922 Graeculi
347 1865 521 1942 caeperunt
534 1856 621 1939 ίφλιο
635 1907 643 1935 ,
670 1882 730 1935 εις,
755 1882 781 1922 ει
795 1854 920 1934 dicere,
939 1864 971 1922 ct
984 1857 1084 1936 docti,
1107 1859 1135 1922 si
1148 1857 1247 1922 Musis
1260 1855 1376 1944 placet,

188 1961 393 2028 Grornmon'oi
416 1981 560 2029 errorem
584 1961 723 2029 alebant.
750 1962 977 2038 Ἀπολλωνίδης
996 1963 1010 2029 d
1032 1961 1170 2034 Niaccaba
1191 1964 1221 2028 ἐν
1238 1961 1377 2042 ὑπομνή-

184 2091 265 2148 ματι
289 2068 356 2151 περ)
383 2068 640 2154 παραπρεσβείας
664 2069 874 2149 Δημοσθένους
896 2069 991 2157 (teste
1012 2073 1154 2136 dttatonro
1173 2069 1212 2134 de
1232 2068 1273 2136 D.
1296 2069 1331 2136 V.
1345 2090 1375 2136 n.

183 2173 288 2262 ὄφλοι)
314 2177 502 2240 annotavit:
528 2174 620 2260 ίφλει
643 2175 701 2256 μέν
723 2201 770 2249 τις
795 2177 845 2242 ἐπὶ
867 2176 1020 2259 καταδίκρ
1040 2177 1106 2242 κσὲ.
1128 2174 1312 2258 ὀφλισκάνει
1331 2175 1378 2241 di·

184 2279 321 2346 cendum
344 2301 414 2347 esse
435 2301 538 2367 neque
558 2283 679 2368 cogitat
700 2281 814 2361 burno,
836 2302 940 2368 neque
959 2281 1094 2348 fortasse
1114 2281 1248 2348 sciebat.
1277 2281 1376 2349 Venia

184 2385 286 2470 igitur
308 2385 378 2452 dari
402 2389 521 2474 poterit
535 2387 622 2453 Droar
636 2389 869 2466 Gunrsosrcuo,
895 2389 949 2474 qui
971 2389 1003 2452 in
1021 2395 1101 2452 orat.
1123 2384 1235 2454 XXXI.
1255 2407 1287 2474 p.
1309 2393 1374 2457 355

182 2490 329 2573 ίφλονσιν
361 2502 393 2559 et
418 2497 496 2559 556.
522 2491 638 2576 ίφλετο
664 2493 724 2560 sibi
748 2493 887 2560 credidit
911 2493 1018 2560 dicere
1042 2493 1158 2571 licere,
1183 2492 1239 2560 sed
1264 2495 1309 2559 ita
1334 2515 1374 2562 ne

186 2617 340 2686 umquam
365 2619 423 2666 nos
447 2600 528 2675 Dru,
554 2620 658 2686 neque
682 2604 889 2667 drouucururs
913 2599 1112 2687 quidquam,
1137 2599 1220 2687 quod
1247 2598 1377 2669 aliunde

183 2725 245 2771 nou
275 2708 318 2772 sit
343 2705 422 2773 satis
452 2715 597 2783 certum,
621 2705 682 2772 sibi
706 2706 839 2774 credere
862 2705 1035 2793 postulent.
1083 2705 1189 2771 Etiam
1215 2706 1271 2791 qui
1292 2705 1372 2774 baec

184 2811 262 2878 mibi
286 2811 409 2880 dabunt
434 2821 465 2879 et
490 2814 631 2900 turpiter
655 2833 673 2879 a
702 2812 828 2878 Graecia
851 2817 996 2879 erratum
1016 2831 1087 2877 esse
1107 2820 1301 2896 agnoscent,
1325 2832 1372 2880 re·

182 2917 367 2985 clamabunt
392 2918 420 2984 si
442 2917 676 2986 eiusdemmodi
697 2919 811 2984 vitium
833 2918 873 2984 ab
893 2919 1052 2984 dascnrcc
1071 2917 1280 2984 commissum
1302 2938 1373 2986 esse

181 3023 302 3092 dixero.
353 3023 392 3090 tt
418 3025 477 3112 ipsi
503 3022 643 3090 viderint
668 3024 939 3111 quemadmodum
964 3032 1092 3113 poetam
1117 3023 1157 3088 ab
1177 3043 1215 3090 ec
1235 3025 1373 3094 erimine

180 3127 411 3196 defendentia
439 3129 627 3218 Cbce'pboric
651 3150 698 3196 vs.
725 3133 808 3198 680:

408 3236 533 3318 ἐπείπερ
554 3235 681 3314 ἄλλοις,
704 3234 725 3303 ὦ
749 3234 823 3316 ξέν’,
849 3238 892 3310 είς
911 3235 1030 3318 Ἀργος
1054 3235 1139 3309 κίεις.

179 3340 255 3408 ἔκιον
285 3343 373 3410 enim
406 3343 481 3409 olim
516 3344 547 3408 in
582 3362 643 3409 usu
668 3341 728 3408 luit
753 3350 785 3408 ct
808 3342 895 3422 κιοίν,
920 3342 974 3408 κίον
1001 3361 1058 3428 pro
1081 3341 1212 3424 ἔρχομαι
1237 3362 1298 3408 non
1324 3352 1372 3410 est

179 3448 322 3514 melioris
348 3456 440 3515 notae
465 3468 561 3536 quarn
585 3448 683 3532 ίφλοο.
709 3447 762 3515 Sic
788 3449 905 3534 igitur,
930 3455 967 3512 ut
992 3446 1124 3514 redeam.
1144 3446 1229 3514 unde
1249 3447 1372 3535 digres-

178 3573 234 3618 sus
254 3573 349 3630 ειιιιι,
371 3555 475 3637 κονίζοο
492 3554 584 3621 nihili
599 3564 668 3634 est,
695 3562 815 3620 temere
838 3552 949 3620 lictum
974 3573 992 3620 e
1015 3555 1138 3636 κονίςρα
1151 3562 1182 3620 et
1195 3553 1372 3633 similibus,

178 3679 282 3747 neque
314 3659 394 3726 alios
425 3669 523 3728 testes
553 3659 648 3728 babet
681 3680 777 3748 quam
809 3659 920 3726 futiles
957 3659 1182 3726 Grammaticos
1212 3661 1372 3746 sequioris

177 3768 311 3832 aetatis=
338 3775 371 3832 at
396 3768 467 3833 istis
492 3766 618 3834 scribae
642 3766 866 3852 obtemperant
890 3773 920 3832 et
947 3766 978 3830 iu
1002 3765 1121 3832 Hourrr
1140 3764 1306 3831 codicibus
1325 3789 1372 3832 κο·

175 3872 328 3950 νίσσονσι,
353 3872 507 3950 indolere,
531 3871 665 3943 κεκόνιςο
686 3872 764 3954 etun
786 3872 860 3939 hino
874 3870 1084 3937 inoleverunt.
1110 3871 1192 3939 Hinc
1205 3873 1231 3937 si
1245 3871 1373 3959 quando

175 3977 365 4058 κεκονιμένος
399 3978 574 4066 apparebat
602 3979 809 4058 κεκονιαμένος
844 3978 915 4045 eius
939 3977 1042 4043 locum
1069 3979 1255 4065 occupavit,
1280 3986 1315 4044 ut
1339 3977 1372 4044 in

176 4089 400 4152 darsrorurrus
422 4085 598 4152 Ecclesiae.
621 4091 697 4152 291.
723 4084 1006 4169 laurenrentium,
1031 4083 1085 4149 ubi
1109 4083 1289 4160 Rauennae,
1316 4085 1372 4172 qui

175 4209 270 4277 saepe
295 4190 397 4257 bonas
420 4191 575 4260 lectiones
604 4201 711 4259 servat
740 4191 847 4269 solus,
873 4210 947 4256 cum
973 4189 1149 4256 deterrimo
1174 4210 1300 4277 quoque
1323 4215 1372 4258 ne·

176 4297 350 4376 αονισμένοο
382 4297 509 4364 obtulit.
558 4299 653 4366 Plura
677 4296 801 4364 dabunt
827 4297 1026 4364 llurrrrtrnus
1049 4303 1082 4362 et
1106 4316 1180 4362 cum
1206 4297 1374 4364 Dtnucurrc

176 4403 374 4483 Sraooauus,
410 4404 494 4472 unde
524 4404 601 4473 baec
635 4403 852 4472 stabiliantur.
900 4402 988 4486 Quod
1020 4423 1039 4471 e
1069 4403 1202 4470 Patrona
1233 4401 1374 4488 afferunt

176 4509 352 4590 μίλλονσαι
382 4514 543 4580 κονιεῖσίαι
571 4511 699 4598 corrige
722 4511 890 4588 κονίεσθαι,
915 4509 1001 4597 quod
1026 4507 1143 4578 melius
1166 4508 1373 4576 ὑσοκονίεσίαι

1159 4619 1174 4663 o
