<?xml version="1.0" encoding="UTF-8"?>
<!DOCTYPE html PUBLIC "-//W3C//DTD XHTML 1.0 Transitional//EN"
    "http://www.w3.org/TR/xhtml1/DTD/xhtml1-transitional.dtd">
<html xmlns="http://www.w3.org/1999/xhtml" xml:lang="en" lang="en">
 <head>
  <title>
</title>
<meta http-equiv="Content-Type" content="text/html;charset=utf-8" />
  <meta name='ocr-system' content='tesseract 3.04.00' />
  <meta name='ocr-capabilities' content='ocr_page ocr_carea ocr_par ocr_line ocrx_word'/>
</head>
<body>
  <div class='ocr_page' id='page_1' title='image "./variaelectiones04cobegoog_0112.png"; bbox 0 0 3150 4972; ppageno 0'>
   <div class='ocr_carea' id='block_1_1' title="bbox 716 379 759 452">
    <p class='ocr_par' dir='ltr' id='par_1_1' title="bbox 716 379 759 452">
     <span class='ocr_line' id='line_1_1' title="bbox 716 379 759 452; baseline -0.093 0"><span class='ocrx_word' id='word_1_1' title='bbox 716 379 759 452; x_wconf 84' lang='lat'><strong>71</strong></span> 
     </span>
    </p>
   </div>
   <div class='ocr_carea' id='block_1_2' title="bbox 150 569 1345 4577">
    <p class='ocr_par' dir='ltr' id='par_1_2' title="bbox 152 569 1345 1073">
     <span class='ocr_line' id='line_1_2' title="bbox 156 569 1344 659; baseline 0.005 -25"><span class='ocrx_word' id='word_1_2' title='bbox 156 569 220 636; x_wconf 82' lang='lat' dir='ltr'><strong>iiat.</strong></span> <span class='ocrx_word' id='word_1_3' title='bbox 266 571 386 659; x_wconf 83' lang='lat' dir='ltr'><strong>Nempe</strong></span> <span class='ocrx_word' id='word_1_4' title='bbox 410 583 487 641; x_wconf 87' lang='lat' dir='ltr'><strong>sunt</strong></span> <span class='ocrx_word' id='word_1_5' title='bbox 512 572 589 639; x_wconf 83' lang='lat' dir='ltr'><strong>hacc</strong></span> <span class='ocrx_word' id='word_1_6' title='bbox 619 571 822 648; x_wconf 83' lang='lat' dir='ltr'><strong>communia,</strong></span> <span class='ocrx_word' id='word_1_7' title='bbox 847 581 1034 642; x_wconf 76' lang='lat' dir='ltr'><strong>constanter</strong></span> <span class='ocrx_word' id='word_1_8' title='bbox 1058 579 1197 642; x_wconf 88' lang='lat' dir='ltr'><strong>utuntur</strong></span> <span class='ocrx_word' id='word_1_9' title='bbox 1221 582 1344 641; x_wconf 85' lang='lat' dir='ltr'><strong>veteres</strong></span> 
     </span>
     <span class='ocr_line' id='line_1_3' title="bbox 153 675 1344 766; baseline 0.004 -25"><span class='ocrx_word' id='word_1_10' title='bbox 153 675 254 742; x_wconf 80' lang='lat' dir='ltr'><strong>icrnra</strong></span> <span class='ocrx_word' id='word_1_11' title='bbox 278 677 407 759; x_wconf 83' lang='lat' dir='ltr'><strong>eedem,</strong></span> <span class='ocrx_word' id='word_1_12' title='bbox 431 680 508 766; x_wconf 81' lang='lat' dir='ltr'><strong>quia</strong></span> <span class='ocrx_word' id='word_1_13' title='bbox 534 699 595 743; x_wconf 89' lang='lat' dir='ltr'><strong>non</strong></span> <span class='ocrx_word' id='word_1_14' title='bbox 621 686 670 743; x_wconf 88' lang='lat' dir='ltr'><strong>est</strong></span> <span class='ocrx_word' id='word_1_15' title='bbox 699 675 776 750; x_wconf 82' lang='lat' dir='ltr'><strong>atta,</strong></span> <span class='ocrx_word' id='word_1_16' title='bbox 801 684 832 743; x_wconf 85' lang='lat' dir='ltr'><strong>et</strong></span> <span class='ocrx_word' id='word_1_17' title='bbox 857 679 960 745; x_wconf 80' lang='lat' dir='ltr'>sicubi</span> <span class='ocrx_word' id='word_1_18' title='bbox 985 687 1096 747; x_wconf 82' lang='lat' dir='ltr'><strong>contra</strong></span> <span class='ocrx_word' id='word_1_19' title='bbox 1127 679 1205 745; x_wconf 81' lang='lat' dir='ltr'><strong>haec</strong></span> <span class='ocrx_word' id='word_1_20' title='bbox 1230 699 1344 766; x_wconf 88' lang='lat' dir='ltr'><strong>pecca·</strong></span> 
     </span>
     <span class='ocr_line' id='line_1_4' title="bbox 153 782 1345 874; baseline 0.004 -28"><span class='ocrx_word' id='word_1_21' title='bbox 153 791 207 847; x_wconf 87' lang='lat' dir='ltr'><strong>tur</strong></span> <span class='ocrx_word' id='word_1_22' title='bbox 230 782 410 852; x_wconf 82' lang='lat' dir='ltr'><strong>scribarum</strong></span> <span class='ocrx_word' id='word_1_23' title='bbox 437 787 514 851; x_wconf 80' lang='lat' dir='ltr'><strong>vitia</strong></span> <span class='ocrx_word' id='word_1_24' title='bbox 538 794 570 851; x_wconf 89' lang='lat' dir='ltr'><strong>et</strong></span> <span class='ocrx_word' id='word_1_25' title='bbox 594 803 720 850; x_wconf 87' lang='lat' dir='ltr'><strong>errores</strong></span> <span class='ocrx_word' id='word_1_26' title='bbox 745 792 901 850; x_wconf 84' lang='lat' dir='ltr'><strong>tenemus.</strong></span> <span class='ocrx_word' id='word_1_27' title='bbox 950 785 1016 851; x_wconf 89' lang='lat' dir='ltr'><strong>Non</strong></span> <span class='ocrx_word' id='word_1_28' title='bbox 1047 786 1150 874; x_wconf 88' lang='lat' dir='ltr'><strong>potuit</strong></span> <span class='ocrx_word' id='word_1_29' title='bbox 1175 785 1345 852; x_wconf 77' lang='lat' dir='ltr'><strong>Sccuouues</strong></span> 
     </span>
     <span class='ocr_line' id='line_1_5' title="bbox 152 887 871 977; baseline 0.003 -25"><span class='ocrx_word' id='word_1_30' title='bbox 152 888 184 952; x_wconf 91' lang='lat' dir='ltr'><strong>in</strong></span> <span class='ocrx_word' id='word_1_31' title='bbox 211 887 327 977; x_wconf 80' lang='lat' dir='ltr'><strong>Oedipo</strong></span> <span class='ocrx_word' id='word_1_32' title='bbox 352 891 481 958; x_wconf 80' lang='lat' dir='ltr'><strong>Cotoneo</strong></span> <span class='ocrx_word' id='word_1_33' title='bbox 508 912 557 958; x_wconf 82' lang='lat' dir='ltr'><strong>vs.</strong></span> <span class='ocrx_word' id='word_1_34' title='bbox 589 893 684 957; x_wconf 86' lang='grc'><strong>1676.</strong></span> <span class='ocrx_word' id='word_1_35' title='bbox 711 888 871 956; x_wconf 81' lang='lat' dir='ltr'><strong>scribere:</strong></span> 
     </span>
     <span class='ocr_line' id='line_1_6' title="bbox 423 993 778 1073; baseline -0.011 -10"><span class='ocrx_word' id='word_1_36' title='bbox 423 997 519 1063; x_wconf 76' lang='grc' dir='ltr'><strong><em>ἰδόντε</em></strong></span> <span class='ocrx_word' id='word_1_37' title='bbox 543 995 594 1062; x_wconf 72' lang='lat' dir='ltr'><strong>xci</strong></span> <span class='ocrx_word' id='word_1_38' title='bbox 621 993 778 1073; x_wconf 83' lang='grc' dir='ltr'><strong><em>τοιόοόσοι,</em></strong></span> 
     </span>
    </p>

    <p class='ocr_par' dir='ltr' id='par_1_3' title="bbox 151 1099 1344 1696">
     <span class='ocr_line' id='line_1_7' title="bbox 152 1099 1344 1187; baseline 0.003 -23"><span class='ocrx_word' id='word_1_39' title='bbox 152 1099 204 1165; x_wconf 84' lang='lat' dir='ltr'><strong>sed</strong></span> <span class='ocrx_word' id='word_1_40' title='bbox 230 1101 286 1187; x_wconf 88' lang='lat' dir='ltr'><strong>qui</strong></span> <span class='ocrx_word' id='word_1_41' title='bbox 311 1102 343 1167; x_wconf 88' lang='lat' dir='ltr'><strong>in</strong></span> <span class='ocrx_word' id='word_1_42' title='bbox 368 1102 497 1169; x_wconf 82' lang='lat' dir='ltr'><strong>Houruc</strong></span> <span class='ocrx_word' id='word_1_43' title='bbox 517 1110 630 1168; x_wconf 85' lang='lat' dir='ltr'><strong>contra</strong></span> <span class='ocrx_word' id='word_1_44' title='bbox 656 1110 796 1168; x_wconf 84' lang='lat' dir='ltr'><strong>metrum</strong></span> <span class='ocrx_word' id='word_1_45' title='bbox 813 1102 975 1182; x_wconf 72' lang='grc' dir='ltr'><strong><em>τλνγεόσοι</em></strong></span> <span class='ocrx_word' id='word_1_46' title='bbox 997 1105 1130 1187; x_wconf 78' lang='grc' dir='ltr'><strong><em>κεροιυνῷ</em></strong></span> <span class='ocrx_word' id='word_1_47' title='bbox 1151 1103 1344 1170; x_wconf 84' lang='lat' dir='ltr'><strong>invexerunt</strong></span> 
     </span>
     <span class='ocr_line' id='line_1_8' title="bbox 153 1204 1343 1296; baseline 0.004 -27"><span class='ocrx_word' id='word_1_48' title='bbox 153 1204 280 1272; x_wconf 74' lang='lat' dir='ltr'><strong>facilius</strong></span> <span class='ocrx_word' id='word_1_49' title='bbox 303 1209 401 1273; x_wconf 84' lang='lat' dir='ltr'><strong>etium</strong></span> <span class='ocrx_word' id='word_1_50' title='bbox 435 1207 568 1275; x_wconf 75' lang='grc' dir='ltr'><strong><em>τυόόντε</em></strong></span> <span class='ocrx_word' id='word_1_51' title='bbox 597 1215 773 1293; x_wconf 81' lang='lat' dir='ltr'><strong>potuerunt</strong></span> <span class='ocrx_word' id='word_1_52' title='bbox 797 1205 864 1272; x_wconf 87' lang='lat' dir='ltr'><strong>icco</strong></span> <span class='ocrx_word' id='word_1_53' title='bbox 889 1207 1046 1286; x_wconf 85' lang='lat' dir='ltr'><strong>deiicere,</strong></span> <span class='ocrx_word' id='word_1_54' title='bbox 1072 1209 1268 1296; x_wconf 84' lang='lat' dir='ltr'><strong>ubicumque</strong></span> <span class='ocrx_word' id='word_1_55' title='bbox 1288 1228 1343 1274; x_wconf 79' lang='lat' dir='ltr'><strong>au-</strong></span> 
     </span>
     <span class='ocr_line' id='line_1_9' title="bbox 152 1312 1342 1402; baseline 0.004 -27"><span class='ocrx_word' id='word_1_56' title='bbox 152 1319 215 1376; x_wconf 86' lang='lat' dir='ltr'><strong>tern</strong></span> <span class='ocrx_word' id='word_1_57' title='bbox 240 1312 304 1390; x_wconf 79' lang='grc' dir='ltr'><strong>τοὶ,</strong></span> <span class='ocrx_word' id='word_1_58' title='bbox 329 1322 401 1380; x_wconf 81' lang='grc' dir='ltr'><strong><em>τοῖν</em></strong></span> <span class='ocrx_word' id='word_1_59' title='bbox 424 1323 485 1381; x_wconf 87' lang='lat' dir='ltr'><strong>eet.</strong></span> <span class='ocrx_word' id='word_1_60' title='bbox 511 1312 632 1400; x_wconf 83' lang='lat' dir='ltr'><strong>legitur</strong></span> <span class='ocrx_word' id='word_1_61' title='bbox 654 1313 698 1402; x_wconf 85' lang='lat' dir='ltr'><strong>(et</strong></span> <span class='ocrx_word' id='word_1_62' title='bbox 720 1313 859 1398; x_wconf 85' lang='lat' dir='ltr'><strong>optimos</strong></span> <span class='ocrx_word' id='word_1_63' title='bbox 879 1315 1052 1401; x_wconf 76' lang='lat' dir='ltr'><strong>scriptores</strong></span> <span class='ocrx_word' id='word_1_64' title='bbox 1067 1335 1103 1381; x_wconf 80' lang='lat' dir='ltr'><strong>cs</strong></span> <span class='ocrx_word' id='word_1_65' title='bbox 1124 1314 1210 1380; x_wconf 80' lang='lat' dir='ltr'><strong>iubes</strong></span> <span class='ocrx_word' id='word_1_66' title='bbox 1223 1314 1342 1401; x_wconf 82' lang='lat' dir='ltr'><strong>passim</strong></span> 
     </span>
     <span class='ocr_line' id='line_1_10' title="bbox 151 1415 1344 1506; baseline 0.003 -26"><span class='ocrx_word' id='word_1_67' title='bbox 151 1415 267 1506; x_wconf 85' lang='lat' dir='ltr'><strong>inficit)</strong></span> <span class='ocrx_word' id='word_1_68' title='bbox 295 1419 493 1486; x_wconf 78' lang='lat' dir='ltr'><strong>restituenda</strong></span> <span class='ocrx_word' id='word_1_69' title='bbox 518 1417 690 1506; x_wconf 82' lang='lat' dir='ltr'><strong>aliquando</strong></span> <span class='ocrx_word' id='word_1_70' title='bbox 714 1428 811 1485; x_wconf 87' lang='lat' dir='ltr'><strong>crunt</strong></span> <span class='ocrx_word' id='word_1_71' title='bbox 835 1419 967 1499; x_wconf 74' lang='lat' dir='ltr'><strong>Atticis,</strong></span> <span class='ocrx_word' id='word_1_72' title='bbox 993 1419 1111 1506; x_wconf 86' lang='lat' dir='ltr'><strong>quibus</strong></span> <span class='ocrx_word' id='word_1_73' title='bbox 1132 1419 1208 1486; x_wconf 84' lang='lat' dir='ltr'><strong>sciis</strong></span> <span class='ocrx_word' id='word_1_74' title='bbox 1228 1421 1276 1486; x_wconf 89' lang='lat' dir='ltr'><strong>uti</strong></span> <span class='ocrx_word' id='word_1_75' title='bbox 1290 1440 1344 1506; x_wconf 87' lang='lat' dir='ltr'><strong>pc-</strong></span> 
     </span>
     <span class='ocr_line' id='line_1_11' title="bbox 153 1523 1344 1613; baseline 0.004 -26"><span class='ocrx_word' id='word_1_76' title='bbox 153 1524 252 1590; x_wconf 85' lang='lat' dir='ltr'><strong>tuisse</strong></span> <span class='ocrx_word' id='word_1_77' title='bbox 278 1524 406 1592; x_wconf 79' lang='lat' dir='ltr'><strong>tandem</strong></span> <span class='ocrx_word' id='word_1_78' title='bbox 432 1535 574 1605; x_wconf 85' lang='lat' dir='ltr'><strong>constet,</strong></span> <span class='ocrx_word' id='word_1_79' title='bbox 600 1525 688 1592; x_wconf 90' lang='lat' dir='ltr'><strong>etin</strong></span> <span class='ocrx_word' id='word_1_80' title='bbox 712 1523 893 1612; x_wconf 77' lang='lat' dir='ltr'><strong>fragmento</strong></span> <span class='ocrx_word' id='word_1_81' title='bbox 921 1525 1086 1592; x_wconf 84' lang='lat' dir='ltr'><strong>Scruccus</strong></span> <span class='ocrx_word' id='word_1_82' title='bbox 1105 1523 1190 1613; x_wconf 86' lang='lat' dir='ltr'><strong>apud</strong></span> <span class='ocrx_word' id='word_1_83' title='bbox 1211 1526 1344 1592; x_wconf 74' lang='lat' dir='ltr'><strong>[runcu-</strong></span> 
     </span>
     <span class='ocr_line' id='line_1_12' title="bbox 153 1633 337 1696; baseline 0.027 -4"><span class='ocrx_word' id='word_1_84' title='bbox 153 1647 224 1694; x_wconf 82' lang='grc' dir='ltr'><strong><em>ιιιιιι</em></strong></span> <span class='ocrx_word' id='word_1_85' title='bbox 253 1633 337 1696; x_wconf 81' lang='lat'>761:</span> 
     </span>
    </p>

    <p class='ocr_par' dir='ltr' id='par_1_4' title="bbox 152 1733 999 1926">
     <span class='ocr_line' id='line_1_13' title="bbox 378 1733 998 1819; baseline 0 -15"><span class='ocrx_word' id='word_1_86' title='bbox 378 1733 523 1814; x_wconf 78' lang='grc' dir='ltr'><strong><em>ἐδοξοότιιν</em></strong></span> <span class='ocrx_word' id='word_1_87' title='bbox 544 1762 597 1818; x_wconf 91' lang='grc' dir='ltr'><strong>μοι</strong></span> <span class='ocrx_word' id='word_1_88' title='bbox 620 1738 662 1804; x_wconf 77' lang='grc' dir='ltr'><strong>τόι</strong></span> <span class='ocrx_word' id='word_1_89' title='bbox 689 1737 734 1805; x_wconf 85' lang='grc' dir='ltr'><strong>δύ’</strong></span> <span class='ocrx_word' id='word_1_90' title='bbox 758 1737 867 1819; x_wconf 73' lang='grc' dir='ltr'><strong><em>ἦτεόροι</em></strong></span> <span class='ocrx_word' id='word_1_91' title='bbox 890 1745 998 1817; x_wconf 77' lang='grc' dir='ltr'><strong><em>μολεῖν</em></strong></span> 
     </span>
     <span class='ocr_line' id='line_1_14' title="bbox 152 1841 999 1926; baseline 0.002 -18"><span class='ocrx_word' id='word_1_92' title='bbox 152 1842 390 1911; x_wconf 84' lang='lat' dir='ltr'><strong>restituendum</strong></span> <span class='ocrx_word' id='word_1_93' title='bbox 415 1846 456 1910; x_wconf 73' lang='grc' dir='ltr'><strong>τῖε</strong></span> <span class='ocrx_word' id='word_1_94' title='bbox 476 1844 522 1910; x_wconf 84' lang='grc' dir='ltr'><strong>δύ’</strong></span> <span class='ocrx_word' id='word_1_95' title='bbox 542 1843 652 1926; x_wconf 73' lang='grc' dir='ltr'><strong><em>ἦτεέρυ</em></strong></span> <span class='ocrx_word' id='word_1_96' title='bbox 678 1851 709 1909; x_wconf 87' lang='lat' dir='ltr'><strong>ct</strong></span> <span class='ocrx_word' id='word_1_97' title='bbox 734 1843 887 1909; x_wconf 87' lang='lat' dir='ltr'><strong>similiter</strong></span> <span class='ocrx_word' id='word_1_98' title='bbox 911 1841 999 1910; x_wconf 82' lang='lat' dir='ltr'><strong>alibi.</strong></span> 
     </span>
    </p>

    <p class='ocr_par' dir='ltr' id='par_1_5' title="bbox 150 1943 1343 2567">
     <span class='ocr_line' id='line_1_15' title="bbox 196 1943 1342 2036; baseline -0.003 -20"><span class='ocrx_word' id='word_1_99' title='bbox 196 1949 368 2017; x_wconf 76' lang='lat' dir='ltr'><strong>incudem</strong></span> <span class='ocrx_word' id='word_1_100' title='bbox 394 1949 495 2036; x_wconf 77' lang='lat' dir='ltr'><strong>Epist.</strong></span> <span class='ocrx_word' id='word_1_101' title='bbox 520 1954 574 2016; x_wconf 71' lang='lat'><strong>62.</strong></span> <span class='ocrx_word' id='word_1_102' title='bbox 608 1952 678 2035; x_wconf 63' lang='lat'><strong>§2</strong></span> <span class='ocrx_word' id='word_1_103' title='bbox 710 1947 831 2034; x_wconf 80' lang='lat' dir='ltr'><strong>legitur</strong></span> <span class='ocrx_word' id='word_1_104' title='bbox 855 1943 921 2014; x_wconf 84' lang='grc' dir='ltr'><strong><em>όσον</em></strong></span> <span class='ocrx_word' id='word_1_105' title='bbox 944 1949 998 2015; x_wconf 78' lang='grc' dir='ltr'><strong>οὐκ</strong></span> <span class='ocrx_word' id='word_1_106' title='bbox 1021 1950 1064 2023; x_wconf 77' lang='grc' dir='ltr'><strong>εἷς</strong></span> <span class='ocrx_word' id='word_1_107' title='bbox 1087 1945 1233 2030; x_wconf 82' lang='grc' dir='ltr'><strong><em>μοικροόνι</em></strong></span> <span class='ocrx_word' id='word_1_108' title='bbox 1260 1946 1342 2014; x_wconf 75' lang='lat' dir='ltr'><strong>Arti-</strong></span> 
     </span>
     <span class='ocr_line' id='line_1_16' title="bbox 150 2050 1343 2138; baseline -0.004 -14"><span class='ocrx_word' id='word_1_109' title='bbox 150 2078 256 2124; x_wconf 86' lang='lat' dir='ltr'><strong>rcrum</strong></span> <span class='ocrx_word' id='word_1_110' title='bbox 275 2064 325 2122; x_wconf 86' lang='lat' dir='ltr'><strong>est</strong></span> <span class='ocrx_word' id='word_1_111' title='bbox 346 2052 414 2122; x_wconf 73' lang='grc' dir='ltr'><strong><em>ὅσον</em></strong></span> <span class='ocrx_word' id='word_1_112' title='bbox 432 2056 514 2122; x_wconf 82' lang='grc' dir='ltr'><strong><em>οὕτω</em></strong></span> <span class='ocrx_word' id='word_1_113' title='bbox 532 2055 580 2122; x_wconf 85' lang='lat' dir='ltr'><strong>vel</strong></span> <span class='ocrx_word' id='word_1_114' title='bbox 601 2057 656 2120; x_wconf 83' lang='grc' dir='ltr'><strong>οὐκ</strong></span> <span class='ocrx_word' id='word_1_115' title='bbox 675 2055 718 2126; x_wconf 77' lang='grc' dir='ltr'><strong>εἷς</strong></span> <span class='ocrx_word' id='word_1_116' title='bbox 737 2052 871 2137; x_wconf 61' lang='lat' dir='ltr'><strong>perpetu.</strong></span> <span class='ocrx_word' id='word_1_117' title='bbox 909 2069 926 2138; x_wconf 62' lang='lat' dir='ltr'><strong>p</strong></span> <span class='ocrx_word' id='word_1_118' title='bbox 950 2061 979 2122; x_wconf 82' lang='lat'><strong>4.</strong></span> <span class='ocrx_word' id='word_1_119' title='bbox 1000 2052 1071 2123; x_wconf 78' lang='grc' dir='ltr'><strong><em>οἷδοι</em></strong></span> <span class='ocrx_word' id='word_1_120' title='bbox 1091 2055 1154 2136; x_wconf 67' lang='lat' dir='ltr'><strong>reip</strong></span> <span class='ocrx_word' id='word_1_121' title='bbox 1175 2050 1248 2121; x_wconf 75' lang='grc' dir='ltr'><strong><em>οἶδε</em></strong></span> <span class='ocrx_word' id='word_1_122' title='bbox 1274 2052 1343 2138; x_wconf 81' lang='lat' dir='ltr'><strong>lege</strong></span> 
     </span>
     <span class='ocr_line' id='line_1_17' title="bbox 150 2157 1343 2247; baseline -0.004 -18"><span class='ocrx_word' id='word_1_123' title='bbox 150 2157 217 2229; x_wconf 75' lang='grc' dir='ltr'><strong><em>οἶδε</em></strong></span> <span class='ocrx_word' id='word_1_124' title='bbox 240 2163 305 2243; x_wconf 66' lang='lat' dir='ltr'><strong>reip</strong></span> <span class='ocrx_word' id='word_1_125' title='bbox 325 2157 383 2229; x_wconf 83' lang='grc' dir='ltr'><strong><em>ότι.</em></strong></span> <span class='ocrx_word' id='word_1_126' title='bbox 403 2200 447 2211; x_wconf 89' lang='grc'>-</span> <span class='ocrx_word' id='word_1_127' title='bbox 466 2162 656 2238; x_wconf 75' lang='grc' dir='ltr'><strong><em>δεδήσοντοιιε</em></strong></span> <span class='ocrx_word' id='word_1_128' title='bbox 681 2159 713 2227; x_wconf 90' lang='lat' dir='ltr'><strong>id</strong></span> <span class='ocrx_word' id='word_1_129' title='bbox 738 2169 787 2228; x_wconf 86' lang='lat' dir='ltr'><strong>est</strong></span> <span class='ocrx_word' id='word_1_130' title='bbox 813 2159 971 2239; x_wconf 70' lang='grc' dir='ltr'><strong><em>δεδεμέναι</em></strong></span> <span class='ocrx_word' id='word_1_131' title='bbox 1002 2159 1140 2239; x_wconf 86' lang='grc' dir='ltr'><strong><em>ἐσουτιυ,</em></strong></span> <span class='ocrx_word' id='word_1_132' title='bbox 1164 2160 1343 2247; x_wconf 77' lang='lat' dir='ltr'><strong>requiritur</strong></span> 
     </span>
     <span class='ocr_line' id='line_1_18' title="bbox 150 2264 1343 2350; baseline -0.002 -16"><span class='ocrx_word' id='word_1_133' title='bbox 150 2270 337 2346; x_wconf 76' lang='grc' dir='ltr'><strong><em>δεόιὶσοντοιι.</em></strong></span> <span class='ocrx_word' id='word_1_134' title='bbox 351 2307 395 2318; x_wconf 87' lang='grc'><strong><em>-</em></strong></span> <span class='ocrx_word' id='word_1_135' title='bbox 407 2267 567 2350; x_wconf 77' lang='grc' dir='ltr'><strong><em>όοιφοόνοιςι</em></strong></span> <span class='ocrx_word' id='word_1_136' title='bbox 591 2266 686 2333; x_wconf 77' lang='lat' dir='ltr'><strong>Attici</strong></span> <span class='ocrx_word' id='word_1_137' title='bbox 705 2269 881 2348; x_wconf 71' lang='grc' dir='ltr'><strong><em>ῥαφανῖσιν.</em></strong></span> <span class='ocrx_word' id='word_1_138' title='bbox 894 2305 939 2316; x_wconf 91' lang='lat'><em>-</em></span> <span class='ocrx_word' id='word_1_139' title='bbox 950 2269 1185 2349; x_wconf 74' lang='grc' dir='ltr'><strong><em>μοιλοιιιώτεροςι</em></strong></span> <span class='ocrx_word' id='word_1_140' title='bbox 1207 2264 1343 2334; x_wconf 78' lang='lat' dir='ltr'><strong>emenda</strong></span> 
     </span>
     <span class='ocr_line' id='line_1_19' title="bbox 151 2371 1342 2459; baseline -0.008 -13"><span class='ocrx_word' id='word_1_141' title='bbox 151 2379 397 2457; x_wconf 81' lang='grc' dir='ltr'><strong><em>βλοοκιιοιότερος,</em></strong></span> <span class='ocrx_word' id='word_1_142' title='bbox 419 2371 489 2439; x_wconf 87' lang='lat' dir='ltr'><strong>coll.</strong></span> <span class='ocrx_word' id='word_1_143' title='bbox 512 2372 632 2439; x_wconf 81' lang='lat' dir='ltr'><strong>Ruuuu.</strong></span> <span class='ocrx_word' id='word_1_144' title='bbox 660 2371 697 2438; x_wconf 78' lang='lat' dir='ltr'><strong>ud</strong></span> <span class='ocrx_word' id='word_1_145' title='bbox 724 2372 793 2438; x_wconf 82' lang='grc' dir='ltr'><strong><em>Τιιι.</em></strong></span> <span class='ocrx_word' id='word_1_146' title='bbox 824 2393 852 2459; x_wconf 90' lang='lat' dir='ltr'><strong>p.</strong></span> <span class='ocrx_word' id='word_1_147' title='bbox 875 2377 930 2440; x_wconf 89' lang='grc'><strong>61.</strong></span> <span class='ocrx_word' id='word_1_148' title='bbox 963 2409 1002 2422; x_wconf 87' lang='lat'><em>-</em></span> <span class='ocrx_word' id='word_1_149' title='bbox 1031 2371 1142 2455; x_wconf 78' lang='grc' dir='ltr'><strong><em>οὶόψουε</em></strong></span> <span class='ocrx_word' id='word_1_150' title='bbox 1165 2378 1222 2447; x_wconf 69' lang='grc' dir='ltr'><strong>τῆς</strong></span> <span class='ocrx_word' id='word_1_151' title='bbox 1245 2395 1342 2452; x_wconf 84' lang='grc' dir='ltr'><strong><em>τιμω-</em></strong></span> 
     </span>
     <span class='ocr_line' id='line_1_20' title="bbox 153 2478 915 2567; baseline -0.003 -18"><span class='ocrx_word' id='word_1_152' title='bbox 153 2485 217 2564; x_wconf 80' lang='grc' dir='ltr'><strong><em>ρίοις</em></strong></span> <span class='ocrx_word' id='word_1_153' title='bbox 241 2486 344 2567; x_wconf 74' lang='grc' dir='ltr'><strong><em>ἠφίειν</em></strong></span> <span class='ocrx_word' id='word_1_154' title='bbox 371 2489 427 2557; x_wconf 76' lang='grc' dir='ltr'><strong>τῆς</strong></span> <span class='ocrx_word' id='word_1_155' title='bbox 450 2479 597 2559; x_wconf 82' lang='grc' dir='ltr'><strong><em>τιμυρόοις</em></strong></span> <span class='ocrx_word' id='word_1_156' title='bbox 621 2478 737 2544; x_wconf 83' lang='lat' dir='ltr'><strong>omissa</strong></span> <span class='ocrx_word' id='word_1_157' title='bbox 762 2480 915 2564; x_wconf 83' lang='lat' dir='ltr'><strong>oportuit.</strong></span> 
     </span>
    </p>

    <p class='ocr_par' dir='ltr' id='par_1_6' title="bbox 154 2581 1342 2776">
     <span class='ocr_line' id='line_1_21' title="bbox 198 2581 1342 2676; baseline -0.007 -21"><span class='ocrx_word' id='word_1_158' title='bbox 198 2589 299 2676; x_wconf 84' lang='lat' dir='ltr'><strong>Epist.</strong></span> <span class='ocrx_word' id='word_1_159' title='bbox 325 2593 381 2655; x_wconf 75' lang='grc'><strong>66.</strong></span> <span class='ocrx_word' id='word_1_160' title='bbox 409 2590 480 2673; x_wconf 71' lang='lat'><strong>52.</strong></span> <span class='ocrx_word' id='word_1_161' title='bbox 503 2592 595 2664; x_wconf 72' lang='grc' dir='ltr'><strong><em>σιρῶε</em></strong></span> <span class='ocrx_word' id='word_1_162' title='bbox 620 2586 746 2671; x_wconf 78' lang='lat' dir='ltr'><strong>corrige</strong></span> <span class='ocrx_word' id='word_1_163' title='bbox 771 2589 875 2664; x_wconf 73' lang='grc' dir='ltr'><strong><em>σιγᾶν.</em></strong></span> <span class='ocrx_word' id='word_1_164' title='bbox 899 2583 1079 2652; x_wconf 84' lang='grc' dir='ltr'><strong><em>-ιιόλοικο</em></strong></span> <span class='ocrx_word' id='word_1_165' title='bbox 1098 2585 1151 2652; x_wconf 77' lang='lat' dir='ltr'><strong>xci</strong></span> <span class='ocrx_word' id='word_1_166' title='bbox 1172 2581 1342 2667; x_wconf 82' lang='grc' dir='ltr'><strong><em>τορόσιτον</em></strong></span> 
     </span>
     <span class='ocr_line' id='line_1_22' title="bbox 154 2691 877 2776; baseline -0.003 -16"><span class='ocrx_word' id='word_1_167' title='bbox 154 2693 398 2776; x_wconf 74' lang='grc' dir='ltr'><strong><em>ἐξονειδίζουσοιιι</em></strong></span> <span class='ocrx_word' id='word_1_168' title='bbox 427 2691 627 2757; x_wconf 73' lang='lat' dir='ltr'><strong>Athenienses</strong></span> <span class='ocrx_word' id='word_1_169' title='bbox 650 2692 877 2758; x_wconf 79' lang='grc' dir='ltr'><strong><em>οὶτοκοιλοῦσοιι.</em></strong></span> 
     </span>
    </p>

    <p class='ocr_par' dir='ltr' id='par_1_7' title="bbox 153 2794 1341 3946">
     <span class='ocr_line' id='line_1_23' title="bbox 196 2794 1339 2888; baseline -0.008 -20"><span class='ocrx_word' id='word_1_170' title='bbox 196 2801 298 2888; x_wconf 79' lang='lat' dir='ltr'><strong>Epist.</strong></span> <span class='ocrx_word' id='word_1_171' title='bbox 322 2804 378 2867; x_wconf 75' lang='lat'><strong>64.</strong></span> <span class='ocrx_word' id='word_1_172' title='bbox 411 2797 613 2870; x_wconf 63' lang='lat' dir='ltr'><strong>servituris</strong></span> <span class='ocrx_word' id='word_1_173' title='bbox 642 2796 817 2880; x_wconf 76' lang='grc' dir='ltr'><strong><em>Φιλοσόφου</em></strong></span> <span class='ocrx_word' id='word_1_174' title='bbox 846 2800 960 2882; x_wconf 76' lang='grc' dir='ltr'><strong><em>φοιτᾶν</em></strong></span> <span class='ocrx_word' id='word_1_175' title='bbox 991 2796 1163 2879; x_wconf 79' lang='grc' dir='ltr'><strong><em>ἐτέτρεψει</em></strong></span> <span class='ocrx_word' id='word_1_176' title='bbox 1190 2794 1339 2876; x_wconf 81' lang='grc' dir='ltr'><strong><em>ἐτέτρεψε</em></strong></span> 
     </span>
     <span class='ocr_line' id='line_1_24' title="bbox 155 2899 1341 2987; baseline -0.003 -17"><span class='ocrx_word' id='word_1_177' title='bbox 155 2907 231 2972; x_wconf 86' lang='lat' dir='ltr'><strong>nibil</strong></span> <span class='ocrx_word' id='word_1_178' title='bbox 255 2915 321 2982; x_wconf 87' lang='lat' dir='ltr'><strong>est,</strong></span> <span class='ocrx_word' id='word_1_179' title='bbox 347 2904 427 2970; x_wconf 80' lang='lat' dir='ltr'><strong>solet</strong></span> <span class='ocrx_word' id='word_1_180' title='bbox 451 2905 622 2982; x_wconf 75' lang='lat' dir='ltr'><strong>Aucrruuou</strong></span> <span class='ocrx_word' id='word_1_181' title='bbox 645 2901 828 2984; x_wconf 81' lang='grc' dir='ltr'><strong><em>προῦτρεψε.</em></strong></span> <span class='ocrx_word' id='word_1_182' title='bbox 871 2907 943 2987; x_wconf 74' lang='lat'><strong>52.</strong></span> <span class='ocrx_word' id='word_1_183' title='bbox 975 2905 1008 2970; x_wconf 81' lang='lat' dir='ltr'><strong>ori</strong></span> <span class='ocrx_word' id='word_1_184' title='bbox 1039 2901 1178 2984; x_wconf 80' lang='grc' dir='ltr'><strong><em>πρότερον</em></strong></span> <span class='ocrx_word' id='word_1_185' title='bbox 1202 2903 1264 2983; x_wconf 74' lang='grc' dir='ltr'><strong>γὰρ</strong></span> <span class='ocrx_word' id='word_1_186' title='bbox 1287 2899 1341 2966; x_wconf 93' lang='grc' dir='ltr'><strong>λό-</strong></span> 
     </span>
     <span class='ocr_line' id='line_1_25' title="bbox 153 3007 1335 3096; baseline -0.003 -20"><span class='ocrx_word' id='word_1_187' title='bbox 153 3037 213 3090; x_wconf 76' lang='grc' dir='ltr'><strong>γον</strong></span> <span class='ocrx_word' id='word_1_188' title='bbox 225 3049 270 3061; x_wconf 87' lang='grc'>-</span> <span class='ocrx_word' id='word_1_189' title='bbox 283 3013 372 3078; x_wconf 75' lang='grc' dir='ltr'><strong><em>οἱλλοὶ</em></strong></span> <span class='ocrx_word' id='word_1_190' title='bbox 390 3015 443 3076; x_wconf 84' lang='grc' dir='ltr'><strong>τοῦ</strong></span> <span class='ocrx_word' id='word_1_191' title='bbox 467 3010 552 3089; x_wconf 82' lang='grc' dir='ltr'><strong><em>βίου;</em></strong></span> <span class='ocrx_word' id='word_1_192' title='bbox 579 3007 690 3096; x_wconf 78' lang='lat' dir='ltr'><strong>supple</strong></span> <span class='ocrx_word' id='word_1_193' title='bbox 714 3016 774 3076; x_wconf 83' lang='grc' dir='ltr'><strong>τῶν</strong></span> <span class='ocrx_word' id='word_1_194' title='bbox 793 3008 905 3087; x_wconf 69' lang='grc' dir='ltr'><strong><em>λόγων.</em></strong></span> <span class='ocrx_word' id='word_1_195' title='bbox 920 3020 1010 3093; x_wconf 69' lang='grc' dir='ltr'><strong>-τῇ</strong></span> <span class='ocrx_word' id='word_1_196' title='bbox 1032 3009 1130 3093; x_wconf 74' lang='grc' dir='ltr'><strong><em>ἡμόρρ</em></strong></span> <span class='ocrx_word' id='word_1_197' title='bbox 1143 3045 1189 3059; x_wconf 91' lang='grc'><strong>--</strong></span> <span class='ocrx_word' id='word_1_198' title='bbox 1204 3007 1335 3089; x_wconf 82' lang='grc' dir='ltr'><strong><em>νόιιτυρι</em></strong></span> 
     </span>
     <span class='ocr_line' id='line_1_26' title="bbox 154 3114 1340 3204; baseline -0.003 -22"><span class='ocrx_word' id='word_1_199' title='bbox 154 3128 357 3204; x_wconf 86' lang='lat' dir='ltr'><strong>opponuntur</strong></span> <span class='ocrx_word' id='word_1_200' title='bbox 388 3117 526 3184; x_wconf 77' lang='grc' dir='ltr'><strong><em>οὶττιιιιςό</em></strong></span> <span class='ocrx_word' id='word_1_201' title='bbox 553 3114 720 3196; x_wconf 74' lang='grc' dir='ltr'><strong><em>νύκτεροι</em></strong></span> <span class='ocrx_word' id='word_1_202' title='bbox 746 3118 814 3194; x_wconf 85' lang='grc' dir='ltr'><strong><em>μεό’</em></strong></span> <span class='ocrx_word' id='word_1_203' title='bbox 844 3114 969 3197; x_wconf 71' lang='grc' dir='ltr'><strong><em>ἡμέροιν.</em></strong></span> <span class='ocrx_word' id='word_1_204' title='bbox 999 3153 1044 3165; x_wconf 92' lang='grc'><strong>-</strong></span> <span class='ocrx_word' id='word_1_205' title='bbox 1068 3114 1340 3195; x_wconf 83' lang='grc' dir='ltr'><strong><em>τεριιιοιλόττουτοι</em></strong></span> 
     </span>
     <span class='ocr_line' id='line_1_27' title="bbox 153 3217 1339 3304; baseline -0.005 -16"><span class='ocrx_word' id='word_1_206' title='bbox 153 3225 205 3298; x_wconf 66' lang='grc' dir='ltr'><strong>τὴν</strong></span> <span class='ocrx_word' id='word_1_207' title='bbox 229 3225 373 3304; x_wconf 70' lang='grc' dir='ltr'><strong><em>κεφιιλὴν</em></strong></span> <span class='ocrx_word' id='word_1_208' title='bbox 395 3222 559 3304; x_wconf 74' lang='grc' dir='ltr'><strong><em>τριβωνόιρι</em></strong></span> <span class='ocrx_word' id='word_1_209' title='bbox 588 3221 683 3287; x_wconf 80' lang='lat' dir='ltr'><strong>Attici</strong></span> <span class='ocrx_word' id='word_1_210' title='bbox 711 3241 774 3285; x_wconf 88' lang='lat' dir='ltr'><strong>unu</strong></span> <span class='ocrx_word' id='word_1_211' title='bbox 798 3220 894 3286; x_wconf 82' lang='lat' dir='ltr'><strong>verbu</strong></span> <span class='ocrx_word' id='word_1_212' title='bbox 916 3220 1189 3303; x_wconf 76' lang='grc' dir='ltr'><strong><em>ἐγκοιλυψοόμενον.</em></strong></span> <span class='ocrx_word' id='word_1_213' title='bbox 1209 3258 1253 3269; x_wconf 93' lang='lat'><em>-</em></span> <span class='ocrx_word' id='word_1_214' title='bbox 1271 3217 1339 3298; x_wconf 71' lang='grc' dir='ltr'><strong><em>περὶ</em></strong></span> 
     </span>
     <span class='ocr_line' id='line_1_28' title="bbox 153 3324 1339 3413; baseline -0.003 -20"><span class='ocrx_word' id='word_1_215' title='bbox 153 3335 376 3408; x_wconf 80' lang='grc' dir='ltr'><strong><em>χοιμοιιτυτεῑοι</em></strong></span> <span class='ocrx_word' id='word_1_216' title='bbox 406 3329 598 3406; x_wconf 76' lang='grc' dir='ltr'><strong><em>εἱλούμενουι</em></strong></span> <span class='ocrx_word' id='word_1_217' title='bbox 636 3327 680 3390; x_wconf 86' lang='lat' dir='ltr'><strong>iiii</strong></span> <span class='ocrx_word' id='word_1_218' title='bbox 711 3324 924 3404; x_wconf 82' lang='grc' dir='ltr'><strong><em>οὶλινδοόμενον</em></strong></span> <span class='ocrx_word' id='word_1_219' title='bbox 955 3326 1115 3393; x_wconf 84' lang='lat' dir='ltr'><strong>dicebaut.</strong></span> <span class='ocrx_word' id='word_1_220' title='bbox 1157 3330 1233 3413; x_wconf 74' lang='lat'><strong>52.</strong></span> <span class='ocrx_word' id='word_1_221' title='bbox 1260 3325 1339 3400; x_wconf 72' lang='grc' dir='ltr'><strong><em>οὐτέι</em></strong></span> 
     </span>
     <span class='ocr_line' id='line_1_29' title="bbox 153 3432 1340 3520; baseline -0.003 -21"><span class='ocrx_word' id='word_1_222' title='bbox 153 3435 203 3499; x_wconf 76' lang='lat' dir='ltr'><strong>ii:</strong></span> <span class='ocrx_word' id='word_1_223' title='bbox 231 3435 299 3520; x_wconf 78' lang='lat' dir='ltr'><strong>iege</strong></span> <span class='ocrx_word' id='word_1_224' title='bbox 323 3432 403 3510; x_wconf 70' lang='grc' dir='ltr'><strong>αὕτη</strong></span> <span class='ocrx_word' id='word_1_225' title='bbox 435 3433 475 3499; x_wconf 79' lang='grc' dir='ltr'><strong>δέ.</strong></span> <span class='ocrx_word' id='word_1_226' title='bbox 521 3438 538 3518; x_wconf 89' lang='lat'>§</span> <span class='ocrx_word' id='word_1_227' title='bbox 564 3437 595 3498; x_wconf 79' lang='lat' dir='ltr'><strong>t.</strong></span> <span class='ocrx_word' id='word_1_228' title='bbox 618 3433 723 3498; x_wconf 75' lang='grc' dir='ltr'><strong><em>πολλοὶ</em></strong></span> <span class='ocrx_word' id='word_1_229' title='bbox 748 3433 800 3496; x_wconf 74' lang='grc' dir='ltr'><strong>κει</strong></span> <span class='ocrx_word' id='word_1_230' title='bbox 825 3432 935 3510; x_wconf 55' lang='lat' dir='ltr'><strong>deutri</strong></span> <span class='ocrx_word' id='word_1_231' title='bbox 960 3432 1057 3509; x_wconf 72' lang='grc' dir='ltr'><strong><em>δοίητε</em></strong></span> <span class='ocrx_word' id='word_1_232' title='bbox 1087 3432 1267 3498; x_wconf 80' lang='lat' dir='ltr'><strong>neccssaria</strong></span> <span class='ocrx_word' id='word_1_233' title='bbox 1291 3439 1340 3496; x_wconf 89' lang='lat' dir='ltr'><strong>cst</strong></span> 
     </span>
     <span class='ocr_line' id='line_1_30' title="bbox 154 3535 1339 3626; baseline -0.004 -21"><span class='ocrx_word' id='word_1_234' title='bbox 154 3541 185 3606; x_wconf 90' lang='lat' dir='ltr'><strong>in</strong></span> <span class='ocrx_word' id='word_1_235' title='bbox 209 3540 373 3606; x_wconf 84' lang='lat' dir='ltr'><strong>nonnullis</strong></span> <span class='ocrx_word' id='word_1_236' title='bbox 396 3551 427 3606; x_wconf 89' lang='lat' dir='ltr'><strong>et</strong></span> <span class='ocrx_word' id='word_1_237' title='bbox 450 3548 602 3626; x_wconf 83' lang='lat' dir='ltr'><strong>perpetua</strong></span> <span class='ocrx_word' id='word_1_238' title='bbox 628 3539 748 3617; x_wconf 84' lang='lat' dir='ltr'><strong>erasis,</strong></span> <span class='ocrx_word' id='word_1_239' title='bbox 775 3549 810 3603; x_wconf 94' lang='lat' dir='ltr'><strong>ut</strong></span> <span class='ocrx_word' id='word_1_240' title='bbox 830 3539 861 3603; x_wconf 87' lang='lat' dir='ltr'><strong>iu</strong></span> <span class='ocrx_word' id='word_1_241' title='bbox 882 3537 932 3602; x_wconf 89' lang='lat' dir='ltr'><strong>his</strong></span> <span class='ocrx_word' id='word_1_242' title='bbox 951 3540 1057 3604; x_wconf 73' lang='grc' dir='ltr'><strong><em>πολλοὶ</em></strong></span> <span class='ocrx_word' id='word_1_243' title='bbox 1079 3535 1218 3616; x_wconf 56' lang='lat' dir='ltr'><strong>repete.</strong></span> <span class='ocrx_word' id='word_1_244' title='bbox 1248 3535 1339 3602; x_wconf 83' lang='lat' dir='ltr'><strong>Eius·</strong></span> 
     </span>
     <span class='ocr_line' id='line_1_31' title="bbox 154 3630 1339 3732; baseline -0.003 -22"><span class='ocrx_word' id='word_1_245' title='bbox 154 3644 223 3713; x_wconf 87' lang='lat' dir='ltr'><strong>dem</strong></span> <span class='ocrx_word' id='word_1_246' title='bbox 248 3648 377 3732; x_wconf 77' lang='lat' dir='ltr'><strong>generis</strong></span> <span class='ocrx_word' id='word_1_247' title='bbox 400 3653 449 3712; x_wconf 90' lang='lat' dir='ltr'><strong>cst</strong></span> <span class='ocrx_word' id='word_1_248' title='bbox 479 3643 564 3731; x_wconf 86' lang='lat' dir='ltr'><strong>quod</strong></span> <span class='ocrx_word' id='word_1_249' title='bbox 588 3646 719 3712; x_wconf 82' lang='lat' dir='ltr'><strong>Pucrrus</strong></span> <span class='ocrx_word' id='word_1_250' title='bbox 749 3646 915 3710; x_wconf 83' lang='lat' dir='ltr'><strong>arinotcvit</strong></span> <span class='ocrx_word' id='word_1_251' title='bbox 940 3664 969 3710; x_wconf 89' lang='grc' dir='ltr'><strong>ν.</strong></span> <span class='ocrx_word' id='word_1_252' title='bbox 994 3630 1121 3717; x_wconf 79' lang='grc' dir='ltr'><strong>ιιοιλδςΙ</strong></span> <span class='ocrx_word' id='word_1_253' title='bbox 1138 3639 1339 3721; x_wconf 62' lang='lat' dir='ltr'><strong>cetratis:</strong></span> 
     </span>
     <span class='ocr_line' id='line_1_32' title="bbox 155 3747 1338 3834; baseline -0.007 -16"><span class='ocrx_word' id='word_1_254' title='bbox 155 3752 285 3832; x_wconf 76' lang='grc' dir='ltr'><strong><em>λε’ρετοιι</em></strong></span> <span class='ocrx_word' id='word_1_255' title='bbox 310 3752 396 3820; x_wconf 65' lang='lat' dir='ltr'><strong>cerci</strong></span> <span class='ocrx_word' id='word_1_256' title='bbox 423 3753 632 3833; x_wconf 69' lang='grc' dir='ltr'><strong><em>συναλοιφὴν,</em></strong></span> <span class='ocrx_word' id='word_1_257' title='bbox 658 3749 727 3830; x_wconf 71' lang='grc' dir='ltr'><strong>οὐχ)</strong></span> <span class='ocrx_word' id='word_1_258' title='bbox 762 3752 857 3824; x_wconf 78' lang='grc' dir='ltr'><strong><em>κοιλόι</em></strong></span> <span class='ocrx_word' id='word_1_259' title='bbox 878 3750 930 3816; x_wconf 72' lang='lat' dir='ltr'><strong>xci</strong></span> <span class='ocrx_word' id='word_1_260' title='bbox 955 3750 1091 3830; x_wconf 67' lang='lat' dir='ltr'><strong>ripariis,</strong></span> <span class='ocrx_word' id='word_1_261' title='bbox 1118 3749 1150 3814; x_wconf 86' lang='lat' dir='ltr'><strong>in</strong></span> <span class='ocrx_word' id='word_1_262' title='bbox 1175 3767 1239 3834; x_wconf 85' lang='lat' dir='ltr'><strong>quc</strong></span> <span class='ocrx_word' id='word_1_263' title='bbox 1262 3747 1338 3812; x_wconf 84' lang='lat' dir='ltr'><strong>item</strong></span> 
     </span>
     <span class='ocr_line' id='line_1_33' title="bbox 156 3868 434 3946; baseline 0.004 -22"><span class='ocrx_word' id='word_1_264' title='bbox 156 3877 245 3946; x_wconf 77' lang='lat' dir='ltr'><strong>saepe</strong></span> <span class='ocrx_word' id='word_1_265' title='bbox 271 3868 434 3946; x_wconf 85' lang='lat' dir='ltr'><strong>peccatur.</strong></span> 
     </span>
    </p>

    <p class='ocr_par' dir='ltr' id='par_1_8' title="bbox 155 3957 1344 4577">
     <span class='ocr_line' id='line_1_34' title="bbox 199 3957 1342 4051; baseline -0.008 -21"><span class='ocrx_word' id='word_1_266' title='bbox 199 3964 375 4051; x_wconf 78' lang='lat' dir='ltr'><strong>Epistoiain</strong></span> <span class='ocrx_word' id='word_1_267' title='bbox 400 3969 455 4032; x_wconf 84' lang='grc'><strong>66.</strong></span> <span class='ocrx_word' id='word_1_268' title='bbox 484 3983 545 4029; x_wconf 87' lang='lat' dir='ltr'><strong>nou</strong></span> <span class='ocrx_word' id='word_1_269' title='bbox 570 3961 757 4042; x_wconf 75' lang='grc' dir='ltr'><strong><em>Πνξιόρεινος</em></strong></span> <span class='ocrx_word' id='word_1_270' title='bbox 781 3963 912 4050; x_wconf 88' lang='lat' dir='ltr'><strong>scripsit</strong></span> <span class='ocrx_word' id='word_1_271' title='bbox 936 3961 991 4029; x_wconf 90' lang='lat' dir='ltr'><strong>sed</strong></span> <span class='ocrx_word' id='word_1_272' title='bbox 1016 3958 1236 4040; x_wconf 73' lang='grc' dir='ltr'><strong><em>Πιξόριιυνος.</em></strong></span> <span class='ocrx_word' id='word_1_273' title='bbox 1286 3957 1342 4022; x_wconf 90' lang='lat' dir='ltr'><strong>So·</strong></span> 
     </span>
     <span class='ocr_line' id='line_1_35' title="bbox 155 4062 1344 4156; baseline -0.008 -21"><span class='ocrx_word' id='word_1_274' title='bbox 155 4067 255 4150; x_wconf 83' lang='lat' dir='ltr'><strong>lebet,</strong></span> <span class='ocrx_word' id='word_1_275' title='bbox 291 4069 406 4150; x_wconf 80' lang='lat' dir='ltr'><strong>crudo,</strong></span> <span class='ocrx_word' id='word_1_276' title='bbox 443 4069 611 4148; x_wconf 82' lang='lat' dir='ltr'><strong>iactitare,</strong></span> <span class='ocrx_word' id='word_1_277' title='bbox 648 4067 732 4156; x_wconf 86' lang='lat' dir='ltr'><strong>quod</strong></span> <span class='ocrx_word' id='word_1_278' title='bbox 772 4071 944 4136; x_wconf 82' lang='grc' dir='ltr'><strong><em>Διειιιιιιιε</em></strong></span> <span class='ocrx_word' id='word_1_279' title='bbox 976 4069 1007 4134; x_wconf 92' lang='lat' dir='ltr'><strong>in</strong></span> <span class='ocrx_word' id='word_1_280' title='bbox 1039 4067 1164 4134; x_wconf 79' lang='lat' dir='ltr'><strong>Lucrsru</strong></span> <span class='ocrx_word' id='word_1_281' title='bbox 1202 4062 1344 4130; x_wconf 75' lang='lat' dir='ltr'><strong>Convicio</strong></span> 
     </span>
     <span class='ocr_line' id='line_1_36' title="bbox 158 4165 1343 4263; baseline -0.008 -22"><span class='ocrx_word' id='word_1_282' title='bbox 158 4177 175 4260; x_wconf 88' lang='lat'><em>§</em></span> <span class='ocrx_word' id='word_1_283' title='bbox 203 4183 263 4256; x_wconf 75' lang='lat' dir='ltr'><strong>ii,</strong></span> <span class='ocrx_word' id='word_1_284' title='bbox 289 4178 346 4263; x_wconf 88' lang='lat' dir='ltr'><strong>qui</strong></span> <span class='ocrx_word' id='word_1_285' title='bbox 369 4177 564 4256; x_wconf 77' lang='grc' dir='ltr'><strong><em>κοιτοιβοιλέιν</em></strong></span> <span class='ocrx_word' id='word_1_286' title='bbox 584 4177 692 4244; x_wconf 82' lang='grc' dir='ltr'><strong><em>ἐυυτὸν</em></strong></span> <span class='ocrx_word' id='word_1_287' title='bbox 715 4173 810 4242; x_wconf 79' lang='grc' dir='ltr'><strong><em>ἔκειτο</em></strong></span> <span class='ocrx_word' id='word_1_288' title='bbox 835 4175 938 4255; x_wconf 73' lang='grc' dir='ltr'><strong><em>τόξοις</em></strong></span> <span class='ocrx_word' id='word_1_289' title='bbox 954 4174 1007 4242; x_wconf 79' lang='grc' dir='ltr'><strong>τόν</strong></span> <span class='ocrx_word' id='word_1_290' title='bbox 1025 4175 1155 4253; x_wconf 76' lang='grc' dir='ltr'><strong><em>οέγιιῶνοι</em></strong></span> <span class='ocrx_word' id='word_1_291' title='bbox 1178 4165 1343 4251; x_wconf 81' lang='grc' dir='ltr'><strong><em>ἐχονόόμοο</em></strong></span> 
     </span>
     <span class='ocr_line' id='line_1_37' title="bbox 157 4271 1344 4367; baseline -0.002 -21"><span class='ocrx_word' id='word_1_292' title='bbox 157 4282 206 4348; x_wconf 79' lang='grc' dir='ltr'><strong>τόν</strong></span> <span class='ocrx_word' id='word_1_293' title='bbox 228 4283 350 4362; x_wconf 83' lang='grc' dir='ltr'><strong><em>σκύφον</em></strong></span> <span class='ocrx_word' id='word_1_294' title='bbox 381 4285 411 4349; x_wconf 84' lang='grc' dir='ltr'><strong>ἐν</strong></span> <span class='ocrx_word' id='word_1_295' title='bbox 434 4293 473 4367; x_wconf 70' lang='grc' dir='ltr'><strong>τῇ</strong></span> <span class='ocrx_word' id='word_1_296' title='bbox 497 4281 582 4367; x_wconf 76' lang='grc' dir='ltr'><strong><em>δεξιᾷ</em></strong></span> <span class='ocrx_word' id='word_1_297' title='bbox 614 4278 671 4354; x_wconf 74' lang='lat' dir='ltr'><strong>ricc</strong></span> <span class='ocrx_word' id='word_1_298' title='bbox 697 4281 711 4346; x_wconf 88' lang='grc' dir='ltr'><strong><em>ό</em></strong></span> <span class='ocrx_word' id='word_1_299' title='bbox 740 4281 826 4363; x_wconf 83' lang='grc' dir='ltr'><strong><em>τοιρόι</em></strong></span> <span class='ocrx_word' id='word_1_300' title='bbox 848 4283 890 4364; x_wconf 74' lang='grc' dir='ltr'><strong>τῷ</strong></span> <span class='ocrx_word' id='word_1_301' title='bbox 915 4282 1001 4364; x_wconf 81' lang='grc' dir='ltr'><strong><em>Φόλῳ</em></strong></span> <span class='ocrx_word' id='word_1_302' title='bbox 1025 4284 1192 4362; x_wconf 69' lang='grc' dir='ltr'><strong><em>Ἡρακλῆς.</em></strong></span> <span class='ocrx_word' id='word_1_303' title='bbox 1212 4313 1256 4327; x_wconf 91' lang='lat'>-</span> <span class='ocrx_word' id='word_1_304' title='bbox 1274 4271 1344 4344; x_wconf 74' lang='grc' dir='ltr'><strong><em>τοὺς</em></strong></span> 
     </span>
     <span class='ocr_line' id='line_1_38' title="bbox 159 4382 1343 4475; baseline -0.012 -20"><span class='ocrx_word' id='word_1_305' title='bbox 159 4389 318 4462; x_wconf 82' lang='grc' dir='ltr'><strong><em>τλουσόους</em></strong></span> <span class='ocrx_word' id='word_1_306' title='bbox 342 4395 402 4456; x_wconf 79' lang='grc' dir='ltr'><strong>τῶν</strong></span> <span class='ocrx_word' id='word_1_307' title='bbox 429 4391 586 4467; x_wconf 74' lang='grc' dir='ltr'><strong><em>Ἀόήνιισιε</em></strong></span> <span class='ocrx_word' id='word_1_308' title='bbox 612 4387 676 4455; x_wconf 83' lang='lat' dir='ltr'><strong>dici</strong></span> <span class='ocrx_word' id='word_1_309' title='bbox 701 4407 763 4453; x_wconf 90' lang='lat' dir='ltr'><strong>non</strong></span> <span class='ocrx_word' id='word_1_310' title='bbox 789 4396 908 4475; x_wconf 81' lang='lat' dir='ltr'><strong>potest:</strong></span> <span class='ocrx_word' id='word_1_311' title='bbox 934 4397 991 4454; x_wconf 82' lang='lat' dir='ltr'><strong>aut</strong></span> <span class='ocrx_word' id='word_1_312' title='bbox 1014 4382 1262 4455; x_wconf 76' lang='grc' dir='ltr'><strong><em>τλουσιυτοότουρ</em></strong></span> <span class='ocrx_word' id='word_1_313' title='bbox 1286 4385 1343 4444; x_wconf 82' lang='lat' dir='ltr'><strong>aut</strong></span> 
     </span>
     <span class='ocr_line' id='line_1_39' title="bbox 161 4487 1343 4577; baseline -0.011 -15"><span class='ocrx_word' id='word_1_314' title='bbox 161 4495 325 4572; x_wconf 84' lang='grc' dir='ltr'><strong><em>’Δόιινοιόυν</em></strong></span> <span class='ocrx_word' id='word_1_315' title='bbox 343 4493 561 4563; x_wconf 82' lang='lat' dir='ltr'><strong>scribendum.</strong></span> <span class='ocrx_word' id='word_1_316' title='bbox 575 4531 622 4546; x_wconf 94' lang='lat'><em>-</em></span> <span class='ocrx_word' id='word_1_317' title='bbox 636 4490 711 4562; x_wconf 76' lang='grc' dir='ltr'><strong><em>οὗτοι</em></strong></span> <span class='ocrx_word' id='word_1_318' title='bbox 732 4493 911 4577; x_wconf 76' lang='grc' dir='ltr'><strong><em>κεχυμένος</em></strong></span> <span class='ocrx_word' id='word_1_319' title='bbox 923 4492 1129 4576; x_wconf 75' lang='grc' dir='ltr'><strong><em>-κέχριιτοιι</em></strong></span> <span class='ocrx_word' id='word_1_320' title='bbox 1152 4491 1194 4570; x_wconf 75' lang='grc' dir='ltr'><strong>τῷ</strong></span> <span class='ocrx_word' id='word_1_321' title='bbox 1218 4487 1343 4566; x_wconf 82' lang='grc' dir='ltr'><strong><em>βολον-</em></strong></span> 
     </span>
    </p>
   </div>
   <div class='ocr_carea' id='block_1_3' title="bbox 0 0 1582 4972">
    <p class='ocr_par' dir='ltr' id='par_1_9' title="bbox 0 0 1582 4972">
     <span class='ocr_line' id='line_1_40' title="bbox 0 0 1582 4972; baseline 0 0"><span class='ocrx_word' id='word_1_322' title='bbox 0 0 1582 4972; x_wconf 95' lang='lat' dir='ltr'><strong> </strong></span> 
     </span>
    </p>
   </div>
  </div>
 </body>
</html>
