3178 4972
708 384 757 458 4³

141 590 289 648 mercator
320 577 414 645 borno
437 577 544 646 lactus
566 587 615 646 est
638 600 676 648 ex
700 581 836 658 roetico,
872 587 909 646 ut
933 580 1031 647 vides.
1068 584 1086 666 §
1113 586 1132 648 5
1157 582 1324 663 τεχθῆναιε

139 684 232 752 Attici
255 686 410 766 γενέσθαι.
458 691 476 774 §
503 688 586 760 brie
610 688 661 753 τὸν
684 683 794 768 ἄνδραε
822 684 866 751 llll
891 689 930 760 ὥς
955 685 1003 752 vel
1027 687 1111 768 πρός.

181 790 283 878 Epist.
306 796 336 857 l.
354 791 444 870 ἄγεις
466 795 504 866 dc
526 792 649 858 leurdo:
672 792 741 878 lege
753 791 878 858 σαυτόν.
892 827 937 844 —-
953 791 1032 859 lbid.
1052 793 1065 858 ὃ
1085 802 1325 872 Θεμιςοκλῆς

138 899 224 964 tene
246 897 434 971 Νεοκλέουςς
455 898 573 964 llbctor
593 898 719 964 dixerat
741 899 755 963 ὅ
774 901 828 964 τοῦ
845 897 1035 976 Νεοκλέους,
1058 908 1093 964 ut
1109 898 1172 964 illis
1183 898 1325 966 solemne

138 1010 204 1080 est,
227 1003 242 1069 ὅ
265 1005 320 1070 τοῦ
344 1004 580 1085 Σωφρονίσκον,
610 1005 624 1068 ὅ
647 1010 701 1070 τοῦ
725 1002 898 1085 ’dolensem
923 1004 937 1068 l
961 1008 1014 1069 τοῦ
1037 1006 1194 1080 Κλεινίου,
1227 1007 1327 1090 magi·

138 1107 249 1175 stellus
284 1107 457 1195 adscripsit
492 1110 506 1174 ὃ
538 1118 753 1189 omiseritis,
790 1128 877 1175 nunc
909 1119 1083 1196 utrumque
1115 1109 1324 1176 coniunctum

138 1213 293 1280 soloecam
324 1215 501 1281 orationem
534 1215 624 1282 lacit.
674 1217 736 1301 §2
770 1214 825 1280 σὺν
856 1216 962 1298 δικαίῳ
989 1216 1135 1282 πλούτοιο
1174 1216 1326 1283 Graecum

138 1327 182 1386 est
207 1321 263 1385 νὺν
287 1321 337 1400 τῷ
360 1321 476 1404 δικαέφ.

180 1425 287 1512 Epist.
310 1431 341 1491 6.
367 1429 385 1511 §
411 1430 431 1491 2
455 1427 527 1508 πρὸς
552 1430 659 1493 ordonn
682 1427 784 1505 ἡδονὴν
808 1426 989 1509 ἀφροδισίων
1008 1426 1200 1510 κεχυμένοςι
1233 1428 1325 1496 Grae·

137 1531 164 1596 ei
195 1540 229 1596 ct
266 1529 399 1596 Romani
434 1533 465 1596 in
500 1551 535 1598 ea
569 1551 603 1598 re
635 1531 745 1598 dicunt
780 1534 919 1620 essenus,
957 1549 1075 1619 repone
1107 1533 1323 1616 ἐκκεχυμένος.

137 1635 227 1717 Quod
253 1635 416 1723 praecedit
440 1641 481 1704 τὼ
501 1638 653 1720 ὀφθαλμώ
678 1657 772 1704 nemo
793 1637 937 1714 dicebat,
961 1635 1015 1703 sed
1036 1640 1237 1721 septennii,
1263 1659 1324 1704 non

135 1743 362 1818 fatiscentem
387 1741 505 1830 (ltpist.
532 1747 564 1810 9.
594 1744 643 1831 1),
673 1742 729 1810 sed
752 1744 940 1820 τάπιτήδεια
963 1763 1083 1809 omnes.
1131 1742 1324 1829 Sequiorurn

136 1856 320 1936 temporum
353 1847 478 1914 scribae
509 1849 617 1914 crasin
647 1847 785 1914 Atticam
815 1850 935 1935 passim
970 1848 1205 1928 obscurarunt,
1240 1849 1324 1936 quod

135 1953 269 2030 melius,
293 1952 320 2018 si
344 1952 422 2040 quid
446 1951 577 2020 dabitur
599 1955 675 2033 otii,
702 1955 733 2018 in
762 1958 899 2020 Pnarone
922 1962 954 2021 et
979 1956 1110 2041 optimis
1133 1955 1245 2020 Atticis
1268 1956 1325 2020 ati·

135 2057 265 2146 quando
290 2057 506 2126 ostendemus.
532 2062 551 2144 ς
579 2062 597 2124 2
622 2059 814 2142 κωμάζουσιν
837 2062 880 2132 εἰς
902 2061 1016 2135 eclesie:
1042 2059 1110 2145 lege
1133 2060 1205 2142 πρὸς
1229 2062 1326 2137 αὐτὴν

134 2173 168 2231 et
198 2184 255 2251 pro
284 2165 371 2246 δῶρον
401 2165 550 2248 ἀποφέρει
580 2183 697 2253 repone
720 2165 890 2247 αοοςφέροι.
937 2163 1025 2251 Sigla
1050 2166 1173 2232 scribas
1195 2165 1323 2240 fefellit:

137 2269 290 2336 similiter
320 2291 392 2336 mox
421 2272 632 2351 κοοοκέμκειο
657 2273 787 2359 requiro
812 2291 870 2358 pro
893 2269 1088 2349 εἰοαέμποις.
1137 2272 1173 2337 ln
1199 2270 1324 2336 ultimis

138 2376 243 2443 serbis
267 2376 320 2442 καὶ
345 2377 379 2442 οὲ
403 2377 563 2459 γράψεται
586 2379 694 2460 παρὰ
718 2385 805 2450 τοῖς
826 2376 1024 2450 erescere
1047 2380 1207 2450 κακώσεως
1228 2396 1323 2464 appa·

136 2491 186 2549 ret
209 2501 308 2568 anarn
334 2481 504 2568 diligenter
528 2503 566 2550 ex
591 2481 762 2550 Oratorurn
788 2481 925 2548 lectione
949 2481 1142 2550 iudiciorum
1166 2486 1322 2550 rationem

137 2597 168 2656 et
191 2587 288 2656 verba
314 2587 450 2654 lorensie
476 2593 671 2676 cognoverit.
713 2586 833 2655 Omnes
858 2590 889 2653 in
913 2586 1032 2654 talibus
1052 2588 1186 2655 ridicule
1208 2590 1323 2675 impin·

136 2703 227 2780 gunt.
277 2691 447 2760 llirillcunr
479 2714 556 2762 sane
587 2697 744 2779 ψήφισμα
777 2693 927 2759 bocrnnns
954 2695 986 2759 in
1016 2693 1142 2762 Timone
1164 2694 1322 2780 expromit

138 2821 204 2889 cap.
228 2805 272 2867 50
289 2808 321 2866 et
343 2805 403 2878 51,
426 2808 460 2866 ut
478 2821 553 2867 curn
573 2820 749 2888 numquam
770 2799 888 2866 talibus
906 2801 939 2865 in
955 2799 1123 2864 ilistoricis
1135 2807 1169 2867 et
1182 2799 1323 2866 Oratori-

139 2906 196 2974 bus
219 2905 365 2992 legendis
385 2904 510 2972 dedisse
532 2927 659 2994 opernrn
684 2907 878 2993 suspiceris;
902 2925 965 2992 quo
984 2904 1117 2991 gravius
1135 2914 1249 2970 errant
1267 2903 1323 2990 qui

139 3013 169 3078 in
202 3013 405 3100 Antiquitate
436 3011 671 3080 Atheniensium
704 3011 892 3077 illustranda
928 3011 998 3078 istis
1023 3010 1160 3076 testibus
1185 3020 1323 3077 utuntur

137 3119 282 3184 omnium
306 3135 415 3185 rerum
438 3118 562 3203 ignaris
585 3125 617 3184 ct
640 3115 666 3196 i,
688 3141 738 3184 sm
763 3141 814 3184 κον
837 3119 886 3183 ἐπ’
909 3114 1323 3202 οὶκαιρέμανγλῶοοανέιέῃ

137 3225 220 3290 reris
244 3231 278 3289 et
302 3224 452 3308 genuinis
475 3222 674 3290 confidenter
696 3222 981 3290 substituentibus.

181 3328 217 3395 ln
244 3329 347 3416 Epist.
369 3333 402 3395 7.
428 3330 530 3406 incili
553 3328 645 3408 τοὶμοὶ
670 3327 834 3409 emendent
862 3327 981 3415 legitur
1004 3326 1043 3393 de
1065 3327 1189 3394 librarii
1215 3328 1325 3394 conie-

135 3443 226 3501 ctura
254 3455 315 3500 non
342 3436 421 3500 satis
445 3434 550 3514 lelici,
575 3453 672 3521 quarn
697 3455 735 3501 ex
764 3434 875 3500 Veneto
899 3431 1008 3500 codice
1031 3433 1201 3500 Messenius
1221 3433 1254 3499 in
1274 3453 1323 3499 or·

134 3539 244 3609 dinem
275 3541 410 3627 recepit.
458 3537 575 3607 Veram
606 3541 802 3626 scriptorem
835 3547 942 3608 servat
975 3547 1068 3606 retus
1092 3537 1244 3605 mendum
1267 3565 1323 3606 nn·

134 3647 291 3727 οεοέγετο,
323 3643 409 3712 unde
440 3645 581 3724 κατέαγε
610 3644 771 3712 incolume
803 3648 915 3711 evasit.
963 3643 1109 3710 Graeculi
1142 3655 1174 3710 et
1198 3643 1324 3710 librarii

129 3754 166 3818 in
190 3772 230 3820 eo
253 3751 352 3817 verbo
375 3750 506 3818 turbare
530 3750 643 3817 solent.
690 3749 897 3818 Athenienses
919 3749 1067 3816 dicebaut
1086 3752 1279 3828 κατεαγέναι
1291 3759 1324 3817 et

136 3865 335 3937 καταγῆναι,
368 3855 519 3924 Graeculi
549 3855 646 3923 buius
670 3857 717 3922 rei
742 3856 948 3923 immemores
969 3860 1148 3938 mentxem
1172 3857 1325 3924 dictitant

136 3972 167 4030 et
199 3964 411 4044 καταχθῆναι.
461 3961 561 4050 Saepe
595 3961 652 4028 ltro
683 3961 934 4040 Gnnrsosrorrus,
970 3961 1137 4038 Lucrinus,
1170 3962 1245 4041 alii,
1277 3964 1324 4029 sic

137 4079 284 4156 peccunt.
332 4069 368 4134 ln
398 4067 521 4134 buerant
550 4067 676 4134 Timone
704 4071 742 4134 10
766 4067 985 4146 κατεαγμέναι
1007 4069 1060 4134 καὶ
1083 4067 1324 4146 decernentem

138 4173 194 4240 niel
225 4175 277 4241 δύο
308 4179 432 4244 ἀκτῖνες
455 4172 576 4259 legitur
599 4173 711 4240 vitiose
734 4193 792 4260 pro
815 4171 1006 4252 κακεοέγοοοι.
1054 4173 1135 4254 Quia
1157 4172 1241 4260 apud
1266 4175 1324 4240 Ar.-

139 4299 307 4346 nnnnosrrr
324 4281 499 4366 perfeetum
518 4281 659 4364 requirit
679 4279 840 4346 sententia
863 4277 941 4358 loci,
962 4278 1050 4345 salva
1074 4297 1125 4344 res
1143 4279 1205 4344 erit
1224 4279 1251 4344 si
1267 4303 1324 4346 κα

139 4385 238 4465 slepe
262 4403 408 4472 repones.
1349 4449 1354 4458 .

187 4491 287 4576 Epist.
313 4495 344 4556 8.
370 4487 461 4556 ἄκουε
484 4487 540 4556 dl:
564 4488 670 4556 scribe
693 4489 805 4567 dnl-
821 4487 1209 4570 τέινγνοέμννέξονεγκοῑνι
1231 4489 1327 4556 Attici
