3208 4972
813 343 884 415 222

250 543 357 622 Νηριῖι.
406 539 574 606 Caeterum
599 537 714 605 melius
733 540 773 606 ab
795 542 929 606 istorum
952 537 1088 606 lectione
1107 535 1305 615 abstinebis,
1323 535 1441 623 quippe

251 648 283 710 in
309 665 389 731 quos
413 665 524 711 omnes
548 646 719 711 conueniat
746 643 952 732 Epigramma
981 647 1035 710 at.

410 750 580 834 θαυμάζειν
603 775 654 831 μοι
679 748 897 824 increratam
922 751 1017 822 Βύτις
1041 748 1086 819 ἔτ)
1111 749 1238 824 notarie

499 857 568 924 orire
592 856 684 936 λόγον
709 858 802 923 κοινὸν
825 857 895 923 οὔτε
918 855 1068 936 λογισμὸν
1087 853 1178 937 ἔχον.

712 1129 891 1197 etrit'r
929 1127 982 1196 lli.

299 1373 501 1459 Quamquam
538 1371 671 1438 Lucrino
701 1370 740 1438 ari
782 1370 877 1437 finem
916 1389 1017 1458 usquc
1054 1367 1208 1456 perducto
1240 1378 1347 1436 tamen
1380 1387 1442 1435 non

252 1479 344 1566 prius
367 1477 405 1544 ad
438 1476 525 1544 aliut
559 1475 718 1564 quoddam
752 1476 1012 1544 observationum
1045 1494 1148 1562 genus
1180 1474 1322 1542 transibo
1345 1492 1441 1560 quam

253 1586 388 1671 vestigia
421 1603 490 1650 mca
526 1580 671 1669 relegens
703 1582 875 1649 nonnullas
908 1582 988 1649 alias
1019 1582 1236 1648 correctiones
1268 1581 1299 1646 in
1336 1581 1443 1668 priore

254 1700 344 1777 parte
376 1689 454 1756 milri
488 1696 633 1774 repertas
664 1707 739 1754 eum
777 1689 835 1766 iis,
868 1690 924 1776 qui
960 1687 1114 1756 bucranurt
1145 1687 1293 1754 lubenter
1316 1685 1443 1774 legunt,

255 1796 366 1884 paucis
386 1795 677 1861 communicavero.
701 1793 769 1861 Non
791 1795 980 1862 exhauriam
998 1795 1125 1870 omma,
1146 1802 1182 1860 ut
1201 1813 1304 1880 ireque
1321 1794 1353 1858 in
1374 1812 1442 1860 cae·

253 1905 334 1970 teris
356 1900 436 1978 leci,
458 1900 512 1966 sed
534 1898 679 1966 delibabo
700 1901 727 1965 si
749 1899 826 1988 quid
849 1901 1036 1987 insignioris
1056 1899 1126 1966 vitii
1144 1900 1223 1966 satis
1244 1907 1332 1966 certa
1346 1897 1443 1965 medi·

254 2010 326 2076 cina
352 2005 430 2074 mibi
454 2025 585 2074 sanasse
605 2004 724 2073 videor.
772 2006 902 2074 Faciam
923 2007 1053 2074 initium
1075 2026 1093 2072 a
1115 2011 1153 2085 2,
1179 2007 1197 2092 ς
1222 2011 1251 2073 5.
1277 2007 1302 2072 ει
1325 2007 1370 2086 μὴ
1390 2005 1442 2072 ecl

254 2114 364 2198 zeloten
383 2113 524 2196 Φαίνοιτν
546 2113 752 2193 αῖοχννοίροιρν
774 2111 831 2190 ἄν,
856 2113 888 2180 in
914 2111 1032 2178 talibus
1061 2115 1087 2178 ei
1115 2133 1189 2179 cum
1219 2110 1340 2179 futuris
1371 2131 1445 2178 cun·

257 2221 404 2308 iungitur
424 2227 494 2305 post
519 2219 731 2300 αἶτχύννριαι,
761 2217 920 2300 ἄχθομαι,
943 2225 1096 2300 χαλεπῶς
1123 2219 1225 2303 φέροι,
1250 2223 1442 2299 ἀγανακτῶ,

255 2329 328 2394 eim.
354 2334 388 2393 ul
411 2333 442 2395 7.
470 2328 536 2409 §⁸1.
558 2326 753 2404 ἀγανακτεῖν
779 2325 804 2391 ei
829 2327 873 2405 uir
897 2325 1054 2405 λήψεται,
1080 2323 1148 2411 lege
1172 2324 1273 2411 igitur
1296 2332 1444 2408 φανοῖτο,

256 2442 288 2500 rt
312 2433 344 2500 iu
371 2431 494 2499 lletlen.
527 2428 594 2498 Vll.
627 2451 656 2497 ν.
693 2435 744 2497 16.
777 2429 993 2512 αἱτχννὸροενοι
1022 2433 1047 2498 sl
1071 2429 1256 2515 ὥφινιιὶτοιον
1280 2449 1338 2519 pro
1360 2433 1444 2514 ὤφε-

256 2541 395 2617 niceten.
445 2536 480 2602 ln
504 2536 637 2624 Niprino
662 2542 699 2614 5,
726 2541 759 2604 6.
784 2535 843 2605 κᾶν
865 2561 912 2610 τις
935 2539 979 2618 nli
1011 2539 1113 2620 παρὼν
1142 2535 1246 2620 raim,
1273 2545 1444 2622 transpone

256 2645 315 2713 aira
346 2645 391 2725 pr
415 2667 473 2717 τις.
511 2646 529 2727 §
558 2641 781 2725 11.χρυσι2ας
812 2643 1032 2727 ἠμφιεσμένοι,
1065 2641 1276 2729 intelligerem
1306 2641 1445 2720 ξνςίδατ.

256 2763 289 2820 et
314 2755 332 2838 ς
359 2755 412 2818 58.
432 2753 486 2816 τοῦ
510 2747 571 2832 ἄρα
594 2748 743 2831 Τηλέφου
768 2756 941 2836 transpone
964 2753 1018 2816 τοῦ
1041 2750 1189 2834 Τηλέφου
1212 2747 1284 2831 ἄρα.
1332 2749 1368 2814 ln
1396 2747 1446 2814 ri·

256 2862 400 2924 monet.
427 2858 444 2939 §
470 2859 501 2922 2.
533 2853 724 2933 branciaco,
757 2852 826 2940 lege
857 2855 1068 2932 ἀπολαύσειν,
1100 2874 1173 2920 uam
1208 2855 1256 2920 sic
1280 2855 1446 2941 aequiores

257 2961 497 3050 loquebantur,¹
512 2969 635 3028 veteres
659 2960 882 3040 οὶτολαὺτοριαι
914 2959 1083 3040 dicebant,
1108 2969 1141 3028 et
1163 2963 1197 3028 οὐ
1220 2959 1304 3028 arion
1332 2985 1361 3027 τι
1386 2979 1445 3048 pro

256 3072 289 3138 ni
312 3067 432 3145 ταντα,
464 3067 519 3153 qui
552 3065 703 3152 frequens
735 3067 767 3132 in
805 3066 937 3132 Lucieno
962 3076 1144 3144 terrorest,
1169 3075 1205 3134 ut
1237 3072 1286 3133 tt.
1312 3070 1329 3153 ς
1355 3071 1385 3133 2.
1410 3071 1444 3135 nl

256 3175 359 3252 aalma
382 3173 529 3256 ἀσφαλές
549 3191 662 3239 reuoca
679 3173 713 3239 οὐ
734 3171 816 3239 arira
835 3197 886 3249 τι,
908 3182 940 3240 et
961 3177 1022 3252 te,
1044 3178 1096 3240 et.
1118 3175 1151 3240 οὐ
1171 3172 1254 3240 reiro
1273 3197 1303 3240 τι
1321 3173 1353 3240 δὲ
1372 3174 1446 3252 rato

256 3301 315 3370 pro
337 3279 440 3356 πάντα
464 3279 497 3347 bl
520 3287 552 3346 et
578 3277 650 3345 aliis
677 3277 772 3354 locis,
802 3277 917 3345 uetnue
943 3279 1047 3346 scribe
1071 3281 1288 3363 ἐκκεκώφωται
1314 3299 1371 3366 pro
1394 3281 1446 3346 lra-

255 3391 446 3471 ιιειιώφιρσαι.
489 3387 507 3471 S
534 3391 565 3452 4.
590 3385 663 3451 κατ’
691 3384 795 3464 ὀλίγον
819 3384 887 3470 lege
910 3388 982 3462 μετ’
1005 3386 1110 3466 ὀλίγον
1131 3395 1164 3452 et
1188 3385 1293 3472 recipe
1316 3387 1447 3469 οὶτοφα·

256 3500 347 3562 νοῦτι.
387 3495 404 3578 §
431 3496 463 3560 6.
487 3489 653 3570 ἐπιδείξαιο
677 3509 794 3576 repone
817 3489 978 3569 ἐπίδειξαι.
1028 3491 1062 3557 ln
1090 3494 1107 3577 ς
1134 3496 1155 3558 8
1179 3499 1254 3558 anto
1275 3493 1446 3574 χαίροντας

256 3611 296 3686 τῇ
318 3603 398 3686 βορᾷ
419 3594 571 3665 nonnulla
592 3595 794 3664 exciderunt.
833 3601 850 3683 §
880 3603 930 3664 10.
956 3598 1034 3676 μηδὲ
1058 3593 1133 3672 ὄντας
1157 3593 1237 3664 εἶναι
1253 3621 1351 3671 τινας.
1375 3595 1447 3684 lege

256 3709 351 3790 nnita
374 3715 405 3774 ct
429 3727 517 3777 τινας
540 3701 788 3789 expungendum
815 3723 883 3769 esse
907 3703 1089 3791 intelliges,
1122 3706 1154 3770 in
1182 3701 1244 3770 line
1266 3705 1350 3785 ὁρῶσι
1374 3721 1448 3791 par·

257 3814 405 3900 ticipinm
437 3819 506 3885 est,
541 3827 616 3874 nam
649 3807 676 3874 si
702 3807 835 3875 verbum
872 3808 998 3877 linitum
1024 3808 1105 3877 toret
1128 3809 1256 3895 ὄψονται
1287 3811 1445 3897 scriptum

257 3919 409 4006 oportuit.
458 3916 570 4002 ltaque
596 3915 621 3980 al
646 3911 828 3980 delendum.
873 3916 891 4000 ς
920 3919 970 3982 tt.
1003 3925 1066 3991 τοῖς
1098 3917 1324 3996 armenorium
1347 3915 1448 3995 ροδνοις

257 4025 384 4109 corrige
414 4029 479 4094 τοῖς
511 4019 802 4100 rontonnacum
832 4020 931 4100 μόνον.
977 4019 1023 4087 (li.
1049 4025 1067 4106 ς
1091 4026 1146 4089 37.
1197 4021 1231 4088 ln
1258 4026 1275 4108 §
1302 4027 1352 4088 12.
1375 4022 1449 4096 τοὺς

257 4127 458 4213 περιέψοντας
482 4125 594 4213 supple
617 4123 651 4196 εὖ
671 4128 881 4209 περιέψοντας.
914 4131 931 4214 §
956 4130 1004 4192 19.
1029 4128 1071 4200 εἰς
1102 4128 1136 4193 τὸ
1160 4124 1250 4204 ἅπαξ
1273 4135 1448 4215 transpone

257 4238 291 4305 τὸ
311 4231 461 4308 εἰσάπαξ.
488 4236 505 4317 §
528 4236 580 4299 20.
601 4227 643 4306 cic
665 4232 729 4298 οὐδὲ
750 4231 808 4298 κᾶν
827 4231 889 4305 ὄνος
909 4230 1023 4313 ὑπῆρξε
1043 4233 1178 4300 aberra.
1200 4241 1295 4318 turpe
1315 4233 1447 4301 riiiutn.

257 4343 293 4410 ln
324 4348 533 4408 KANONOC
565 4338 643 4404 latet
675 4346 947 4416 KANOHAIOC,
978 4341 1156 4418 anolinus,
1181 4337 1221 4406 ci.
1247 4343 1308 4418 60,
1332 4345 1363 4406 5.
1411 4338 1448 4406 lrr

260 4452 278 4535 §
305 4452 345 4512 21
380 4445 449 4532 lege
479 4443 567 4525 παρα
598 4467 651 4510 τον
675 4447 748 4526 πρὸς
767 4441 866 4527 ἕτερον
889 4455 922 4510 el
951 4444 1086 4528 φοροὶδνν
1111 4464 1167 4531 pro
1190 4445 1338 4527 Φοριρδδν,
1363 4443 1451 4532 qunti
