3086 4974
675 371 748 444 483

363 565 463 648 ὥσπερ
485 565 658 648 κυσθίζουσ’
682 567 766 633 dntnd’
790 569 864 647 dato
885 572 903 645 ai
927 569 1011 651 τύχη

364 665 395 740 ἓν
417 672 536 752 ἄνυσὸν
559 672 751 756 ’effigiem
773 675 831 757 τρί’
855 675 1124 745 excoecasset.

115 781 168 850 ott
199 780 349 849 dubitare
379 799 441 846 noa
472 777 607 846 delebat
640 778 819 847 dicioelrius
849 782 927 868 quin
952 792 1039 852 essct
1063 785 1158 852 unice
1191 805 1301 854 aeruna

113 887 340 968 ‘Tiloxterm
364 887 439 973 quia
462 887 488 952 ni
512 884 704 970 νυοιθίζοντες
729 885 873 954 sotebant
896 890 948 956 τὸν
972 887 1047 957 οἶνον
1070 891 1303 976 ’ΤΠΟχέοοντεσ

113 991 184 1062 εἷσον
206 995 242 1062 τὸ
266 993 341 1076 ὕδωρ
366 996 530 1073 'enixe‘ia

159 1100 260 1187 Saepe
277 1099 399 1168 insalsa
422 1098 653 1182 rrragistrnrurn
671 1096 890 1166 additamenta
907 1099 991 1187 qood
1011 1103 1148 1171 essetab
1170 1102 1304 1172 Oratore

113 1210 257 1275 animose
280 1214 313 1273 et
337 1204 540 1272 inflammato
565 1203 840 1291 pcntnre'dictam
867 1205 1037 1274 debilitant
1056 1218 1088 1276 et
1113 1209 1302 1296 iangoidunr

113 1324 146 1382 et
169 1315 258 1381 iners
282 1311 417 1380 iaciunt.
467 1310 599 1378 iiiaerat
618 1309 795 1377 Aeschines
817 1312 848 1378 in
874 1311 1057 1380 Tinanrcdee
1082 1318 1100 1401 §
1125 1321 1187 1384 t18
1213 1315 1304 1382 vehe·

115 1429 241 1490 menter
263 1427 296 1486 et
324 1419 459 1484 acriter:
493 1437 608 1504 magna
629 1416 779 1484 iodicium
809 1418 988 1484 eirnrmatat
1012 1441 1124 1487 corono
1146 1422 1305 1488 insciorum

114 1538 143 1594 et
166 1527 342 1602 seciorem,
374 1523 490 1590 niniam
514 1531 543 1588 ct
574 1521 729 1611 inspiciam
754 1543 791 1591 cx
817 1533 884 1590 tota
907 1525 1059 1603 Graecia,
1084 1523 1134 1601 οὓς
1158 1528 1203 1608 μὶν
1223 1529 1305 1607 νομί·

114 1634 178 1717 ζετῖ
201 1633 258 1713 diei
281 1632 484 1713 θεωρήσοντας
508 1628 590 1707 ἥκων
612 1631 702 1698 ἑλλοὶ
724 1632 806 1698 πολὺ
829 1637 954 1710 μᾶλλον
978 1634 1061 1711 ὑμᾶς
1083 1633 1254 1712 εἰσομένους
1277 1635 1304 1700 ei

114 1743 159 1821 peis
190 1738 278 1820 pedona
305 1733 339 1804 εὖ
363 1736 531 1818 νομοθετεῖν
555 1736 720 1813 extensae,
749 1737 839 1804 daed
867 1738 919 1803 eei
943 1739 1049 1818 spinare
1073 1740 1117 1806 ani
1139 1741 1227 1810 aeae
1251 1741 1304 1806 enai

114 1846 157 1914 τοὶ
178 1846 240 1925 μή,
274 1843 326 1910 renai
358 1847 456 1922 τιμᾶν
483 1842 554 1916 τοὺς
585 1840 697 1924 ἄνδρας
727 1844 799 1916 τοὺς
829 1844 1044 1923 essentessent
1071 1843 1211 1927 νολοὶζενν
1234 1849 1306 1920 τοὺς

113 1953 209 2028 ὀνείδη
234 1952 285 2018 τὸν
316 1951 431 2018 ἑωυτῶν
463 1949 533 2028 βίον
563 1958 603 2032 τῇ
632 1948 1052 2032 πάλυνωωρωσκευοέζσντονε.
1101 1951 1154 2019 Sic
1178 1950 1308 2019 dixerat

115 2056 231 2126 Orator
253 2055 372 2124 ardens
395 2056 503 2122 animo
527 2052 640 2140 rapido
661 2055 819 2120 orationis
843 2053 991 2124 donnino.
1039 2055 1131 2124 Nunc
1150 2077 1208 2145 per
1225 2059 1305 2125 scin·

115 2163 162 2232 ios
186 2165 229 2232 ito
262 2163 383 2249 legitur
412 2161 518 2243 spineas
550 2161 594 2228 rei
623 2162 710 2228 ectri
741 2161 928 2241 scicciani
955 2163 1058 2250 [saed
1081 2163 1224 2254 adnecte]
1252 2165 1303 2231 sei

116 2273 173 2359 [ei]
202 2273 299 2348 τνροῖον
331 2268 510 2356 [indenata]
540 2265 612 2339 seira
641 2264 754 2349 ἄνδρας
785 2269 856 2340 τοὺς
879 2269 1018 2347 ἀντιδοὺς
1040 2270 1094 2337 set
1120 2272 1161 2358 [si
1183 2271 1301 2362 θέλετε]

116 2375 256 2457 κολάζειν
279 2375 344 2442 art.
392 2373 562 2440 Praeterea
586 2392 645 2468 pro
667 2373 761 2454 dariis
785 2373 1021 2442 emendandum
1048 2384 1096 2442 est
1116 2375 1234 2451 ὄνειδος.

163 2482 230 2548 lem
256 2479 400 2566 singutas
420 2478 589 2546 Aeschinis
613 2479 774 2545 orationes
794 2479 945 2568 deinceps
969 2479 1108 2568 relegam
1129 2483 1207 2548 etsi
1227 2481 1305 2569 qnid

118 2587 269 2655 inciderit
291 2585 567 2652 animadversione
591 2584 726 2671 digcoan
747 2588 861 2672 paucis
879 2586 1147 2654 animadvertam.
1191 2586 1307 2656 Ordiar

116 2715 136 2761 a
162 2693 394 2781 ctesiphonten,
419 2711 515 2779 qrrarn
542 2711 645 2779 nuper
668 2690 761 2778 longe
782 2710 878 2778 quana
900 2691 996 2780 volgo
1012 2692 1092 2760 sciet
1111 2693 1306 2761 errrendatio·

118 2821 186 2868 renr
210 2800 313 2868 edidit
338 2801 387 2865 vir
409 2798 539 2885 egregie
563 2797 677 2866 doctas
700 2806 733 2864 et
758 2807 853 2866 acute
872 2818 1009 2868 cernens
1030 2798 1176 2868 Andreas
1196 2800 1307 2868 Weid-

117 2927 194 2985 ner,
212 2907 267 2994 qoi
290 2905 384 2991 longe
405 2907 581 2972 maximam
601 2898 983 2986 τῶντορεμβεβνημένων
997 2914 1119 2992 partera
1132 2909 1307 2994 expunxit,

115 3013 283 3102 complura
307 3011 445 3080 ieiiciter
469 3009 652 3078 emendavit
674 3008 765 3078 etde
785 3009 958 3078 (indicibus
979 3029 1093 3078 sanum
1113 3031 1152 3080 ac
1165 3011 1307 3100 prodeas

117 3119 274 3188 iudicium
299 3117 383 3185 tulit.
433 3115 574 3203 Reliquit
604 3115 682 3183 milri
707 3115 930 3204 spicilegium,
966 3128 1001 3183 ut
1030 3137 1089 3204 ego
1112 3117 1184 3184 aiiis
1208 3119 1306 3188 relia-

116 3246 226 3314 qoam.
251 3226 299 3292 Ex
320 3226 379 3303 iis,
404 3243 486 3310 quae
508 3221 586 3288 nriiri
607 3221 773 3289 observata
786 3232 817 3289 et
832 3231 938 3290 arctata
952 3233 1048 3304 sunt,
1075 3244 1161 3291 nunc
1174 3223 1305 3311 quidem

116 3334 240 3422 potiora
257 3329 402 3400 delibabo
419 3349 457 3396 ac
469 3327 603 3416 seiigaro
624 3337 750 3398 caetera
762 3327 824 3397 alio
838 3330 1306 3418 temporeeditnrusioiocenr.

165 3547 343 3632 Tamquam
365 3541 438 3609 boni
460 3541 578 3608 ominis
597 3559 696 3609 eausa
717 3543 855 3629 priraaoa
877 3562 991 3630 ponera
1014 3542 1106 3609 Bairii
1123 3543 1186 3610 mei
1199 3563 1306 3611 ernen-

119 3649 300 3726 dationenr,
325 3669 387 3736 aaa
412 3647 554 3736 primum
579 3648 611 3712 in
638 3647 851 3734 ctesiphonten
875 3647 1131 3716 additamentum
1158 3653 1176 3736 §
1201 3655 1231 3716 2.
1252 3671 1306 3716 ex·

119 3759 247 3846 portarit.
284 3757 414 3823 oixerat
429 3751 559 3822 Orator:
583 3753 756 3834 ἐβουλόμην
779 3755 836 3834 μὲν
852 3754 928 3824 ”AN
951 3755 1010 3845 (sic
1028 3754 1088 3840 teg.
1110 3775 1168 3843 prn
1186 3754 1247 3846 οὖν)
1261 3796 1306 3809 -

118 3863 190 3939 τοὺς
214 3861 321 3942 νόμους
340 3901 385 3912 -
405 3860 542 3943 ἰσχύων,
565 3858 601 3928 ἵν’
625 3859 695 3938 ἐξῆν
725 3868 840 3941 πρῶτον
867 3861 924 3941 μὲν
946 3864 989 3944 τῷ
1013 3861 1221 3947 πρεσβυτάτῳ
1247 3871 1307 3932 τῶν

117 3977 251 4038 aedredo
275 3967 431 4051 σωφρόνως
454 3968 506 4034 ἐπὶ
528 3966 563 4032 τὸ
586 3966 680 4045 βῆμα
707 3967 888 4048 παρελθόντι
913 3966 986 4034 ἄνευ
1019 3968 1144 4052 θορύβου
1170 3970 1224 4036 eei
1247 3995 1305 4036 τοο-

116 4085 220 4162 pegia
252 4074 287 4154 ἐξ
318 4076 479 4157 ἒροτενρίονρ
510 4074 554 4140 τὰ
583 4073 721 4153 βέλτιστε
751 4083 790 4157 τῇ
824 4073 913 4142 πέλεν
942 4074 1176 4154 συμβουλεύειν.
1228 4075 1307 4144 vide

118 4203 205 4250 narnc
227 4180 317 4248 scioli
341 4179 417 4268 quid
442 4179 698 4266 designaverint:
723 4178 763 4246 de
787 4199 845 4246 suo
868 4178 1062 4247 addiderunt
1081 4179 1136 4248 aiii
1159 4179 1259 4263 deren
1279 4185 1306 4250 ni

117 4291 201 4368 νόμον
224 4287 489 4370 προστάττουσιν,
519 4285 573 4352 alii
604 4283 704 4368 ὥσπερ
730 4287 760 4382 1οἱ
783 4284 867 4365 νόμον
891 4287 1080 4365 κελεύουσιν,
1105 4307 1187 4374 quae
1212 4289 1305 4357 verba

118 4397 309 4482 interposita
335 4395 421 4460 inter
444 4395 502 4458 τῶν
526 4399 658 4458 πολιτῶν
680 4429 725 4440 -
743 4391 902 4477 σωφρόνως
929 4413 986 4481 pro
1010 4392 1197 4463 deschiaeis
1221 4395 1306 4485 loge·

119 4501 263 4580 bantur,
287 4499 388 4568 donec
412 4499 535 4568 Baiias
559 4496 704 4565 iraodern
729 4497 891 4586 patefecit.
