3150 4972
704 385 753 455 iil

134 573 229 659 cipiet
253 571 345 656 aitis,
369 576 430 643 etia
457 575 551 645 iaciat
571 581 656 666 ipse,
679 577 916 646 emendandum
934 578 997 644 erit
1017 580 1143 660 σαυτῷ
1162 579 1226 661 γαρ
1246 585 1278 644 et
1299 573 1320 659 ᾧ

134 679 179 746 δεῖ
194 682 424 764 τρσσίχειν.
463 685 615 751 Lucterius
636 686 747 772 utique
768 705 829 750 nou
850 705 887 751 eo
906 685 1034 769 ingenio
1050 694 1120 750 erat
1140 695 1173 750 ut
1194 682 1319 749 dicendi

134 805 233 870 genus
257 797 436 854 sectaretur
462 810 578 856 uorum
605 799 635 856 et
661 790 743 877 qtrod
771 790 904 876 prabum
930 799 1014 857 esset
1035 809 1072 856 ac
1094 811 1207 856 sauum
1232 788 1322 856 dese-

134 899 229 969 reret,
254 893 331 980 quia
356 899 474 960 caeteri
499 915 610 962 omnes
635 904 860 982 sequerentur.
898 896 977 977 Quis
1001 905 1164 974 nostrum,
1189 896 1244 982 qui
1269 915 1322 961 ac·

133 1007 240 1064 curate
269 1000 385 1065 Grarm
408 999 599 1081 didicimus,
624 1003 822 1088 scripsisset,
855 1000 1125 1088 quemadmodum
1163 1005 1320 1088 scriptum

133 1111 178 1169 est
202 1109 264 1180 70,
291 1109 346 1172 33.
370 1105 443 1187 πρὸς
467 1109 530 1188 γὰρ
553 1111 595 1190 τῷ
619 1110 794 1190 χρηςοὺς
813 1109 867 1173 καί
887 1109 1180 1190 Φιλανύρύποωε
1199 1111 1319 1174 οὶκούειν

132 1209 180 1275 καί
203 1215 258 1276 τοῦ
289 1211 465 1293 moueretur
498 1214 550 1278 ὑπ’
581 1218 681 1280 αὐτῶν
713 1212 769 1290 ἔξω
794 1214 983 1292 γενύσεσύεί
1031 1213 1188 1300 Equidem
1212 1214 1320 1297 χρηεοί

132 1314 181 1380 καί
200 1315 410 1398 Φιλοίνύρωπσι
430 1326 462 1384 et
482 1319 550 1404 ipse
569 1321 771 1406 scripsissem
798 1334 826 1385 et
851 1320 1004 1410 Lucrsuutt
1024 1318 1149 1386 dedisse
1170 1339 1231 1384 uon
1251 1339 1320 1385 sus-

134 1420 217 1505 picor
240 1420 299 1486 sed
325 1432 415 1488 certo
438 1425 513 1489 seio.
551 1425 650 1490 diuite
675 1426 779 1491 serius
800 1427 865 1489 uati
884 1434 961 1489 sunt
981 1426 1036 1510 qui
1057 1423 1116 1489 hcc
1137 1425 1322 1492 nesciebam

133 1532 162 1590 et
185 1523 342 1591 Βοπιοσιοσ
364 1528 592 1596 imitabantur:
617 1529 714 1597 iidem
736 1538 911 1616 coeperunt
930 1531 1096 1617 antiquam
1117 1530 1320 1597 cousuetudi-

134 1647 206 1696 uem·
226 1629 379 1718 loquendi
406 1634 626 1722 interpretando
644 1636 831 1710 obscurare,
855 1635 959 1701 sicubi
982 1637 1200 1702 nmniuatirus
1219 1647 1250 1703 et
1271 1654 1320 1702 ac·

133 1738 298 1803 cusatirus
322 1753 564 1807 succurrerem.
605 1743 659 1808 His
680 1741 814 1808 debetur
832 1741 916 1828 apud
938 1742 1119 1808 Hruoucrmr
1141 1742 1223 1810 nraie
1243 1762 1320 1808 sana

134 1839 223 1910 ieeiie
249 1852 279 1909 i.
308 1849 363 1910 56.
390 1847 404 1910 ύ
425 1855 546 1928 Κροῖσος
577 1847 650 1926 ίίσίη
684 1848 816 1928 ἐλπίζων
840 1847 958 1926 ἡμίονον
980 1849 1102 1926 ούύαμίι
1126 1850 1194 1914 ἄντ’
1218 1849 1321 1929 ἀνδρὸς

133 1947 331 2025 βασιλεύσειν
353 1954 476 2028 Μίδων.
495 1956 556 2020 οὐδ’
576 1953 612 2020 ὦν
634 1957 727 2029 αὐτὸς
748 1956 815 2021 οὐδὲ
835 1957 867 2021 oi
887 1954 922 2032 ίξ
942 1955 1037 2019 αὐτοῦ
1057 1953 1234 2020 παύσεσύαί
1252 1977 1321 2020 κοτε

131 2062 184 2130 τῆς
205 2059 332 2138 ἀρχῆς,
356 2063 571 2126 necessarium
598 2070 644 2127 est
672 2061 739 2128 out
759 2063 851 2135 τούς
872 2059 906 2138 ἐξ
930 2062 1036 2126 αὐτοῦ.
1084 2059 1177 2145 Apud
1194 2059 1320 2126 timos-

132 2177 244 2227 πολλοι
268 2165 345 2243 πρὸς
366 2164 538 2246 Λεωχάρην
563 2186 592 2253 p.
623 2169 726 2242 1080,
760 2165 857 2240 αίτιύρ
880 2168 925 2234 ist
948 2163 1119 2246 Λεωχάρης
1143 2165 1242 2230 ούτοσί
1266 2170 1319 2233 ποῦ

132 2266 180 2331 καί
203 2268 328 2334 αὐτὸν
352 2271 502 2350 κρίνεσθαι
533 2274 585 2338 καί
610 2275 665 2352 ἐμὲ
696 2275 832 2353 νεώτερον
862 2270 936 2337 ὄντα
959 2269 1064 2347 λίγειν
1087 2270 1117 2334 ἐν
1141 2271 1230 2348 ύμῖν.
1257 2290 1317 2336 riou

133 2380 179 2437 est
200 2376 454 2462 exspectandum
480 2398 497 2442 a
519 2378 609 2442 tibris
635 2377 830 2464 praesidium
851 2375 980 2444 lectioni
1001 2372 1112 2453 αὖτίς,
1138 2394 1220 2460 quae
1240 2375 1318 2440 satis

132 2471 222 2546 itabet
246 2483 282 2548 in
309 2501 342 2548 se
367 2483 435 2570 ipsa
460 2481 623 2569 praesidii.

172 2585 387 2654 Coniunctiru
406 2607 486 2674 opus
510 2598 558 2654 est
583 2609 640 2675 pro
665 2588 840 2655 indicativo
862 2590 894 2654 in
916 2587 967 2652 his
988 2590 1047 2660 42.
1074 2591 1128 2652 25.
1148 2588 1181 2652 τί
1196 2590 1316 2652 ποιοῦ-

131 2713 218 2774 μεν;
246 2692 515 2780 responderur-
531 2695 735 2778 ἐπιρρίψωμεν
758 2697 822 2761 ντί.
848 2693 927 2758 nihii
952 2692 1073 2758 certius
1097 2700 1145 2757 est
1167 2711 1264 2778 quam
1286 2692 1319 2758 τί

132 2805 258 2877 ποιῶμεν
282 2799 418 2884 requiri.
457 2798 574 2866 Eodem
600 2800 742 2866 remedio
767 2798 922 2866 utendum
948 2803 1007 2874 tt,
1040 2801 1094 2864 ὄλ.
1121 2801 1210 2877 ἡμεῖς
1232 2798 1264 2863 δὲ
1286 2797 1319 2862 τί

131 2909 271 2983 ποιοῦμεν
298 2904 348 2969 ἐπὶ
372 2906 509 2983 ‘roduam

172 3009 274 3076 iduitu
299 3007 422 3076 foedius
446 3015 543 3077 etism
570 3009 651 3078 idem
679 3013 793 3077 vitium
820 3009 1000 3096 neglectum
1026 3018 1072 3075 est
1095 3009 1129 3074 in
1149 3014 1209 3086 tt,
1235 3017 1265 3074 t.
1286 3008 1318 3074 τί

131 3111 194 3196 οὖν,
218 3113 240 3181 d
262 3119 373 3196 Ἑρμῆ,
393 3117 486 3193 δωρεὴ
510 3119 744 3200 προτίθεμεν
765 3120 869 3191 αὐτοῖς
889 3115 1004 3195 σίγσρύν
1025 3117 1110 3180 δικῶν
1131 3114 1148 3189 ἢ
1168 3114 1264 3189 diacre
1286 3117 1316 3189 ἐς

131 3221 224 3286 νέωτα
243 3228 613 3304 παραγγελοῦμεν,
636 3223 762 3290 iuedum
777 3232 844 3300 esi,
863 3224 1013 3308 inquam,
1036 3219 1176 3287 notitidm
1191 3245 1317 3300 παραγ·

130 3327 284 3408 γείλωμεν
307 3349 378 3394 esse
402 3328 631 3397 emendatum:
655 3339 818 3413 praeterea
838 3330 991 3408 προθῶμεν
1012 3329 1204 3411 rescriptum
1226 3346 1318 3413 opor·

133 3435 202 3501 tuit.
227 3434 336 3501 Etiam
351 3435 383 3498 in
403 3437 689 3520 praestantissimis
702 3437 874 3501 Atticorum
890 3430 1073 3499 huiusmodi
1088 3431 1201 3498 menda
1216 3453 1317 3520 aequo

131 3539 236 3606 auimo
260 3539 431 3616 feriretur,
459 3549 492 3604 ut
519 3542 549 3605 in
576 3541 725 3607 Pesrours
750 3540 922 3623 Ρσσιοροσο
946 3557 1017 3624 pag.
1039 3541 1105 3602 520
1125 3559 1170 3603 c.:
1195 3537 1318 3621 τίτερσν

132 3645 255 3720 ύμῖν-
267 3647 363 3726 μῦύον
380 3645 481 3724 λίγων
500 3645 638 3722 ἐπιδείξω
651 3649 668 3722 d
682 3648 766 3728 λύγῳ
785 3646 1004 3725 διεξελύύνρ
1030 3642 1247 3726 reponendum
1269 3653 1318 3710 est

132 3749 289 3830 διεξύλύως
314 3762 346 3818 et
371 3749 460 3818 brevi
487 3761 554 3837 post
580 3773 609 3838 p.
626 3757 690 3818 522
704 3773 751 3819 ωε
774 3753 845 3818 τίνα
868 3748 917 3818 οὖν
939 3747 1050 3831 τρίπον
1072 3748 1133 3824 δοίη
1157 3747 1241 3825 δίκην
1264 3751 1317 3816 καί

132 3855 202 3922 αἰδῶ
223 3859 404 3940 ἀνθρώποις,
429 3858 485 3944 qui
512 3865 613 3924 totum
640 3858 744 3924 iocum
770 3857 944 3944 diiigenter
972 3853 1177 3942 perpenderit
1201 3857 1319 3923 sentiet

133 3959 170 4025 λῶ
199 3981 268 4030 esse
299 3962 540 4050 corrigendum.
587 3965 777 4030 correxerat
809 3963 892 4029 idem
926 3963 1039 4027 vitium
1073 3965 1134 4035 tr,
1169 3965 1220 4026 tt.
1246 3961 1318 4026 Dm-

135 4083 269 4144 marms,
299 4076 334 4134 at
359 4069 521 4136 Briareus
553 4070 687 4136 retinuit
717 4067 901 4151 βούλωνταί
932 4065 1055 4139 ταύτας
1086 4067 1318 4149 ύτσκληρσῡμεν

137 4189 192 4255 pm
220 4175 448 4254 ἀποκληρῶμεν.
499 4175 623 4260 [tupiiei
657 4174 750 4240 rrrodo
786 4175 1002 4260 depravarunt
1039 4169 1187 4237 Editcres
1223 4171 1318 4238 rerba

137 4274 256 4344 Lucrum
284 4287 341 4356 re,
364 4283 428 4358 22,
454 4279 506 4344 uhi
532 4278 619 4346 deriit
640 4281 841 4353 iacoerrzms,
865 4277 1060 4359 προελόμενοί
1078 4299 1148 4344 τινα
1166 4277 1201 4357 ἐξ
1219 4277 1318 4344 exav-

136 4405 192 4447 πων
214 4381 273 4460 dere
304 4386 399 4468 ι’ίριεσι
428 4394 638 4468 κατηγορῆσαι
675 4387 713 4453 ἂν
747 4387 837 4468 δοκῇ,
871 4385 924 4450 uiti
956 4381 1010 4449 atti
1041 4381 1116 4448 libri
1145 4388 1319 4466 κατηγορη-

138 4511 201 4554 σειν
218 4489 285 4576 δοκῇ
310 4501 367 4562 aut
390 4493 611 4575 κατηγορήσειν
642 4495 739 4567 δοκεῖ,
773 4488 958 4558 Drrmrrms
988 4488 1179 4555 iacrrmrmmr
1210 4492 1318 4574 sequi-
