3208 4972
808 365 879 437 218

248 563 371 630 similes
395 571 470 628 sunt
494 559 596 626 lorma
621 570 654 628 et
675 562 761 628 inter
783 581 818 626 so
836 569 868 628 el
892 559 1020 628 litterae
1037 584 1071 636 νρ,
1092 569 1127 626 ut
1147 579 1209 625 nun
1232 559 1274 626 sit
1294 559 1439 627 cuiusvis

247 668 431 735 discernere
464 673 574 732 utrum
605 668 631 746 β
663 687 703 734 an
736 693 753 741 κ
784 685 824 732 au
856 692 874 733 κ
906 667 949 732 sit
980 665 1150 752 scriptum.
1198 664 1289 746 Quod
1313 663 1439 734 Ovinius

247 781 381 839 venuste
416 771 511 837 dicit:
556 772 655 859 socios
697 793 758 838 ooo
793 771 936 840 cornibus
977 793 1040 838 ιιιιο
1084 793 1140 838 occ
1173 771 1297 838 άίοοτιο
1336 781 1438 838 ίοιοιοιν

247 877 373 966 quolam
403 877 489 944 decet
516 898 583 942 csso
614 899 774 956 sororum,
813 877 896 944 idem
932 877 972 945 de
1008 876 1071 942 illis
1095 876 1212 944 litteris
1235 876 1300 944 dici
1324 886 1437 965 potest.

249 984 283 1052 Si
307 984 380 1069 quis
407 981 466 1051 hoc
490 982 612 1068 agitet
637 983 717 1050 bene
741 982 861 1050 Graece
885 984 946 1050 scit
970 981 1065 1069 longo
1091 1002 1151 1049 usu
1175 981 1297 1070 aliquid
1321 982 1439 1050 discri-

249 1090 347 1157 minis
369 1087 552 1156 observabit
576 1108 617 1155 ne
641 1108 750 1156 errare
773 1088 890 1176 possit,
916 1089 970 1155 ubi
993 1088 1157 1155 remiseris
1176 1088 1299 1175 aliquid
1318 1089 1440 1156 iterum

248 1197 429 1262 miscentur
452 1194 571 1260 omnia.
621 1195 799 1262 llrsrcsruu
823 1215 918 1283 saepe
942 1215 979 1262 ea
1004 1195 1111 1261 resin
1137 1193 1284 1262 fraudem
1311 1195 1438 1263 induxit

250 1323 351 1389 quum
378 1302 481 1383 Ἤρινε
505 1321 562 1388 pro
585 1307 663 1383 κρῖνε
693 1299 867 1379 scriberet,
899 1309 957 1369 aut
986 1302 1109 1376 ἐνικλάν
1136 1320 1193 1387 pro
1217 1302 1358 1378 ίνικλάν,
1382 1310 1439 1368 aut

248 1409 358 1486 solaco
394 1428 451 1496 pro
492 1399 640 1474 εὕκλοι.’
671 1405 765 1492 Apud
809 1407 947 1474 Psorrou
985 1406 1059 1473 God.
1095 1410 1148 1472 tll.
1186 1427 1218 1494 p.
1250 1413 1303 1475 75.
1339 1404 1439 1491 οὗκριν

249 1515 424 1592 scribitur,
449 1533 550 1600 quum
573 1511 682 1578 Venus
702 1513 881 1600 principem
902 1521 1064 1601 oporteret
1086 1511 1244 1602 (οὐνῑριν),
1265 1524 1297 1580 et
1318 1514 1437 1601 passim

249 1623 296 1687 sic
315 1619 439 1688 scribae
463 1629 587 1687 veteres
607 1616 858 1686 hallucinantur.
894 1619 961 1685 Non
982 1620 1111 1686 acutius
1133 1628 1272 1686 cernunt
1293 1618 1440 1685 homines

249 1725 446 1802 doctissimi,
471 1723 556 1812 quod
584 1722 711 1790 duobus
734 1722 888 1812 exemplis
918 1723 1153 1792 demonstrabo.
1202 1724 1236 1790 ln
1272 1723 1340 1792 loco
1364 1725 1439 1791 rn-

249 1853 335 1900 ronrs
358 1832 473 1898 comici
499 1828 583 1916 apud
608 1830 725 1896 Arnen.
742 1829 779 1896 X.
806 1851 835 1916 p.
850 1834 925 1896 lla.
946 1851 977 1898 a.
999 1829 1108 1896 editur
1127 1830 1260 1896 verbuur
1280 1835 1437 1907 κινντιῖιν,

249 1937 335 2024 qrrod
367 1935 460 2002 nihili
490 1943 555 2012 est;
591 1937 624 2001 in
660 1933 770 2002 codice
806 1936 975 2024 perspicue
1005 1938 1147 2017 deerrarit
1181 1945 1231 2004 est
1266 1938 1436 2024 scriptum.

251 2043 549 2111 &suessanusscus
584 2039 772 2110 felicissima
806 2045 1007 2110 correctione
1043 2042 1186 2110 restituit
1219 2042 1440 2130 fragmentum

252 2149 372 2218 Burnum
394 2147 478 2236 apud
504 2150 619 2214 lonas.
644 2148 698 2214 lll.
725 2168 753 2235 p.
776 2153 852 2216 570.
876 2169 904 2214 r.

386 2253 523 2338 ῥάφανος
549 2253 691 2336 λιπαρά,
716 2253 937 2336 σπλαγχνίδια
960 2254 1084 2332 πολλά,
1109 2253 1222 2337 σαρκία

386 2362 587 2428 ἁπαλώτατ’.
614 2361 711 2428 Οὐδὲν
730 2361 779 2441 μά
804 2361 869 2427 Δία
891 2367 954 2434 τοῖς
978 2361 1064 2438 ἐμοῖς
1087 2361 1151 2426 καί
1176 2367 1258 2433 τοῖς

387 2465 477 2548 ὅμοια
500 2466 678 2549 πράγματ’.

250 2596 308 2664 pro
331 2574 383 2642 sol
408 2581 472 2648 τοῖς
495 2575 614 2661 reperit
632 2573 773 2655 βλίτοις,
796 2571 979 2650 verissime,
1000 2590 1141 2658 namque
1162 2570 1194 2636 in
1216 2571 1311 2638 unico
1329 2569 1441 2640 codice

251 2683 420 2769 perspicue
444 2680 601 2766 scriptum
628 2679 735 2747 inueni
762 2679 822 2758 βαι
846 2685 920 2750 τοῖς.
967 2676 1064 2763 Copia
1088 2676 1306 2763 exemplorum
1331 2683 1381 2746 est
1404 2676 1438 2744 iu

253 2788 404 2855 llssrcnro
435 2787 636 2873 caeterisque
666 2785 777 2865 λέξεων
809 2782 1046 2851 conditoribus:
1080 2780 1182 2850 multa
1206 2780 1440 2850 Vaccsrnsnms

250 2892 405 2960 iudicarit
442 2892 474 2959 in
511 2891 642 2959 Miscell.
682 2889 852 2958 Observolt.
890 2887 1079 2956 Amctelood.
1112 2886 1171 2954 vol.
1198 2887 1280 2955 Vlll.
1305 2908 1336 2975 p.
1363 2893 1439 2956 lll'l.

249 3021 296 3086 sq.
334 2997 440 3084 qualia
477 3005 554 3064 suut
583 2995 728 3072 Μινιίκιορ
762 3015 820 3083 pro
843 2995 1005 3072 Μινονίιορ,
1041 2991 1175 3060 Νάσκιον
1213 3014 1269 3080 pro
1290 2995 1439 3072 Nostros,

250 3105 407 3186 ἕπίκρανος
441 3122 499 3188 pru
534 3102 712 3184 ἐπιήρανος,
746 3099 977 3168 πολυκλάκατα
1013 3119 1071 3186 pru
1101 3098 1350 3179 consonatum,
1381 3109 1440 3166 aul

250 3221 363 3276 eontra
385 3206 518 3289 κρυερίνε
540 3207 686 3289 φρικτόν,
711 3226 769 3294 pro
788 3204 933 3290 φρικτίν,
954 3205 1074 3284 ἕνίιιροοκ
1097 3224 1155 3292 pro
1180 3203 1300 3286 ἔνικμον
1324 3206 1367 3296 (v.
1389 3207 1440 3287 ἑρ-

250 3313 397 3402 σήεντα),
419 3311 545 3394 μορίναι
569 3331 626 3398 pro
650 3320 777 3394 μυρῖκαι
796 3320 845 3390 et,
867 3311 1067 3398 quodetiam
1089 3311 1218 3397 turpius
1236 3321 1304 3390 est,
1329 3333 1347 3380 e
1371 3311 1442 3380 loco

251 3420 423 3488 Homerico
453 3418 530 3486 δάκε
565 3419 597 3485 δὲ
626 3419 741 3502 Φρίναρ
768 3416 890 3500 Ἕκτορι
914 3419 1005 3497 μῦίορ
1029 3417 1135 3503 glossa
1158 3425 1207 3483 est
1231 3416 1344 3493 δάκει
1369 3417 1442 3484 ἐλύ-

249 3551 341 3604 πνσε.
368 3535 433 3593 lam
469 3523 549 3590 nibil
582 3524 636 3590 isli
665 3526 822 3610 cogilaut.
871 3523 1119 3608 Nonnumquam
1151 3541 1296 3590 errorem
1330 3541 1442 3591 errore

249 3632 419 3701 cumulant
454 3640 491 3697 ut
521 3630 608 3718 apud
643 3630 756 3696 Surnrn
788 3651 818 3696 v.
850 3629 1010 3709 edobecco
1044 3648 1100 3715 pro
1130 3627 1297 3709 πάγκοινον
1320 3629 1442 3714 legitur

250 3742 432 3822 παγάσιμον
456 3736 576 3825 triplici
598 3737 687 3802 vitio.
738 3735 834 3802 Plura
858 3735 1034 3820 degenere
1058 3732 1118 3802 boc
1142 3735 1270 3802 Bisrrus
1294 3733 1443 3820 collegit,

253 3859 287 3914 ul
316 3847 422 3920 νίκλιις
455 3864 513 3930 pro
545 3844 670 3921 νίνρλυρ,
700 3842 826 3925 abaciaco
859 3861 917 3928 pro
948 3841 1091 3924 εὒκνίσιρ,
1128 3840 1202 3907 alia.
1250 3839 1350 3927 Saepe
1379 3840 1444 3906 viri

250 3953 336 4019 docti
362 3958 496 4039 peccant
523 3950 555 4017 iu
587 3947 750 4014 codicibus
781 3946 1000 4014 describendis
1028 3947 1150 4014 similes
1175 3944 1233 4013 bas
1256 3946 1442 4014 litterarum

252 4057 374 4144 ligures
393 4053 639 4124 confundentes.
675 4054 805 4142 lusigue
824 4053 1008 4141 exemplum
1027 4061 1076 4120 est
1096 4053 1128 4118 in
1150 4051 1288 4120 Scholiis
1300 4051 1445 4130 Venetis,

251 4163 290 4230 ad
317 4161 428 4229 iliadis
452 4171 489 4228 K.
515 4165 592 4227 431.
623 4160 696 4244 πρὸς
724 4161 768 4226 τά
798 4161 865 4242 περὶ
903 4162 1044 4233 Κιλικίας
1076 4158 1222 4226 ‘florebam
1269 4159 1348 4226 Rern
1380 4177 1446 4226 acu

253 4268 356 4355 teligit
383 4267 551 4345 Lcncsrus,
577 4267 632 4352 qui
656 4268 780 4344 iaculare
800 4266 999 4344 emendavit,
1021 4276 1053 4332 et
1073 4264 1105 4331 id
1133 4267 1239 4351 ipsum
1266 4266 1298 4331 in
1325 4263 1447 4332 codice

252 4375 410 4463 scriptum
446 4392 516 4440 esse
541 4371 619 4441 ridi.
666 4372 753 4456 Quas
778 4372 890 4440 turbas
922 4372 999 4439 dare
1030 4371 1132 4439 solent
1163 4395 1194 4439 κ.
1225 4372 1261 4451 β.
1294 4396 1323 4449 ν.
1361 4369 1448 4439 male

253 4482 358 4558 lecta,
383 4478 512 4547 eaedem
536 4487 691 4566 apparent
710 4477 742 4543 in
763 4477 992 4545 coniunctione
1015 4475 1200 4544 litterarum
1219 4501 1256 4544 κν
1276 4486 1308 4545 el
1329 4500 1381 4556 νν,
1399 4476 1447 4558 βυ
