3160 4972
795 337 864 410 388

223 549 286 617 qua
311 546 498 619 regnarem
521 552 664 602 errorem
689 533 853 599 commisit
889 532 1116 599 Hrnrocmrron
1149 555 1178 602 ν.
1209 535 1328 614 λόγου
1351 557 1416 600 τυ·

222 645 326 720 xciv:
350 637 419 705 suet
441 643 497 708 τοῦ
522 639 692 707 forefacti.
730 639 923 718 Appositum
952 639 982 706 ἐν
1005 641 1048 722 τῷ
1078 641 1152 723 ὑπὲρ
1180 647 1411 726 Κτησιφῶντος.

222 743 326 810 Locus
349 742 469 830 legitur
493 767 523 835 p.
545 750 627 824 229,
661 752 712 814 13.
737 746 770 811 οὐ
803 746 865 828 γὰρ
887 747 1086 830 οὶφοονρεῖσθοον
1109 747 1213 814 δεῖτὸ
1236 748 1414 829 προσελθεῖν

222 852 264 932 τῷ
289 849 373 932 δήμῳ
405 853 458 918 ael
488 852 612 934 λόγον
642 861 815 935 ccxciv:
838 871 921 940 quae
953 851 1049 919 verba
1080 853 1319 921 Grammaticus
1345 873 1408 918 non

222 952 401 1037 intellexit,
436 958 520 1045 quod
551 979 589 1025 eo
620 967 668 1024 cst
700 959 845 1045 turpius,
869 957 945 1045 quia
969 967 1036 1024 tam
1066 957 1160 1048 saepo
1183 959 1278 1040 λόγου
1300 967 1412 1041 τυχεῖν

222 1061 342 1150 legitur
372 1063 455 1150 apud
496 1063 647 1131 Oratores
685 1071 716 1129 et
756 1063 945 1130 Historicos.
997 1064 1061 1130 Hoc
1094 1066 1199 1151 ipsum
1233 1065 1411 1132 Paurraono

221 1166 419 1236 reddendum
445 1177 495 1236 ost
524 1171 556 1236 in
587 1169 736 1237 Marcello
768 1189 837 1257 cap.
871 1173 927 1236 23.
960 1172 1020 1237 τῶν
1052 1173 1244 1254 Συρακοσίων
1278 1195 1409 1254 τροστε·

220 1276 331 1342 odoror
361 1276 413 1342 sal
445 1277 591 1357 δεομένων
620 1275 747 1356 slyer
778 1284 888 1358 τυχεῖν
912 1276 965 1342 acl
990 1274 1095 1358 diane,
1123 1277 1176 1345 ubi
1207 1297 1282 1346 vera
1314 1277 1410 1345 lectio

220 1388 270 1449 esi
292 1381 418 1462 λόγον
441 1391 560 1466 τυχεῖν.

263 1488 310 1556 dd
335 1509 406 1578 pag.
433 1494 509 1556 325.
560 1487 728 1576 Scriptura
759 1497 957 1556 unroaco
984 1489 1241 1558 Grammaticum
1273 1491 1406 1558 doctum

217 1595 321 1682 magis
344 1614 441 1682 quarn
466 1604 598 1662 acutum
623 1594 772 1664 fefellisse
796 1595 940 1674 videtur,
966 1604 1001 1662 ut
1021 1599 1148 1679 ἠκροᾶτο
1177 1617 1247 1666 esse
1277 1605 1407 1684 putaret

217 1699 302 1788 quod
324 1699 453 1780 ἠκροοσο
473 1709 577 1778 esset,
603 1708 634 1766 et
659 1699 735 1767 lrinc
759 1701 941 1789 aequalium
965 1703 1053 1768 vitiis
1077 1705 1235 1770 sermonis
1253 1705 1405 1786 alopeciam

217 1827 273 1892 pro
296 1807 392 1891 ἀκροᾷ
416 1812 449 1872 et
471 1809 601 1888 deperire
623 1826 679 1893 pro
711 1811 801 1890 ἦκροῶ
826 1809 976 1896 opinatus
999 1817 1049 1876 est
1073 1829 1107 1876 se
1131 1810 1291 1876 invenisse
1315 1817 1405 1876 rete·

216 1933 283 1979 rem
308 1921 472 1978 auctorem
495 1931 532 1978 ac
558 1921 683 1978 testem.
733 1913 899 1981 Praeclara
925 1935 975 1981 res
995 1923 1028 1981 et
1050 1918 1217 2002 egregium
1238 1916 1406 1984 Gramma·

215 2020 297 2086 ticae
321 2018 402 2083 artis
427 2018 622 2104 praesidium
656 2031 705 2086 est
729 2030 923 2088 accentuum
955 2023 1113 2089 rationein
1139 2021 1236 2109 probe
1260 2041 1353 2089 nosse
1372 2031 1408 2090 et

216 2125 334 2212 ubique
357 2123 538 2210 expeditam
564 2133 596 2191 et
621 2135 766 2212 paratam
792 2127 920 2195 habere.
967 2127 1155 2216 Complures
1176 2137 1251 2195 sant
1277 2137 1406 2195 nostra-

214 2230 315 2306 tium,
342 2231 397 2316 συί
422 2230 529 2298 nescio
552 2231 712 2318 quomodo
735 2235 953 2301 certissimum
977 2233 1035 2300 hoc
1057 2233 1250 2301 litterarum
1266 2233 1406 2302 Graeca·

213 2356 285 2404 rum
312 2336 491 2404 subsidium
515 2335 625 2405 roluut
644 2348 851 2408 contemnere
873 2338 991 2417 rideri,
1012 2347 1044 2406 et
1065 2339 1104 2407 de
1124 2339 1310 2407 accentibus
1329 2359 1405 2406 con-

213 2441 394 2510 temnendis
415 2441 512 2509 veluti
535 2443 573 2510 de
598 2453 762 2512 contemtu
784 2446 972 2513 divitiarum
997 2444 1118 2512 urbane
1137 2453 1170 2513 et
1186 2447 1329 2514 suaviter
1342 2467 1405 2514 nu·

210 2558 339 2635 gantur.
389 2547 509 2628 Credo,
534 2548 707 2618 difficultas
731 2561 763 2619 et
783 2551 871 2619 labor
895 2550 1039 2618 discendi
1060 2551 1213 2619 disertam
1240 2553 1404 2640 negligen-

212 2656 289 2722 tiam
316 2653 403 2721 facit.
439 2651 563 2722 llalunt
581 2658 667 2724 eninr
688 2657 847 2736 disserere
869 2657 948 2724 nihil
969 2658 1084 2724 esseio
1107 2657 1295 2726 accentibus
1308 2657 1401 2736 boni,

209 2781 304 2850 quam
330 2762 408 2850 quid
430 2763 473 2828 sit
494 2761 630 2830 discere.
680 2764 778 2831 llemc
803 2783 956 2851 umquam
980 2765 1097 2851 poterit
1118 2763 1177 2830 lroc
1201 2760 1402 2830 adminiculo

207 2868 384 2936 destitutus
417 2868 640 2937 inexhaustam
671 2867 800 2956 linguae
829 2870 969 2938 Graecae
993 2871 1131 2957 copiam'
1148 2877 1179 2937 et
1209 2870 1398 2937 varietatem

208 2976 316 3042 auimo
339 2983 371 3042 et
394 2984 502 3042 mente
526 2977 573 3044 sic
594 2975 785 3063 complecti,
812 2985 847 3043 ut
873 2997 933 3044 non
957 2975 1057 3043 multe
1083 2975 1277 3063 permisceat
1296 2984 1326 3042 et
1352 2961 1409 3042 ri·'

206 3081 312 3149 dicule
335 3079 530 3160 confundat,
555 3101 638 3170 quae
663 3081 786 3160 forma,
810 3103 926 3161 sonsa,
961 3102 1041 3162 usu,
1075 3090 1180 3149 aetate
1211 3089 1267 3148 aut
1291 3082 1396 3169 patria

206 3187 282 3255 olim
308 3187 429 3253 fuerint
450 3186 622 3275 diligenter
642 3188 793 3256 dirernta.
843 3187 978 3256 Vacillat
1004 3189 1156 3256 memoria
1179 3189 1210 3253 in
1231 3207 1268 3254 ca
1294 3189 1396 3256 incre·

206 3293 295 3362 dibili
317 3292 494 3360 formarum
515 3296 621 3381 copia,
644 3296 675 3360 in
698 3291 882 3382 analogiae,
906 3293 1131 3371 derivationis,
1155 3295 1397 3381 compositionis

206 3400 329 3468 ratione
351 3408 383 3468 et
405 3419 464 3466 usu
484 3399 699 3480 observando,
724 3400 936 3489 disponendo,
960 3401 1119 3466 tenaciter
1138 3399 1326 3481 retinendo,
1342 3399 1395 3466 uhi

204 3507 263 3575 hos
281 3515 386 3576 certos
403 3505 526 3574 indices
547 3506 662 3574 horum
684 3507 909 3576 discriminum
930 3507 1106 3574 oscitanter
1125 3515 1158 3573 et
1178 3505 1277 3574 stulte
1290 3505 1395 3592 negle-

203 3615 300 3683 xeris.
347 3612 447 3680 Nemo
472 3632 624 3700 umquam
651 3615 767 3700 poterit
787 3612 983 3702 syllabarum
1010 3613 1154 3679 omnium
1181 3614 1395 3700 quantitatem

203 3722 236 3788 in
258 3728 407 3808 promptu
429 3718 562 3798 latere,
582 3720 643 3785 nisi
660 3721 716 3807 qui
735 3728 922 3787 constanter
941 3719 973 3785 in
987 3717 1124 3806 singulis
1136 3720 1195 3806 τρὶς
1217 3719 1395 3803 προσῳδίας,

194 3809 241 3894 ⁸ut
275 3834 399 3894 veteres
433 3826 546 3892 Graeci
579 3836 721 3892 occentus
757 3826 936 3914 appellant,
967 3825 1062 3912 longo
1095 3844 1155 3892 usu
1189 3826 1396 3912 cognoverit,

202 3953 284 4022 quae
308 3933 461 4000 continuo
493 3931 671 4000 sribiiciunt
701 3931 803 3999 oculis
832 3932 863 3999 id
889 3931 973 4020 quod
998 3931 1152 4019 paulatim
1187 3933 1291 3998 tenaci
1325 3951 1391 3998 me·

201 4041 304 4108 moria
335 4037 489 4106 delemus
521 4037 670 4126 philologi
705 4038 842 4106 firmiter
875 4041 907 4105 in
940 4038 1089 4105 omnibus
1122 4043 1242 4104 tenere.
1291 4036 1393 4119 Quam

202 4147 420 4214 necessarium
442 4148 484 4214 sit
505 4146 536 4211 in
560 4165 594 4212 re
615 4145 833 4213 Grammatica
854 4154 882 4214 et
900 4144 1180 4213 Criticaonmium
1195 4141 1392 4232 syllabarum

200 4273 388 4324 mensuram
412 4253 513 4330 scire,
537 4259 569 4319 et
593 4271 653 4318 non
679 4251 774 4318 aliter
797 4271 894 4338 quam
918 4251 965 4318 sic
988 4251 1069 4318 artis
1092 4249 1243 4316 iletricae
1261 4247 1393 4316 faculta·

198 4369 264 4427 tem
286 4361 375 4426 nasci
395 4366 428 4425 et
447 4355 547 4425 excoli
563 4377 671 4444 posse,
692 4365 724 4424 et
743 4358 906 4425 caecutire
925 4359 1043 4446 passim
1057 4363 1088 4422 et
1102 4355 1243 4443 turpiter
1255 4375 1289 4422 se
1301 4353 1392 4438 dare,

199 4465 256 4553 qui
277 4463 336 4531 hac
359 4461 511 4530 facultate
530 4473 661 4530 careant
688 4483 925 4552 supervacuum
945 4470 995 4532 cst
1013 4461 1247 4563 demonstrare.
1281 4462 1392 4550 ltaque
