3160 4972
735 353 804 425 375

176 548 274 622 Λύσις
296 549 329 615 δὲ
352 547 405 614 καί
433 554 534 616 κεῖται
567 554 668 622 καλῶς
699 549 754 630 ὑφ’
784 550 884 628 ὑμῶν,
916 544 1001 633 qttttd
1026 543 1118 611 nihili
1143 554 1202 610 est.
1252 544 1368 610 Veram

177 655 345 721 lectionem
382 653 533 740 patefacit
565 652 653 719 incus
684 674 716 741 p.
740 659 803 721 585
828 675 853 720 n.
876 653 926 718 ίσί
951 651 1037 729 ξένης
1061 651 1076 717 ί
1099 649 1197 723 Λύσις
1227 651 1371 728 κεκηδευ-

176 785 248 836 ται,
270 770 303 827 et
324 769 396 846 post
417 779 518 846 pauca
547 760 633 834 ίσίιις
665 760 722 826 ent
752 767 811 826 τῶν
840 760 941 844 φίλων
964 758 1182 837 κεκηδεῦσθαι,
1209 755 1294 823 uude
1316 776 1370 843 ap·

178 873 269 953 paret
292 865 528 933 ementiendum
558 885 628 933 esse
651 867 750 940 Λύσις
773 868 806 933 δὲ
836 868 889 932 καί
914 865 1162 936 κεκήδευται
1186 869 1289 939 καλῶς
1314 863 1369 946 ὑφ’

179 973 273 1052 ὑμῶν.

224 1077 272 1144 tt
297 1097 369 1165 pag.
394 1082 471 1146 527.
520 1076 622 1159 Quam
650 1085 744 1165 turpe
774 1077 859 1166 apud
885 1078 1109 1145 Dnncsrncnrnr
1133 1077 1290 1144 emblema
1315 1076 1372 1143 de·

179 1183 390 1272 prehenditur·
411 1185 442 1249 in
468 1183 575 1250 verbis
599 1181 719 1250 ἅπαντ’
745 1184 930 1268 ἀνεχαίτισε
953 1184 1018 1272 [καί
1041 1183 1196 1270 διίλνσε],
1214 1191 1281 1249 tanr
1304 1201 1372 1248 rna·

180 1289 297 1356 nitesta
328 1299 377 1357 est
410 1288 499 1356 fraus
521 1288 614 1377 plane
646 1289 756 1356 eadctn
788 1289 872 1378 apud
903 1290 1070 1356 lscnnnrrrr
1094 1291 1126 1356 in
1156 1289 1371 1376 Arcnpepr'tt'eu

182 1399 199 1482 §
227 1399 279 1462 ta.
311 1395 416 1463 ούδίνα
443 1393 550 1479 χρύνον
581 1396 641 1470 τοὶς
673 1398 823 1478 εὐτυχίας
856 1406 1032 1478 κατασχεῖν
1057 1397 1257 1474 ύδννύύημεν,
1281 1395 1370 1462 σίλλοὶ

179 1501 305 1584 ταχέας
337 1503 646 1586 διεσκαριφησοίμεύα
677 1503 744 1589 [καί
775 1503 978 1590 διελύσαμεν]
1006 1503 1119 1577 αύτούς.
1170 1503 1225 1569 Est
1251 1503 1283 1567 in
1310 1499 1372 1568 Le·

179 1607 250 1674 αιόο
281 1606 445 1674 Rhetorice
481 1609 513 1672 in
548 1609 661 1673 Aaecd.
695 1608 827 1675 Buranun
860 1630 890 1696 p.
912 1613 995 1687 259,
1027 1613 1081 1676 att.
1110 1608 1373 1691 διεσκαριφη-

181 1711 360 1793 cepere:
392 1715 462 1781 ύντί
492 1718 545 1780 τοῦ
569 1713 771 1794 διελύσαμενι
802 1715 1001 1800 adscriptum
1034 1713 1110 1780 ulitu
1135 1713 1198 1780 tuit
1232 1717 1263 1780 itt
1289 1733 1373 1780 utar·

181 1819 257 1906 gine
281 1827 337 1885 aut
362 1821 447 1886 inter
479 1841 591 1886 versus
614 1821 821 1902 διελύσαμεν,
847 1819 962 1888 deinde
986 1841 1060 1887 curn
1086 1821 1219 1909 copula,
1247 1829 1282 1886 ut
1305 1818 1372 1886 iere

186 1915 237 2003 ti't,
263 1924 389 2004 Oratnri
413 1925 664 2012 adgtutinatunt.
713 1926 798 1994 Nihil
822 1935 871 1994 est
897 1927 1003 1993 Poetis
1035 1927 1196 1994 inmetro
1220 1925 1373 2013 praesidii

183 2031 339 2099 adversus
362 2031 593 2098 eiusdemmodi
625 2031 836 2120 corruptelas.
884 2035 1112 2100 Anrsrcnntnns
1131 2035 1164 2099 in
1198 2032 1374 2121 Lysistrntc

183 2138 352 2226 scripsisse
375 2139 592 2206 credituras.
621 2142 698 2205 975.

252 2245 304 2311 ett'
329 2246 426 2326 ταύτην
449 2243 550 2327 ύστερ
572 2245 642 2319 τοὺς
666 2245 783 2324 ύομοὺς
804 2245 823 2335 ΙΙ
841 2243 975 2328 μεγαλῳ
1001 2249 1088 2330 τυφῷ
1114 2245 1166 2313 καί
1190 2253 1316 2327 concipe

251 2347 407 2435 ξυνοίψας
431 2352 484 2419 καί
508 2349 774 2432 ξυγγογγνλίσας
804 2353 822 2438 ΙΙ
843 2351 937 2433 οίχοιο
961 2351 1071 2436 φέρον.

185 2457 274 2524 etin
306 2457 524 2547 Τύννιιιιιρίιοι.
551 2479 597 2524 vs.
619 2463 673 2525 61.

500 2564 765 2645 σνγγογγνλίσιις
789 2563 841 2630 καί
865 2563 1038 2647 σνςρὲψας,

183 2671 215 2736 in
242 2668 360 2757 quibas
383 2669 461 2737 lueis
486 2670 549 2737 duo
573 2669 757 2737 foedissima
783 2671 860 2736 vitia
887 2672 1023 2736 ninnium
1050 2670 1106 2738 diu
1130 2670 1266 2737 Critiees
1288 2666 1375 2736 ieie}-

182 2776 303 2844 lerunt.
351 2773 421 2844 Non
446 2787 514 2856 est,
540 2797 601 2844 non
628 2784 826 2864 potestesse
857 2775 954 2864 proba
986 2786 1017 2844 et
1042 2777 1147 2843 Attica
1172 2775 1274 2842 iurata
1299 2800 1375 2857 γογ·

182 2883 320 2965 γνλίζα,
347 2890 383 2949 ut
416 2903 519 2970 neque
542 2882 757 2966 ςρογγνλίζιιε
787 2891 821 2947 ut
846 2882 981 2958 ποικίλος
1001 2892 1033 2949 et
1057 2883 1223 2958 σοικίλλιν,
1247 2882 1375 2958 κατίλος

183 2999 215 3056 et
240 2989 399 3066 κατίλλοι,
429 2990 572 3064 ναυτίλος
601 2999 636 3072 et
664 2989 887 3068 ναντίλλομαι,
919 2989 1061 3069 ςιιμύλος
1085 2997 1118 3056 et
1148 2988 1375 3070 ςαμύλλομαι,

183 3095 316 3176 ίγκύλος
340 3104 372 3162 et
396 3095 615 3176 ίγκύλλομαι,
640 3097 687 3160 sic
719 3093 829 3162 eatlern
862 3094 1007 3183 analogia
1032 3105 1081 3164 est
1106 3097 1192 3162 inter
1214 3095 1376 3176 γογγύλον

184 3211 217 3270 et
241 3202 435 3284 γογγύλλο,
467 3201 639 3285 τρογγύλος
671 3210 703 3268 et
738 3200 937 3284 ςρογγύλλιν.
994 3203 1107 3289 Itaque
1138 3201 1376 3284 σνγγογγύλλα

185 3308 281 3376 habet
310 3309 463 3395 antiquae
496 3308 689 3374 Graecitatis
721 3309 911 3385 sanitatem,
943 3308 1125 3391 γογγνλίζω
1154 3319 1187 3376 et
1208 3307 1376 3390 γογγνλέο

185 3425 262 3482 sunt
287 3414 423 3482 tabentis
447 3416 563 3481 aetatis
587 3412 706 3480 formas
731 3413 843 3480 breves
869 3424 1012 3482 veterum
1038 3415 1237 3500 ineleganter
1260 3413 1377 3503 produ·

186 3524 303 3598 centis,
325 3522 507 3605 ιιῑλεσίζειν
529 3541 586 3607 pru
604 3521 726 3600 λέπειν,
747 3520 786 3588 de
803 3541 867 3608 qua
889 3540 924 3588 ne
944 3522 1072 3608 saepius
1091 3521 1244 3588 diximus.
1291 3522 1380 3602 Quae

186 3625 307 3695 formae
333 3638 443 3695 antem
469 3629 501 3694 in
530 3627 775 3694 desuetudinem
803 3629 953 3694 abierunt
977 3635 1007 3694 et
1034 3627 1250 3694 deterioribus
1274 3647 1379 3694 cesse-

187 3741 286 3808 runt.
319 3734 517 3822 ubicumque
549 3735 579 3801 in
614 3743 758 3802 veterum
792 3735 924 3822 scriptis
946 3733 1164 3821 apparebant,
1197 3734 1229 3800 in
1263 3753 1380 3820 magno

189 3838 401 3907 versabantur
426 3840 588 3928 periculo,
611 3841 697 3928 quod
722 3842 755 3906 in
781 3839 831 3907 his
855 3841 933 3928 ipsis
956 3838 996 3908 de
1027 3859 1107 3907 nuru
1138 3839 1375 3908 demonstrabo.

187 3943 280 4032 Aputl
307 3945 505 4014 Nrcorrtneurr
532 3947 649 4015 Arnen.
677 3949 717 4016 tt.
743 3969 774 4035 p.
797 3953 839 4016 58
865 3970 893 4034 ιι.

414 4055 539 4121 ούσίδιον
564 4054 627 4136 peip
651 4055 878 4128 καταλιτύντος
902 4059 956 4121 τοῦ
980 4054 1096 4138 πατρίς

414 4159 491 4228 ούτα
515 4162 785 4243 σννεςρογγύλικα
811 4159 1019 4239 κάξεκόκκισα

415 4268 563 4348 ἐνμησίν
586 4268 702 4348 ὀλίγοις
726 4266 826 4352 νίσσεο
850 4267 905 4352 ᾠύν
928 4291 975 4342 τις
998 4273 1105 4352 ῥοφῶν.

189 4373 268 4456 Quis
299 4373 510 4461 repugnabit,
542 4377 568 4441 si
602 4373 773 4462 legendum
807 4395 877 4443 csse
900 4373 1095 4442 contendero
1123 4369 1378 4456 σννεςρίγγνλαί

190 4481 320 4548 tter-istc
350 4499 432 4568 epus
461 4501 531 4547 esse
556 4479 665 4549 vitient
690 4501 819 4550 omnes:
846 4483 930 4550 inter
953 4480 1219 4565 σννετρογγύλισα
1243 4488 1275 4547 et
1295 4500 1381 4544 συνε-
