3086 4974
640 361 711 434 539

79 557 174 626 ilibus
195 555 399 630 ,adventiciis
429 577 447 623 a
478 555 577 622 sciolo
611 564 746 622 ornatur
778 559 795 653 §
826 561 880 626 23.
912 559 977 626 ίδ’
1010 557 1092 625 οὐδέν
1129 557 1270 640 άπρατον

79 663 159 747 ἔχων
181 665 269 747 μέρος
293 667 347 730 τοῦ
371 661 514 742 σώματος
538 701 582 712 -
605 665 644 736 τίς
669 661 707 726 ίον
730 663 898 744 Ἀριςείδης
927 664 956 753 [ὁ
978 665 1050 738 τοὺς
1072 663 1183 748 φίρονς
1207 663 1267 730 τά·

78 768 139 849 ξονς
158 779 222 844 τοῖς
243 772 412 846 Ἔλληοιν,
436 770 450 834 ί
469 769 584 842 δίκαιος
605 767 862 857 ἐπικαλούμενος]
883 770 1075 854 δυσχεραίνει
1096 769 1149 835 καὶ
1170 793 1269 835 κατα·

80 878 172 944 πτιίει
195 875 383 959 δωροδοκίας.
433 868 687 940 Atheuiensibus'
708 885 776 942 erat
801 879 880 942 satis
903 878 941 951 τίς
966 875 1004 942 ὣν
1027 875 1215 958 ’Λριςοίδης,
1239 882 1271 942 et

82 980 230 1068 putidum
264 988 314 1048 cst
344 979 462 1046 addere
485 981 499 1047 ί
523 981 593 1054 τοὺς
624 979 734 1065 φίρονς
765 981 866 1062 τάξας
898 983 965 1050 κτέ.
1012 981 1132 1049 Nomen
1164 981 1271 1068 ipsum

82 1085 244 1174 siguificat
274 1091 326 1156 τὸν
357 1086 587 1168 ἀδωροδίκητον.
637 1086 810 1154 Caeterum
845 1088 1045 1174 magistellos
1076 1087 1134 1155 has
1163 1085 1274 1152 laudes

83 1213 145 1260 non
170 1193 240 1260 suis
264 1193 371 1260 vorbis
395 1191 578 1280 praedicat,
612 1191 667 1259 sed
692 1195 828 1260 corrasit
853 1199 971 1281 partim
995 1213 1033 1260 ex
1061 1191 1273 1280 ctesiphonten

83 1301 102 1384 §
128 1302 205 1366 258.
232 1297 401 1380 ’λριςείδην
425 1299 456 1365 δέ
480 1299 533 1364 τὸν
556 1298 627 1372 τοὺς
659 1299 770 1382 φίρουο
791 1297 936 1378 τάξαντα
957 1307 1022 1376 τοῖς
1042 1301 1215 1378 Ἓλλησιν,
1239 1305 1272 1364 et

83 1424 121 1470 ex
152 1403 377 1490 TimorcieoS
407 1408 481 1471 100.

129 1508 235 1577 Atium
266 1509 438 1597 quemdam
464 1510 635 1578 sciolorum
662 1531 782 1579 morem
808 1511 940 1580 observa
966 1513 998 1579 in
1025 1515 1042 1600 §
1067 1517 1122 1580 26.
1146 1512 1274 1595 Εὐρυδί-

15 1641 16 1644 ’
83 1615 423 1698 κης-προδεδομένης
448 1616 506 1682 ὑπὸ
528 1625 587 1683 τῶν
611 1617 772 1685 δοκούντων
795 1615 924 1708 [αὐτοῖς]
944 1615 1021 1686 είναι
1041 1618 1158 1703 φίλων,
1182 1627 1272 1685 Παυ-

84 1722 189 1790 οανίον
212 1723 241 1787 δ’
264 1721 313 1788 έπί
338 1723 393 1799 την
415 1723 515 1804 άρχίην
542 1722 670 1812 [αὐτῶν]
696 1726 862 1800 κατιόντος.
888 1806 898 1812 -

132 1827 243 1895 Obiter
261 1828 365 1896 exime
385 1827 542 1896 emblema
561 1847 600 1896 ex
622 1832 708 1915 527.
730 1829 971 1914 Ἀμφιπολιτῶν
987 1830 1088 1897 αὐτῶν
1105 1829 1267 1920 [έχίνπων]

83 1937 140 2013 την
170 1936 259 2002 πάλιν
290 1931 343 2000 καί
374 1935 430 2010 τίην
459 1938 566 2017 χάραν
595 1935 667 2002 τότε
699 1936 931 2018 καρπουμένων,
968 1956 1106 2024 uanique
1136 1936 1271 2018 ἐχόντων

84 2049 312 2130 praeterquam
344 2038 429 2126 quod
460 2061 733 2129 supervacaneum
767 2050 814 2109 est
839 2043 937 2108 etiam
962 2043 1111 2131 spurium
1137 2043 1174 2110 et'
1195 2042 1275 2108 insi·

84 2147 200 2214 tioium
225 2164 296 2212 esse
320 2145 433 2213 oocuta
456 2146 527 2214 ποτε
552 2149 671 2234 arguit.

130 2250 226 2319 ttttut
258 2251 515 2319 additamentum
546 2253 639 2320 tacito
663 2254 851 2341 agnoscitur
874 2254 907 2318 in
933 2255 950 2337 ς
979 2257 1033 2321 30.
1057 2253 1204 2334 ἐπιτιμῶν
1228 2251 1273 2321 ὅτι

84 2357 141 2432 την
164 2357 294 2438 έκδοχην
324 2359 489 2436 ε’ποιοίοατο
514 2359 601 2449 [πρὸς
626 2360 682 2435 τίιν
707 2360 810 2446 πάλιν]
834 2364 887 2426 τοῦ
912 2358 1067 2438 πολέμου,
1097 2357 1130 2424 id
1155 2368 1204 2425 est
1227 2355 1274 2425 ὅτι

86 2461 176 2545 παρά
198 2469 251 2529 τοῦ
275 2469 391 2547 πατρὸς
413 2464 465 2531 τὸν
488 2465 625 2545 πόλεμον
649 2463 821 2544 ἐξεδέξατο.
870 2465 955 2532 ttici-i
982 2484 1044 2531 nou
1070 2473 1174 2552 potest
1194 2465 1272 2550 quin

86 2569 162 2652 πρὸς
191 2571 247 2646 τὴν
279 2570 368 2637 πίλιν
394 2571 434 2638 ad
458 2577 519 2643 ,τοῦ
550 2573 687 2653 πολέμου
718 2570 895 2652 referatur,
932 2569 987 2637 sed
1020 2591 1080 2636 non
1113 2577 1161 2637 cst
1195 2570 1273 2636 haec

87 2675 207 2744 Graeca
233 2677 421 2764 compositio
445 2697 503 2765 pro
526 2683 580 2744 τοῦ
604 2679 740 2757 πολέμου
763 2683 817 2744 τοῦ
841 2677 913 2758 πρὸς
935 2679 991 2754 την
1010 2675 1110 2744 πίλιν.
1146 2677 1273 2759 Quanto

87 2780 205 2848 metius
236 2793 283 2849 est
315 2781 409 2848 verba
442 2782 491 2848 vei
516 2785 563 2850 uic
588 2804 721 2872 prorsus
743 2786 843 2851 otiosa
869 2792 901 2849 et
925 2783 1088 2870 superfluo
1114 2801 1271 2850 resecare.

87 2887 172 2954 Turn
203 2890 234 2954 iu
270 2891 287 2974 §
316 2893 369 2954 51.
402 2888 467 2971 περὶ
498 2897 556 2965 τῆς
586 2887 620 2968 ἐξ
646 2891 747 2973 άρχῆς
778 2899 924 2964 κτΗτεως
953 2898 1010 2966 τῆς
1041 2891 1148 2972 χώρας
1170 2889 1270 2957 sorio.

87 3003 231 3068 κτίσεως.

133 3101 320 3168 Meurtosum
343 3108 393 3166 est
415 3101 554 3186 άνπιποιῗς
579 3100 612 3167 in
640 3105 657 3187 §
684 3107 738 3170 53.
764 3104 790 3169 εί
813 3101 841 3169 δ’
866 3104 1006 3188 άνπιποιῇ
1031 3101 1116 3169 κατάΙ
1138 3099 1273 3181 πόλεμον

86 3207 197 3287 λαβὼν
221 3205 343 3280 είκίτως
367 3204 471 3287 έχειν,
503 3205 587 3274 nttit
610 3207 697 3298 aliud
721 3207 780 3276 toci
806 3211 964 3276 sententia
990 3207 1131 3300 postulat
1155 3216 1188 3276 et
1212 3206 1274 3275 tert

86 3333 185 3402 quam
210 3315 236 3380 εί
262 3312 289 3379 δ’
313 3312 544 3391 άντιλέχεις,
569 3313 617 3379 siu
644 3325 676 3380 tu
699 3325 806 3382 contro
829 3313 996 3382 contendis.

134 3419 171 3486 In
192 3423 268 3507 §34
288 3417 405 3493 πάντες
428 3425 590 3500 προσεῖχον
611 3422 649 3494 νίς
674 3420 849 3502 ὑπερβολάς
871 3445 958 3496 τινας
979 3419 1167 3510 [δυνάμεως]
1188 3421 1275 3487 άιιου·

87 3527 207 3606 οίμενοι
240 3522 360 3606 λίνων,
387 3533 547 3612 expuncto
580 3525 738 3606 δυνάμεως
762 3529 869 3594 omnia
895 3527 1058 3594 habebunt
1080 3529 1220 3615 optime,
1244 3535 1277 3596 et

87 3633 121 3697 in
148 3634 166 3717 §
191 3637 244 3700 50.
274 3629 363 3716 ξρετί
392 3655 435 3711 με
457 3634 484 3698 εί
506 3638 565 3698 τῶν
595 3631 739 3711 ’λίάνηπι
768 3635 965 3717 πραγμάτων
988 3633 1197 3713 ἐπιλέλησμαι
1222 3631 1274 3698 καί

86 3740 140 3804 τίν
170 3737 263 3816 δῆμον
293 3737 587 3816 καταπεπονημένον
616 3739 670 3806 καί
701 3737 823 3825 τφίδρα
851 3741 1058 3821 έπιίνμοῦντοο
1081 3747 1137 3817 τῆς
1160 3739 1276 3822 είρνίνης

88 3845 131 3934 [εί
154 3845 200 3926 μη
223 3843 420 3932 μίμνημαι],
445 3863 554 3912 reseca
574 3843 635 3911 ista
655 3845 695 3913 atr
715 3867 752 3912 eo
772 3845 879 3912 addita
904 3848 959 3935 qrri
980 3845 1077 3913 simut
1096 3845 1276 3932 genitivum

87 3959 120 4018 et
143 3951 366 4016 accusativum
390 3949 430 4016 ab
453 3949 664 4031 turrianorum
689 3949 828 4038 pendere
853 3951 1052 4028 mirabatur,
1078 3959 1109 4017 ct
1133 3951 1167 4015 in
1191 3951 1209 4034 §
1234 3953 1276 4016 38

85 4061 177 4123 τοῦτο
201 4055 230 4122 δ’
254 4055 288 4133 ἦν
312 4055 374 4138 ἄρα
403 4057 530 4138 άνχίνη
555 4057 623 4143 [καί
655 4056 754 4145 λιίπη]
785 4057 902 4140 τούτῳ,
935 4055 1052 4123 ardens
1084 4054 1287 4123 vocauuton·

85 4162 213 4247 άνχίνη
238 4182 299 4229 non
324 4161 387 4230 tert
410 4161 598 4249 languidum
619 4170 652 4229 et
671 4163 759 4228 iners
781 4163 865 4238 λύπη
887 4162 948 4228 sibi
968 4163 1276 4250 superimpositum,

86 4276 119 4336 et
144 4270 177 4335 in
203 4271 222 4355 §
250 4273 303 4338 59.
335 4268 456 4336 scribo:
490 4268 594 4344 έπιιδη
618 4267 648 4334 δέ
672 4267 863 4351 κατέκρυψεν
887 4269 929 4343 είς
952 4269 1184 4353 φιλανθρωπίαν
1206 4267 1278 4342 τοὺς

86 4373 200 4454 λίνονς
231 4376 386 4448 Φίλιππος
415 4375 468 4440 καί
499 4375 535 4442 ri
565 4372 794 4458 συκοφάντημα
825 4375 984 4442 διέπιπτεν
1016 4377 1119 4459 αὐτῷ,
1153 4381 1278 4440 resecta

88 4479 174 4547 nou
203 4481 408 4550 annotatione
442 4487 512 4570 post
543 4480 772 4567 συκοφάντημα
805 4481 943 4548 inserta:
975 4477 1177 4563 δπροειριίοιει
1202 4475 1276 4545 κατ’
