3136 4966
713 355 783 428 597

368 547 502 630 πέτροισι
524 556 634 632 χειρῶν
652 549 823 634 φάσγανα.

154 657 186 722 iu
223 675 287 743 quo
321 653 390 720 loeo
421 655 482 721 tria
516 655 631 722 mendo
665 654 739 722 oiim
772 652 1045 742 deprehenderam
1078 663 1110 720 et
1134 673 1192 740 pro
1215 652 1343 736 εὐτύχει

152 767 351 843 εύΟΤΟχει,
383 781 440 848 pru
473 761 695 844 περιβαλόντες
728 761 967 845 περιΛΑΒόντες
991 768 1023 826 et
1047 781 1105 848 pro
1128 759 1345 841 ἐξεκλέψαμεν

152 870 363 950 ἔξεκοψαμει
389 887 613 954 reposcerem,
641 868 733 935 video
758 869 893 954 primaru
918 867 1152 934 correctionem
1179 886 1197 932 a
1221 865 1342 932 eatta-

154 996 206 1041 tuo
231 995 301 1041 ruco
323 985 532 1060 occupatam,
557 994 574 1039 u
599 973 709 1041 Bothio
735 976 883 1048 tertiam,
911 972 965 1039 scd
989 980 1137 1039 neutram
1160 969 1344 1039 Diodorfius

154 1081 295 1167 recepit,
319 1098 517 1166 quamquam
542 1081 622 1148 satis
645 1089 771 1146 certum
796 1088 845 1146 est
871 1081 902 1145 iu
922 1078 1091 1146 iaculando
1110 1097 1171 1144 nou
1191 1078 1344 1160 εὐτυχίαν

154 1186 209 1252 sed
233 1187 382 1269 εύςοχόαν
405 1185 577 1274 apparere,
600 1195 632 1253 et
656 1186 774 1268 πέτροις
794 1184 952 1270 φάσγανα
964 1189 1072 1267 χειρῶν
1085 1184 1265 1251 ἐκκλέπτειν
1277 1193 1343 1250 tam

154 1293 328 1360 uuuucum
361 1300 410 1360 est
442 1303 473 1360 et
506 1293 671 1370 ioculare,
697 1301 732 1358 ut
762 1290 947 1359 utntoruus
967 1289 1027 1356 hoc
1050 1311 1149 1376 egeus
1178 1291 1341 1376 vulgatum

153 1398 370 1480 ἐξεκλέψαμεν
400 1419 463 1465 uou
496 1399 677 1478 sicorim,
708 1407 758 1466 sot
781 1399 867 1477 scio,
893 1397 1073 1463 reiecturus
1095 1398 1149 1463 sit.
1184 1395 1268 1477 Quid
1292 1407 1343 1464 est

156 1508 187 1570 iu
221 1504 276 1570 tati
309 1525 343 1570 re
375 1505 528 1572 usitatius
559 1525 655 1593 quom
680 1505 840 1572 ἐκκόπτειν
864 1503 1025 1571 excutere?
1052 1504 1164 1590 itaque
1187 1503 1344 1590 exemptis

154 1610 234 1678 nihii
259 1630 338 1698 opus
362 1619 430 1687 cst.
455 1610 509 1678 sed
534 1609 639 1678 locum
664 1609 830 1678 Plutarchi
855 1611 886 1676 iu
915 1609 1074 1698 Praecept.
1102 1609 1172 1690 Gor.
1198 1609 1283 1696 Beip.
1311 1630 1342 1695 p.

154 1724 233 1786 812.
259 1738 286 1784 u.
312 1717 387 1804 quio
414 1724 477 1784 tem
503 1716 629 1805 tepidus
652 1724 720 1796 est,
746 1716 943 1788 describam:
967 1714 1078 1799 ἔτυχον
1101 1719 1133 1782 ἐν
1156 1717 1211 1800 ὁδῷ
1234 1715 1344 1790 παῖδες

152 1827 191 1891 ἔκ
224 1823 341 1892 λάκκον
373 1823 451 1896 τινδς
483 1821 666 1906 ιὲτρόγαλον
692 1824 893 1897 ἐκκόπτοντες
919 1823 1030 1889 ἐκείνου
1054 1822 1231 1906 παριόντος,
1259 1817 1296 1889 ύν
1319 1825 1346 1890 οἱ

156 1933 213 2011 μὲν
238 1927 374 2014 ἔφασκον
396 1929 515 2008 μένειν,
543 1931 558 1996 ό
582 1931 613 1996 δὲ
636 1929 787 2008 πατοόξας
814 1927 947 2009 ιούτιος,
973 1926 1076 2008 εἶπεν,
1100 1927 1267 2012 ἐκκόψαιμι
1291 1938 1345 1994 Τι-

155 2038 269 2118 μκσόον
289 2039 341 2104 τόν
364 2033 543 2119 ἐγκέφαλον
565 2041 604 2111 ὡς
629 2033 714 2112 οὗτος
738 2036 957 2104 ἔκκέκοπται.”

203 2143 240 2210 lu
270 2141 416 2230 όρόιίρειι.
444 2141 538 2210 Tour.
564 2163 610 2208 vs.
637 2148 713 2210 577.

383 2251 436 2315 ούκ
460 2249 524 2314 ἔσθ’
549 2244 630 2322 ὅπως
654 2247 757 2316 ἔτεκεν
780 2247 820 2316 tu
843 2252 860 2326 ἡ
883 2251 955 2322 Διὸς
978 2249 1082 2332 δάμαρ

382 2355 474 2430 Λητὼ
498 2353 651 2431 τοσαύτην
673 2356 823 2435 ύμαόόαν.

156 2459 278 2526 scioeca
315 2461 418 2526 oratio
452 2467 500 2526 esi
537 2463 589 2526 ούκ
607 2459 687 2544 ,ἔσθ’
722 2457 802 2536 ἔπιες
832 2459 935 2529 ἔτεκεν
956 2462 1043 2529 ’'AN.
1079 2460 1238 2528 Emendat
1263 2459 1344 2536 ύποις

157 2565 320 2633 ἔτικτεν
344 2569 360 2644 ἡ
386 2564 459 2639 Διὸς
483 2564 606 2647 δάμαρ,
630 2569 759 2656 saepius
778 2569 864 2634 euim
889 2567 1059 2655 Euripides
1072 2567 1241 2634 Homerico
1255 2587 1343 2634 more

156 2671 381 2759 imperiectum
405 2669 523 2739 ἔτικτον
547 2681 683 2759 usurpat
706 2691 764 2762 pro
787 2675 925 2748 aoristo,
947 2682 983 2740 ut
1008 2674 1039 2738 iu
1066 2672 1343 2740 Atuatucorum

156 2779 288 2861 γεραιὰν
311 2779 330 2857 ἤ
352 2780 410 2861 σφ’
430 2777 569 2844 ἔτικτε
592 2778 730 2860 μκτέρα,
756 2786 788 2846 et
808 2781 855 2846 sic
876 2781 908 2846 in
931 2777 1046 2846 Ρόιοοιι.
1069 2784 1144 2846 189.
1170 2778 1251 2845 Med.
1265 2784 1342 2846 917.

158 2883 286 2972 Hippot.
313 2887 388 2950 tue.
415 2871 529 2950 Αιεεει.
557 2888 652 2961 ειν,
668 2888 744 2952 ειν.
770 2886 920 2953 inuam.
946 2893 1022 2953 εει.
1047 2884 1113 2952 ιιι.
1144 2889 1238 2952 ιεοι.

338 2988 459 3080 ἐπεὶ-,δ’
483 2989 643 3066 ἔτικτες
667 2990 752 3058 τόνδε
774 2993 876 3060 παῖδα
899 2992 1089 3060 uertere.

160 3096 213 3164 uiri
237 3116 313 3164 cum
337 3097 458 3162 uoristo
481 3098 706 3184 componitur,
730 3107 762 3164 et
786 3097 858 3165 eliis
883 3099 972 3165 iocis.

204 3203 242 3270 in
267 3200 411 3290 όρόιέριικ.
438 3196 536 3270 Tour.
560 3222 606 3268 us.
634 3207 708 3270 teo.

429 3307 524 3391 χάριν
546 3308 577 3373 δὲ
600 3307 701 3376 δοῦναι
725 3310 814 3386 τήνδε
837 3311 945 3378 κωλύει
967 3311 1000 3378 ri
1022 3335 1074 3386 σεε

161 3423 335 3501 transpone
365 3414 474 3481 κωλύει
504 3439 541 3480 σε
571 3414 621 3493 τ1;
659 3421 694 3481 ut
725 3415 758 3482 τό
788 3415 887 3482 ictum
920 3415 1034 3483 habeut
1065 3427 1098 3483 et
1122 3437 1181 3484 sua
1205 3415 1279 3484 seule
1303 3415 1347 3483 sit

160 3518 363 3587 coiiocuturu.

205 3625 242 3692 lu
266 3624 431 3712 Ιρόιέροιιὲο
459 3624 552 3691 Τοιιτ.
576 3645 625 3692 vs.
657 3632 751 3694 1015.

342 3729 388 3796 ἔτ’
413 3733 443 3796 ἔν
469 3729 584 3809 δόμοισι
607 3732 724 3814 βρέτας
748 3733 802 3816 ἔφ’
827 3728 849 3816 ᾦ
873 3734 1115 3815 πεπλεύκαμεν,

161 3837 310 3904 dicebaut
330 3836 413 3924 epici
429 3846 554 3904 veteres
575 3847 666 3905 πλεῖν
688 3837 772 3918 μετού
795 3863 843 3919 τι,
868 3842 952 3920 μετοδ
976 3847 1074 3917 κῶας,
1098 3841 1184 3921 μετα
1203 3841 1346 3924 χαλκόν,

163 3945 262 4012 Attici
292 3950 382 4010 πλεῖν
406 3943 460 4009 ε’πό
481 3969 521 4010 τι.
548 3943 742 4012 Nicoehares
766 3946 796 4010 ἔν
819 3947 992 4026 Λημνίαις·

479 4050 635 4130 πλέομεν,
659 4049 680 4117 ὦ
705 4051 774 4135 κόρκ
794 4052 802 4140 Ι
823 4052 873 4118 ἐπὶ
898 4060 966 4126 κῶς.

163 4153 218 4222 sed
244 4156 297 4224 ἔπό
316 4177 373 4220 τιιι
397 4154 429 4220 in
455 4153 511 4222 teti
535 4175 570 4223 re
594 4177 688 4224 neoto
709 4156 846 4225 dicebat.
881 4159 993 4244 itaque
1017 4158 1077 4244 leg.

300 4260 347 4327 ἔτ’
373 4262 403 4328 ἕν
427 4260 543 4342 δόμοισι
564 4271 624 4330 ΤΟ
648 4263 764 4347 βρέτας
787 4267 839 4348 ἐφ’
858 4263 902 4331 Ὃ
926 4264 1161 4345 πεπλεύκαμεν.

213 4365 280 4434 ttut
305 4386 352 4433 ιε.
380 4372 476 4435 tote.

737 4477 825 4544 οὶλλοὶ
849 4477 920 4558 πρός
942 4501 977 4542 σε
1002 4477 1103 4555 δεξιοῖς
