3150 4972
646 357 716 432 125

102 561 223 626 Lnerrno
255 561 320 636 58,
353 561 404 623 15.
437 556 533 639 Δωρὶς
557 555 698 632 τέθνηκεν
721 556 753 621 in
779 554 930 621 omnihus
953 552 1046 622 iibris
1070 552 1282 641 depravatum

102 675 142 734 esi
172 666 204 731 in
236 663 357 745 δωρικδν
385 659 477 744 ήκεν,
509 663 595 752 quod
627 662 764 730 feliciter
796 663 922 727 sanavit
955 661 989 728 G.
1020 661 1055 728 F.
1086 661 1283 726 [lemannus.

102 779 310 839 lcoNHKeN
334 769 454 856 tripiici
480 771 559 835 viiio
583 779 695 836 natum
716 790 734 836 e
753 777 990 836 ΤΕΘΝΗΚΕΝ
1011 777 1044 834 ei
1066 787 1165 833 unum
1189 775 1212 831 c
1232 783 1283 851 pe·

103 880 150 944 riii
172 887 208 943 ui
233 877 267 943 in
295 877 408 943 iiunour
433 874 614 962 iragmenlo
638 874 723 962 apud
749 877 865 940 Arnen.
892 874 948 941 ΙΙΙ.
973 895 1004 961 p.
1034 877 1107 940 108.
1133 872 1166 937 Β.

363 984 437 1062 ίμοῦ
462 985 492 1049 δέ
515 984 615 1057 τευθίς
640 983 691 1048 καί
717 982 852 1063 Φαληρίε
875 980 981 1062 ήκάρη

102 1110 149 1174 pro
171 1090 327 1170 Φαληρική
353 1089 561 1176 triumuirum
592 1089 802 1155 [immineins
830 1088 1003 1152 revooavii.
1026 1083 1071 1152 Ci.
1093 1086 1207 1151 Arnen.
1231 1081 1285 1150 iv.

101 1214 126 1280 ρ.
152 1199 221 1260 135.
248 1215 279 1260 a.
307 1193 375 1260 vn.
401 1215 432 1282 p.
457 1199 534 1262 005.
583 1196 620 1262 in
646 1195 827 1260 Tenneurors
850 1191 1049 1277 fragmento:

177 1302 253 1366 άλλ’
277 1297 300 1365 ὦ
324 1299 447 1366 πάντων
470 1304 552 1371 άςῶν
573 1303 664 1384 λῷςοι
688 1309 791 1367 σεῖσαι
814 1299 868 1364 καὶ
893 1296 1165 1381 προσκαλέσασθαι

102 1407 147 1491 qni
178 1407 333 1474 Codicum
370 1409 550 1494 soripiuras
585 1418 698 1474 amani
735 1426 790 1493 pro
820 1406 902 1474 άεῶν
937 1405 1065 1469 Ponsom
1101 1401 1287 1468 retinebunt

101 1511 127 1576 δὲ
146 1520 216 1591 τῶν,
245 1512 333 1601 quud
358 1523 407 1580 esi
431 1535 481 1600 ap.
508 1514 645 1580 Pnormn
667 1534 695 1578 r.
716 1520 828 1578 σεῖσαι.
865 1509 1003 1576 Omnino
1025 1508 1185 1596 permulta
1210 1516 1287 1574 sunt

102 1619 204 1702 passim
231 1621 262 1685 in
286 1619 416 1686 Lunum
437 1621 568 1707 seriptis
589 1618 708 1686 indicia
730 1617 914 1683 litterarum
930 1617 1107 1682 unoialium
1122 1617 1288 1704 perinepie

102 1722 320 1802 confusarum,
345 1724 443 1791 veinti
467 1731 530 1805 39,
557 1731 611 1792 04.
633 1727 665 1791 οὐ
686 1724 829 1804 μάλωτα
849 1743 908 1810 pro
928 1719 1123 1801 θνμάλωτα,
1150 1726 1208 1797 38,
1236 1726 1286 1787 19.

103 1825 166 1895 ino
196 1851 253 1918 pru
288 1832 383 1906 θεῖον,
417 1836 480 1910 59,
514 1836 545 1899 8.
573 1832 608 1900 τὸ
631 1830 793 1914 βλέφαρον
826 1849 884 1915 pru
907 1827 1117 1913 ἰοβλέφαρον,
1143 1832 1205 1908 66,
1230 1833 1285 1895 54.

104 1936 235 2015 κατέλεξε
261 1958 323 2025 pro
348 1936 504 2017 κατέαξε,
531 1944 592 2015 67,
620 1945 660 2017 5,
691 1946 717 2002 1.
742 1937 845 2015 άσεβή
872 1955 930 2022 pro
956 1937 1118 2017 Λεσβίαν,
1140 1939 1204 2012 67,
1229 1939 1287 2012 14,

105 2046 128 2106 4.
149 2041 258 2122 ἔγημεν
296 2053 355 2130 pro
379 2041 431 2119 έτη
456 2045 531 2124 μέν,
559 2049 617 2123 19,
643 2045 674 2108 6.
699 2041 754 2109 ὧδέ
779 2045 844 2109 ποθ’
870 2063 927 2128 pro
950 2039 971 2107 ιθ
995 2042 1128 2119 δέσποθ’,
1154 2039 1234 2107 ibid.
1261 2041 1286 2106 εί

103 2146 130 2210 τί
150 2155 248 2232 φιλεῖν
273 2170 336 2236 pro
360 2145 416 2215 εἶτ’
441 2152 597 2232 ὀφείλειν,
621 2160 650 2217 ει
671 2148 790 2214 similia
817 2147 934 2225 mulia,
957 2168 1040 2235 quae
1060 2146 1288 2213 uiiiiteriure·

105 2272 149 2318 nes
178 2255 336 2322 notabunt
368 2266 400 2321 ei
425 2256 595 2342 colligent,
622 2257 653 2321 in
679 2254 790 2321 eodem
816 2253 927 2320 morbo
953 2273 1105 2340 praeseus
1130 2252 1296 2318 auxilium.

104 2357 231 2428 aiiaiura.
283 2372 326 2428 Ic
358 2370 390 2428 et
418 2373 444 2428 K
478 2364 595 2429 ilerum
629 2361 767 2432 enoiosa,
788 2359 920 2428 inerunt
944 2365 1009 2437 73,
1036 2365 1065 2426 4.
1094 2359 1146 2424 uiri
1173 2365 1288 2435 σιωτής

104 2474 128 2528 el
148 2479 256 2554 σκοτῇς
283 2467 325 2536 rie
351 2467 418 2534 ioco
442 2479 583 2536 corlant.
632 2468 732 2555 Saepe
752 2469 784 2532 in
808 2467 858 2532 his
881 2475 938 2533 ant
959 2477 972 2533 1
993 2469 1076 2555 perii
1097 2476 1152 2531 aul
1173 2477 1211 2531 c:
1234 2467 1290 2552 qui

104 2583 176 2640 reete
205 2583 385 2652 Κτησικλῆς
413 2575 593 2662 appellatur
617 2595 633 2640 a
661 2576 796 2641 limnono
821 2571 950 2650 Sinnio,
975 2593 1048 2639 eum
1075 2591 1162 2638 nuno
1187 2571 1285 2638 Xeno·

104 2697 167 2743 raon
197 2680 325 2748 Hellen.
365 2682 415 2748 Vi.
451 2703 490 2760 n,
527 2687 576 2748 10.
610 2679 788 2756 Στησικλέα
822 2679 949 2746 ridetur
977 2678 1102 2745 dicere:
1129 2678 1285 2757 τέμτιονσι

106 2787 283 2866 Στησικλέα,
336 2786 435 2854 Viden
463 2808 561 2854 uuum
583 2813 592 2852 ι
613 2787 740 2853 incuria
760 2785 942 2871 neglectum
972 2794 1004 2850 ei
1024 2781 1218 2860 Ιοτησικλέα
1237 2801 1285 2848 re·
1336 2851 1337 2854 ,

105 2891 321 2959 scribendum?
354 2892 460 2960 Simili
493 2913 601 2960 errore
635 2912 877 2978 nonnumquam
903 2890 1148 2966 κατασήσασθαι
1173 2887 1285 2954 scribi·

106 3001 151 3060 ior
174 2997 224 3063 ubi
247 2999 511 3074 κατακτήσασθαι
527 3019 637 3066 verum
664 3004 696 3062 et
720 2996 939 3062 necessarium
963 3004 1022 3062 est.
1049 2996 1102 3061 Sir.
1124 2995 1287 3061 Henonorn

107 3098 185 3169 ilii.
223 3111 300 3173 105.
331 3100 362 3177 ia
387 3107 442 3181 τήν
466 3104 533 3188 ζωήν
557 3105 754 3180 κατετήσατο
777 3103 836 3169 άτ’
858 3101 953 3182 ἔργων
976 3101 1188 3169 ἀνοσιωτάτων
1213 3099 1286 3166 red·

106 3205 225 3290 iiierim
259 3212 490 3288 κατεκτήσατο.
540 3212 575 3277 iu
609 3210 763 3275 isocnnrrs
794 3209 989 3296 Ponooyrioo
1020 3212 1038 3295 §
1075 3213 1148 3276 182.
1174 3208 1209 3272 ἐκ
1228 3208 1288 3273 τῶν

105 3314 257 3399 ἀλλοτρίων
282 3315 445 3396 μεγάλους
457 3316 618 3391 τλοθτονε
632 3315 882 3390 καταςήσασθαι.
904 3315 990 3382 solus
1007 3313 1162 3393 Urbinas,
1187 3323 1222 3378 ui
1236 3334 1287 3378 so·

105 3415 155 3498 iet,
183 3425 321 3490 oratoris
354 3443 485 3488 manum
518 3431 625 3489 servat
656 3423 925 3499 κατακτήσασθαι.
972 3421 1040 3489 Non
1073 3409 1200 3486 constat
1225 3419 1286 3484 sibi

106 3529 233 3611 optimos
258 3530 341 3595 iiber
367 3531 395 3615 §.
415 3533 468 3595 67.
488 3532 513 3596 oi
534 3529 671 3613 τρίγονοι
692 3530 846 3605 τοσαύτην
864 3528 1058 3608 εὐδαιμονίαν
1074 3527 1287 3602 κατεςήσαντο

107 3631 246 3702 exhibens
281 3655 355 3701 eum
389 3638 548 3716 caeteris,
574 3637 627 3702 ubi
654 3655 771 3723 repone
792 3634 1035 3711 κατεκτήσαντο.
1059 3632 1177 3697 Contra
1203 3637 1289 3695 reule

107 3739 181 3822 apud
205 3741 476 3808 ilnnrnunnrronnn
496 3763 526 3807 v.
543 3741 695 3820 μετοίκιον
716 3762 773 3827 pro
794 3743 847 3816 τήν
868 3741 982 3816 οίκησιν
1003 3737 1108 3805 αὐτόθι
1130 3761 1288 3811 κατακτη·

108 3844 224 3922 σάμενος
250 3849 434 3914 οικιιοιιιιιιε
456 3847 495 3912 de
520 3847 640 3913 Samen
662 3855 848 3914 oonieoiurn
868 3844 1128 3924 καταςησάμενος
1151 3844 1286 3930 recepit.

147 3949 418 4031 Quemadmodum
444 3953 475 4018 in
498 3951 549 4018 his
568 3964 724 4040 perpetuo
746 3953 870 4019 soribae
891 3952 1131 4019 hallucinantur
1152 3948 1288 4016 siosub·

110 4052 174 4122 inde
191 4059 275 4137 δείξω
293 4069 324 4126 ei
346 4059 436 4139 δέξω,
463 4059 551 4138 ἔδοξα
573 4069 603 4125 ei
628 4059 747 4138 ἔδειξα,
772 4059 930 4142 δεδεῖχθαι
953 4067 984 4147 ei
1004 4056 1147 4137 δεδέχθαι
1170 4074 1290 4142 susque

110 4157 200 4247 deque
230 4164 421 4233 habueruut.
472 4165 600 4231 Videbis
635 4167 667 4231 in
701 4165 856 4232 lsoonnrrs
890 4163 1086 4253 Poneyyrioo
1112 4166 1131 4248 §
1158 4166 1212 4229 90.
1239 4160 1290 4227 δί·

108 4271 160 4347 ξειν
182 4280 211 4335 ολ
234 4271 339 4350 δείξειν
364 4273 532 4360 permixta.
580 4271 615 4338 ln
641 4273 732 4338 Lrsn
754 4275 818 4349 in,
844 4277 897 4337 53.
922 4273 961 4344 νίς
985 4270 1156 4354 άμφίτεροι
1185 4267 1291 4347 ἔδοξαν

102 4392 196 4440 neuen
220 4397 352 4446 vanuum
378 4388 446 4460 esi,
471 4388 527 4446 aut
551 4377 668 4455 ἔδειξαν
687 4399 798 4446 rerum
820 4386 889 4458 esi,
919 4386 976 4442 aui
996 4375 1180 4455 ἐδείξαμεν,
1202 4371 1288 4461 quod

111 4475 232 4550 Gemma
252 4487 400 4554 coniecit.
452 4485 544 4574 Apud
569 4485 723 4554 Loernnmr
748 4489 807 4564 δή,
839 4487 870 4552 1.
895 4484 1080 4550 contrarius
1104 4498 1196 4548 error
1221 4484 1289 4544 est:
