3204 4978
794 329 865 398 994

242 519 332 586 Veris
363 517 511 585 Historiis
536 521 597 595 it,
626 519 677 584 18.
703 513 825 602 placuit
849 514 962 583 lectori
987 515 1076 581 iocus
1098 521 1156 582 τών
1182 516 1214 583 δὲ
1237 521 1351 586 ςσῖιιώυ
1374 517 1426 584 σύ·

235 625 296 700 deis
329 634 445 706 παρῆν,
478 621 523 690 ἔτι
554 623 617 707 γὰρ
649 623 792 701 ἐλέγοντο
824 621 1008 702 ἀναβαίνειν
1038 621 1090 687 τὸν
1122 631 1178 700 τῆς
1202 625 1313 706 αρετῆς
1336 621 1426 704 ώρώισν

234 731 348 815 λόφον,
380 731 488 817 itaque
519 728 693 817 adscripsit
718 728 749 794 in
777 727 856 795 (lud.
889 729 923 795 F.
947 733 1068 804 ώςεῑσν,
1094 728 1177 816 qnod
1201 730 1339 796 feliciter
1363 749 1424 796 non

235 845 283 902 est
308 845 485 920 receptum.
535 837 576 903 m
609 839 639 902 in
675 835 786 904 ticcam
811 832 898 913 loco,
924 855 1019 921 quem
1046 833 1137 901 affert
1166 837 1278 901 Burrus
1300 835 1339 901 de
1365 835 1426 900 Po·

234 939 354 1006 sidonio
380 939 499 1006 illudio
524 961 553 1027 p.
578 945 655 1008 201.
680 939 775 1006 aliter
797 943 921 1007 evenit:
948 940 1043 1007 rerba
1066 949 1142 1008 sunt
1166 941 1337 1022 συγγνώμη
1363 941 1426 1022 γιὶρ

234 1049 376 1130 ἀνθρώπῳ
399 1071 439 1126 γε
459 1045 520 1114 ὄντι
548 1048 600 1114 καὶ
625 1043 835 1128 ἁμαρτάνοντι
858 1049 964 1130 ώραῖσν
987 1071 1030 1113 τι.
1080 1045 1216 1116 diuitum
1242 1067 1276 1113 se
1299 1048 1426 1113 cruciat

235 1152 502 1219 Wrrrnucncnrus
540 1171 567 1238 p.
594 1157 670 1218 283.
711 1151 765 1219 sed
803 1151 883 1219 rrilril
918 1153 1079 1220 extundit.
1128 1153 1268 1220 Graccus
1302 1152 1425 1221 dixerat

235 1260 406 1340 συγγνώμη
439 1260 502 1342 γὰρ
535 1259 676 1342 ανθρώτῳ
707 1284 746 1338 γε
770 1258 831 1325 ὄντι
865 1257 1079 1342 αμαρτώνσντί
1109 1283 1157 1339 τι,
1183 1258 1304 1346 placuit
1328 1259 1426 1326 Grac-

235 1367 308 1430 cnlo
331 1364 454 1431 dictum
481 1374 513 1431 et
538 1365 711 1451 adscripsit
734 1368 850 1447 ώραῐσν.
903 1366 1077 1432 verissime
1104 1365 1229 1432 liscum
1252 1363 1292 1431 ad
1319 1366 1425 1432 Euam

237 1470 389 1538 Helenam
422 1492 466 1535 rs.
496 1476 592 1538 1059.
626 1473 750 1553 ιώραῑσν
781 1473 952 1537 sexcenties
980 1472 1015 1537 in
1054 1471 1200 1537 Codicum
1232 1472 1429 1560 marcinilrus

139 1603 144 1612 ·
235 1599 254 1644 o
285 1578 399 1644 scribis
429 1577 586 1664 appictum
614 1578 773 1665 reperias,
804 1578 857 1644 citt
887 1577 1009 1665 atc'quid
1036 1576 1170 1663 pulchre
1203 1577 1320 1643 dictum
1348 1577 1428 1642 iudi·

236 1683 368 1750 aobant”
394 1693 467 1748 nota
492 1704 561 1750 esse
585 1683 665 1750 solet
690 1682 782 1749 litera
807 1707 848 1759 υ.
874 1703 971 1768 qnam
998 1682 1135 1749 niediam
1161 1706 1176 1765 ρ
1202 1684 1328 1749 transit.

283 1789 425 1855 'transeo
450 1807 536 1872 nunc
568 1787 608 1855 ad
634 1788 704 1856 illos
730 1789 853 1854 Lucrum
877 1786 963 1854 lacos
987 1787 1124 1855 cundem
1151 1789 1182 1854 in
1207 1787 1337 1855 ruodntn
1373 1796 1429 1855 cut

238 1895 335 1962 ctiam
362 1894 453 1980 peius
484 1894 712 1981 interpolatos,
738 1893 792 1959 ubi
816 1893 850 1960 in
874 1892 973 1959 eodo.
1000 1893 1079 1960 nihil
1104 1903 1152 1960 est
1178 1894 1348 1979 praesidii,
1373 1894 1428 1962 sed

237 2021 316 2067 sana
343 2020 434 2067 mens
457 2009 489 2066 et
514 1998 670 2064 iudicium
698 2006 823 2064 rectum
848 2007 880 2066 et
906 2001 1002 2075 ώτώυ
1027 2006 1130 2066 καλῶν
1148 2000 1199 2066 sal
1225 2007 1283 2067 τῶν
1305 2002 1350 2081 μη
1375 2026 1429 2068 κα-

238 2113 297 2173 λῶν
321 2107 374 2173 καὶ
399 2104 572 2187 τρεπόντων
592 2103 756 2184 διάγνωσις
783 2115 815 2171 et
841 2105 975 2172 interior
999 2106 1191 2174 Graecitatis
1216 2107 1430 2192 intelligentia

238 2212 391 2279 Codicum
427 2215 527 2278 ricem
561 2212 680 2298 optime
713 2210 841 2298 explere
874 2221 1025 2298 possunt,
1059 2214 1185 2299 siquis
1217 2215 1429 2300 scriptorem,

240 2339 335 2404 quern
362 2328 525 2404 tamquam
548 2317 666 2404 digitos
680 2338 755 2384 suas
780 2320 924 2396 noverit,
949 2319 991 2383 ita
1010 2317 1140 2404 legerit,
1166 2329 1199 2385 ut
1220 2317 1259 2385 de
1273 2319 1429 2386 llansrrn·

239 2444 327 2491 nusio
364 2424 561 2490 llunsrsurus
595 2425 710 2490 scribit
746 2423 923 2512 militatis,
960 2424 1131 2511 crispicaoa,
1167 2445 1289 2512 semper
1322 2447 1432 2492 υστσιιι

238 2553 276 2596 ce
321 2530 398 2617 qaid
439 2531 500 2596 sibi
539 2529 688 2614 fallaciae
731 2529 781 2595 vel
825 2553 845 2595 σ
888 2529 1018 2595 librario
1054 2530 1103 2596 vai
1138 2513 1178 2595 ad
1212 2531 1432 2619 interpolatore

239 2635 415 2704 struatur.”
463 2635 502 2702 m
529 2647 604 2702 sunt
637 2634 792 2723 quaedam
820 2634 1023 2713 hrriusrnudi,
1061 2644 1097 2701 ut
1129 2656 1191 2702 non
1217 2636 1320 2704 sitad
1345 2636 1431 2706 irau-

238 2741 310 2809 dem
334 2740 547 2828 indagandam
575 2743 808 2808 llsusrnnnusro
832 2761 912 2830 opus
940 2741 988 2808 vel
1016 2742 1165 2808 Bnurccro
1192 2741 1238 2809 rel
1274 2743 1430 2823 Pomona,

241 2848 335 2934 quale
360 2856 410 2914 est
440 2853 494 2924 15,
522 2854 576 2915 ttt.
601 2850 700 2915 salros
725 2848 846 2928 γελοῖός
865 2851 900 2928 γ’
920 2848 984 2927 εἰμὶ
1004 2847 1191 2930 ώναγιιώζσν
1210 2849 1300 2930 ἰχθὺν
1320 2857 1433 2916 notris

243 2952 372 3042 [ἄφωνοι
396 2955 460 3035 γὰρ
489 2955 611 3042 utroq,
643 2964 699 3021 aut
728 2961 789 3034 δώ,
826 2960 876 3021 rt.
905 2954 1004 3038 Φέρυν
1029 2951 1101 3034 ἅμα
1132 2955 1184 3021 real
1215 2955 1267 3020 ris
1291 2957 1432 3037 σἰρτιγέν-

238 3086 324 3138 νητον
347 3063 537 3136 Ἀσκληπιὸν
566 3061 610 3134 δὶς
643 3060 797 3143 τεχθέντα
837 3057 900 3150 [ὅτε
933 3059 1027 3128 ,ἄλλοι
1061 3058 1154 3138 ἅπαξ
1189 3062 1348 3144 ricrossae
1378 3059 1433 3128 oio·

181 3155 186 3164 ’
238 3165 382 3254 oporam,
421 3165 473 3232 ulii
512 3176 659 3253 poterant
690 3165 889 3234 confidenter
920 3165 1027 3234 dicere
1059 3186 1120 3232 non
1158 3167 1238 3234 alios
1262 3166 1430 3246 homines,

238 3275 295 3360 qui
321 3273 403 3340 rrralc
428 3273 489 3338 lleo
515 3281 739 3360 opponantur,
773 3271 827 3340 sed
861 3273 1008 3339 homines
1032 3271 1072 3338 ad
1105 3293 1206 3340 unum
1232 3293 1343 3340 omnes
1369 3293 1431 3340 non

239 3380 375 3464 saepius
391 3397 487 3465 quarn
512 3379 611 3446 semel
633 3379 720 3446 nasci
745 3377 855 3446 solere.
904 3378 1106 3446 incredibilis
1126 3389 1175 3446 est
1199 3379 1429 3447 Graeculorum

238 3484 340 3550 istius·
360 3486 476 3551 aetatis
501 3493 624 3572 stupor.
672 3485 787 3552 Notum
813 3496 862 3553 est
885 3484 1033 3552 Scholion
1060 3484 1099 3552 ad
1125 3484 1325 3553 Tnucrummr
1349 3486 1372 3552 l.
1398 3489 1430 3554 2.

236 3593 292 3670 την
315 3593 461 3686 ’arrisio
484 3590 576 3676 ᾤκουν
600 3593 626 3658 σι’
649 3593 736 3658 αὐτοὶ
761 3593 829 3672 rici,
856 3612 896 3660 ne
919 3601 1066 3658 errarent
1088 3594 1179 3678 pueri
1203 3595 1357 3678 magister
1376 3592 1430 3660 ad-

238 3710 362 3765 monet:
395 3701 436 3782 τῷ
470 3700 552 3778 γένει
585 3699 737 3774 δηλονότι.
767 3700 800 3764 ori
835 3699 897 3780 γαρ
933 3697 1011 3776 ἦσαν
1043 3697 1208 3764 dieraco:
1246 3697 1431 3767 huiusmodi

240 3815 345 3870 tamen
372 3803 603 3870 homunciones
628 3805 826 3872 Tnucrnmcn
855 3804 1164 3891 interpretabantur.
1215 3804 1250 3871 ln
1283 3811 1430 3893 sequenti

237 3907 319 3975 libro
341 3915 403 3988 55,
435 3915 488 3977 56.
522 3909 630 3977 editur
662 3911 820 3992 ἑρμηνείαν
851 3909 882 3977 δὲ
915 3917 965 3978 νῦν
989 3913 1044 3988 την
1069 3912 1243 3995 σαφήνειαν
1262 3919 1322 3980 τῶν
1346 3937 1433 3996 σχη·

1326 4018 1341 4064 τ’

236 4069 346 4152 aaran
369 4073 469 4152 λέγω,
491 4077 616 4161 corrige
635 4073 743 4153 λέγει,
771 4073 958 4162 pervulgato
981 4094 1091 4142 errore
1111 4093 1149 4140 cx
1169 4031 1205 4142 td
1233 4074 1280 4142 vel
1305 4085 1432 4145 nuato.

240 4179 401 4245 [licuntur
433 4179 509 4246 lraec
540 4181 579 4248 do
604 4181 735 4247 Lucrina
767 4199 828 4247 σου
859 4181 898 4248 ab
924 4183 992 4268 ipso
1016 4189 1047 4250 et
1078 4183 1110 4247 in
1138 4181 1316 4268 mmginem
1349 4182 1432 4251 alle·

237 4285 342 4370 gamla
368 4295 453 4351 sunt.

285 4391 322 4460 in
348 4393 515 4459 Amoridur
539 4397 600 4468 58,
627 4397 680 4460 to.
705 4393 789 4460 κατὰ
810 4395 927 4483 πετρῶν
950 4393 1001 4472 tt,
1021 4393 1143 4478 diocle,
1172 4392 1318 4484 [ώγδνσν]
1345 4395 1432 4463 rrrsl·
