3136 4966
691 370 763 441 629

124 562 243 638 κάλλος
271 561 372 648 ὥσπερ
394 567 427 633 οὗ
451 562 554 632 πάλαι
578 562 822 650 μακαριζόμενον
845 565 883 633 δν
906 565 991 649 τθχρ
1014 563 1206 646 σωφροσύνης
1233 563 1312 652 [νῦν]

124 669 370 750 ἐγκωμιάσεται.
405 669 474 738 Non
499 670 586 737 anim
613 672 699 738 inter
721 691 757 738 se
779 671 942 737 contraria
967 679 1044 737 sunt
1067 671 1170 738 πάλαι
1195 679 1227 738 et
1250 676 1313 750 νῦν,

124 775 209 864 quod
234 775 266 844 h.
292 776 314 844 Ι.
337 777 482 865 ineptum
503 786 572 856 est,
598 775 653 844 sed
674 777 808 844 τάλαι
831 775 1075 860 μακαριζόμενον
1098 779 1206 863 arguit
1220 778 1315 844 inane

123 893 156 950 et
179 901 455 970 supervacaneum
479 899 550 950 esse
572 883 779 966 ἐγκωμιάζειν
800 884 835 950 τὸ
859 883 976 960 κάλλος
1001 884 1077 950 otim
1101 883 1141 950 ab
1165 883 1315 952 omnibns

123 986 304 1056 laudatum.

117 1098 122 1109 ‘
171 1094 206 1161 in
234 1096 252 1179 §
281 1085 533 1182 Ῑὸὅλκάνταῦθα
556 1095 592 1173 δή
615 1118 686 1162 τινα
709 1096 904 1178 καταδρομὴν
928 1098 966 1170 ὥς
990 1094 1089 1162 άκοθον
1114 1097 1225 1176 μέλλει
1250 1121 1314 1164 τοι·

124 1200 223 1267 εἲσθαι
256 1199 352 1289 [περὶ]
385 1200 460 1278 έμοῦ
492 1199 647 1282 ἐπερωτῶν
674 1203 700 1268 εἱ
731 1204 783 1269 οὐκ
812 1204 1003 1284 αἰσχύνομαι
1026 1201 1091 1267 κιτὲ.
1128 1201 1314 1270 inducenda

125 1308 319 1392 praepositio
351 1313 412 1374 esi.
442 1307 658 1388 Κατατρέχειν
687 1309 743 1383 τὴν
775 1309 881 1391 χώραν
913 1316 950 1374 ut
981 1305 1229 1390 καθιππάζεσθαι
1259 1307 1316 1384 τὴν

123 1412 228 1494 χάραν
252 1411 407 1480 dicautur
430 1409 552 1496 pedites
576 1419 610 1478 et
633 1415 758 1500 equites
781 1416 837 1501 quii
862 1433 977 1499 agnum
1002 1410 1150 1480 hostilem
1176 1411 1315 1500 depopu-

124 1515 249 1587 iautun.
284 1515 489 1606 Thucydides
515 1515 597 1585 Vlii.
630 1522 685 1586 99.
718 1519 771 1585 καὶ
795 1529 851 1597 τῆς
875 1519 1060 1601 Χερσονήσου
1082 1542 1112 1584 τι
1137 1517 1226 1601 μέρος
1246 1543 1314 1584 κα-

123 1623 336 1704 τέδραμον.
376 1622 555 1691 Herudotus
584 1625 638 1693 iX.
671 1633 722 1693 14.
748 1627 765 1702 ἡ
789 1628 821 1694 δέ
843 1623 935 1699 ἵππος
958 1626 1146 1707 προελθοῦσα
1168 1648 1313 1692 κατιπ-

123 1728 285 1797 πάσατο
308 1733 410 1812 χάραν
431 1733 487 1808 τὴν
510 1732 689 1816 Μεχαρέδα.
728 1731 957 1818 Significuutet·
975 1739 1009 1797 ei
1028 1730 1227 1818 lepidissime
1242 1731 1314 1797 Ari·

123 1835 296 1923 stophanes
320 1835 456 1904 Acturo.
485 1841 549 1904 159

349 1940 469 2017 τούτοις
491 1941 546 2010 έάν
568 1967 615 2019 τις
636 1943 687 2012 δύο
710 1941 859 2026 δραχμάς
883 1942 988 2023 panau
1011 1942 1081 2025 διδῷ

351 2051 755 2119 καταπελτάσονται
776 2050 833 2124 τὴν
855 2049 1000 2117 Βοιωτθαν
1019 2046 1103 2129 θλιρν.

159 2151 253 2222 'ilinc
278 2153 457 2244 Hesychius
480 2156 901 2224 Καταπελτάσονταιε
926 2155 1216 2238 καταδραμοῦνται,
1243 2173 1319 2224 nec·.

126 2269 178 2340 te,
210 2267 242 2326 et
274 2253 344 2326 hoc
363 2261 483 2328 usitate
511 2260 651 2342 dicitur,
684 2261 762 2328 iilud
793 2268 931 2342 κωμικῶς
963 2261 1150 2329 πέπαικται.
1199 2260 1315 2327 Omnia

127 2367 205 2443 iiaec
231 2365 369 2451 figurate
393 2375 427 2434 et
450 2369 571 2455 tropice
594 2369 781 2455 significant
803 2343 909 2434 innati
930 2368 964 2433 ιἰι
987 2368 1144 2454 aliquem,
1168 2365 1315 2431 moledic-

126 2473 167 2538 tis
196 2471 333 2559 utiquam
364 2472 511 2540 insectari
541 2483 574 2540 et
606 2484 736 2543 servant
767 2474 1000 2540 accusativum.
1038 2472 1125 2539 Scite
1157 2470 1247 2540 Plato
1278 2469 1318 2535 de

127 2578 225 2666 Lepg.
262 2577 327 2646 Vll.
359 2581 435 2646 806.
467 2600 495 2646 c.
524 2581 576 2648 τὸν
605 2577 687 2658 ξένον
717 2580 849 2661 ἐάσομεν
875 2581 930 2657 τὴν
961 2579 1107 2664 Σπάρταν
1130 2579 1213 2660 ’ἡμῖν
1236 2575 1312 2644 οὕτω

127 2683 432 2767 ιικταδραμεῒνρ
458 2685 637 2776 Aeschylus
661 2687 796 2754 Eumae.
822 2691 898 2753 731.

376 2791 442 2858 ἐπεὶ
465 2790 654 2876 καθιππάζει
676 2818 719 2874 με
742 2793 911 2876 πρεσβῦτιν
933 2793 1008 2869 νέος.

128 2905 161 2964 at
185 2901 261 2963 uta.

377 3002 440 3078 νέος
463 3004 494 3072 δὲ
514 3005 630 3088 χραθας
655 3005 804 3086 δαέμοναο
826 3004 1025 3072 καθιππάσω.

174 3109 481 3198 Sequioneseonum
505 3108 677 3178 verborum
701 3130 796 3179 usum
821 3113 1027 3180 retinuerunt
1046 3109 1102 3178 scd
1122 3108 1316 3178 accusativis

129 3214 288 3300 genitivos
310 3213 513 3281 substituunt
536 3214 694 3300 originem
719 3223 753 3283 ot
776 3218 933 3285 rationem
955 3217 1052 3284 huius
1071 3214 1317 3304 significationis

130 3321 328 3406 ignorantes.
373 3319 427 3388 Sic
462 3321 538 3386 Bion
564 3319 580 3386 i
602 3321 813 3402 unianimitas
836 3341 856 3388 a
880 3322 1019 3408 Diogene
1042 3323 1171 3389 Laertio
1195 3319 1248 3388 tv.
1273 3325 1314 3386 m

129 3425 251 3493 dicitur
280 3427 413 3501 πλεθταε
445 3427 594 3510 monam
627 3425 785 3520 δεδωκέναι
809 3437 873 3504 τοῖς
895 3427 1091 3509 βουλομένοις
1115 3424 1315 3494 καθιππάσα-

130 3533 200 3599 σθαι
223 3537 279 3608 τιῑς
302 3534 511 3617 φιλοσοφίας,
535 3530 569 3597 id
593 3542 642 3599 est
665 3535 808 3600 manitus
830 3533 885 3621 qui
902 3533 1132 3622 philosophiam
1151 3534 1316 3618 exagitare

39 3655 44 3664 ·
129 3639 254 3705 ostieni.
278 3639 493 3722 Κατατρὲχειν
511 3639 590 3713 τινάς
610 3658 648 3705 eo
667 3659 763 3708 sensu
783 3640 1082 3727 frequentissimum
1104 3646 1163 3706 est.
1188 3635 1318 3704 Aeschi-

131 3765 187 3812 nes
212 3743 397 3812 Socraticus
420 3746 450 3812 έν
472 3748 514 3828 τῷ
541 3743 678 3828 Ἀξιόχῳ
702 3753 812 3828 πικρῶς
835 3746 1038 3826 Ἀλκιβιάδου
1061 3745 1252 3828 κατατρέχει
1275 3746 1316 3818 ὥς

130 3850 314 3935 σι’νάφλνχος
344 3851 397 3918 καὶ
429 3851 497 3934 περὶ
526 3851 587 3925 τάς
616 3853 785 3934 άλλοτρέας
811 3863 963 3931 γυναῖκας
988 3852 1207 3935 σπουδάζοντος
1230 3849 1316 3938 apud

131 3956 330 4024 tilionacum
357 3957 388 4022 in
418 3956 558 4024 Platonis
582 3959 791 4024 insectatione
817 3959 853 4025 V.
878 3981 910 4046 p.
926 3964 992 4026 tut)
1015 3981 1043 4027 u.
1058 3968 1089 4026 et
1103 3956 1316 4046 ptunimaalia
1381 3956 1384 3964 ’

130 4061 216 4150 apud
240 4061 439 4130 iiindontium
465 4063 503 4130 ad
528 4061 638 4150 Steph.
664 4062 757 4130 Thes.
780 4065 836 4150 qui
861 4063 945 4150 quod
965 4064 1073 4131 dativo
1092 4067 1239 4132 iunctum
1260 4083 1317 4150 pu·

130 4170 212 4234 tavit
241 4166 327 4256 apud
358 4168 491 4236 Dionem
526 4171 670 4236 Cassium
696 4172 757 4247 61,
785 4174 836 4236 10.
861 4177 934 4238 τῶν
957 4171 1153 4240 σωνθντων
1177 4179 1241 4243 τοῖς
1264 4170 1316 4236 δν-

130 4273 241 4348 νάτκισ
264 4273 480 4357 κατατρέχων,
506 4274 704 4363 imprudenti
728 4283 785 4342 aut
810 4275 974 4343 festinanti
999 4277 1128 4344 excidit.

176 4379 454 4463 Quemadmodum
480 4381 581 4466 igitur
603 4379 812 4465 κατατρέχειν
834 4380 905 4454 τινά
928 4379 1068 4460 dicitur,
1093 4383 1140 4449 sic
1164 4388 1237 4447 nota
1262 4393 1321 4466 pa-¹

130 4485 280 4575 saphrusi
302 4484 452 4555 dicebant
475 4486 671 4572 καταδρομήν
692 4510 770 4562 τινοο
794 4489 960 4568 ποιεῖσθαι,
984 4497 1017 4556 et
1040 4489 1219 4573 καταδρομή
1240 4509 1318 4563 τινος
