3208 4972
743 360 813 432 225

153 557 285 626 Graecis
309 553 408 623 iuisse
439 559 470 623 in
505 576 585 634 usu,
610 564 643 622 ct
674 555 927 642 ἐκτεθυλνμμένιρ
951 559 1085 644 probum
1110 571 1143 632 ct
1165 562 1342 652 geurrinum

153 684 234 732 esso.
282 662 382 729 Lectu
406 660 597 749 dignissima
624 670 701 728 sunt
730 682 813 748 quae
842 663 1036 732 Sonacrcnus
1059 667 1187 755 collegit
1207 667 1247 734 nd
1272 668 1346 734 [iro-

154 789 269 838 rrrsrorr
295 769 459 837 Hammon.
484 769 524 836 dc
544 768 703 857 composit.
730 768 893 837 verborum
918 791 947 857 p.
969 777 1033 840 555
1057 794 1104 862 sq.
1125 783 1158 842 ct
1182 773 1220 840 ad
1245 772 1347 840 Scho-

154 876 199 943 iia
231 877 393 942 Aroocorur
428 876 536 942 Ruoou
566 895 596 962 p.
620 879 707 952 208„
738 894 884 962 quaeque
909 875 959 943 his
989 880 1138 966 opposuit
1163 880 1280 947 Looecu
1305 877 1346 946 ad

156 982 355 1050 Pncrrrcumr
388 1001 418 1068 p.
439 986 480 1048 54
510 1001 581 1068 sqq.
631 979 675 1047 [ie
706 978 818 1048 iormis
842 973 1063 1051 secundac'ac
1092 988 1207 1054 tertiae
1237 1005 1347 1076 perso·

156 1109 216 1157 nac
242 1087 329 1154 nuita
353 1088 570 1154 controversia
601 1093 662 1154 est:
690 1095 810 1154 exeunt
833 1107 945 1155 onmes
970 1091 1002 1155 in
1027 1116 1110 1158 -νται
1131 1101 1164 1160 et
1189 1117 1290 1172 πται,
1314 1100 1348 1159 at

155 1195 278 1262 formae
302 1193 520 1271 έκτιθῆλυνπαι
544 1202 574 1258 ot
601 1193 817 1269 ἐκτεθιὶλυνται
840 1214 902 1259 nou
928 1207 1058 1282 possunt
1086 1197 1199 1266 referri
1224 1198 1264 1266 ad
1284 1199 1348 1286 pri·

154 1321 242 1368 mam
267 1320 434 1388 personam
468 1303 500 1367 in
525 1325 635 1380 -υμιιι,
662 1301 737 1388 quia
757 1321 796 1367 ex
821 1301 1013 1370 Graecitatis
1039 1306 1167 1393 ingenio
1190 1332 1207 1374 υ
1232 1313 1348 1373 natura

155 1415 342 1495 correptum
367 1417 468 1485 esset,
495 1415 531 1474 ui
551 1408 582 1472 iu
608 1405 793 1487 πέπλυμαι,
819 1407 976 1492 κέκριμαι,
1005 1411 1171 1492 κέκλιμαι,
1195 1412 1347 1492 τέταμαι.

155 1515 294 1582 Proieci
320 1516 395 1602 quia
427 1525 540 1580 rmturo
567 1533 628 1579 nou
653 1523 775 1601 potest,
801 1516 953 1600 positione
976 1515 1071 1585 debet
1093 1527 1126 1586 et
1149 1539 1203 1586 eas
1228 1515 1348 1584 iormas

84 1631 91 1642 ·
156 1621 327 1710 plorasque
350 1621 382 1687 in
406 1645 501 1700 -πμαι
526 1619 763 1707 producebant,
786 1631 931 1688 caeteras
956 1624 988 1688 in
1009 1649 1122 1706 -μμαι,
1166 1627 1347 1705 Ἤιπχυμαι

157 1728 233 1814 quia
257 1726 350 1793 nihttt
375 1736 423 1794 est
444 1727 537 1794 debet
562 1728 706 1814 recipere
724 1725 859 1794 formam
881 1729 1067 1813 icxoppar,
1091 1732 1166 1819 quia
1192 1751 1255 1798 non
1280 1728 1345 1819 pia·

157 1835 226 1900 ertit
251 1835 416 1919 iirxvcpar
448 1833 573 1910 dicere,
608 1843 643 1900 ui
672 1836 897 1916 recutitorum,
932 1835 1085 1918 ίίδυτμαι,
1118 1839 1348 1920 λελύματμαι,

159 1939 332 2024 πέφασμαι
356 1939 429 2008 aiia.
479 1940 514 2006 ln
547 1939 710 2007 nonnuliis
736 1949 872 2028 utraque
896 1941 998 2010 forma
1023 1943 1055 2010 in
1081 1963 1141 2012 usu
1163 1953 1230 2024 est,
1255 1943 1349 2011 modo

159 2047 338 2136 penultima
370 2046 578 2134 producatur.
626 2045 686 2127 Qui
712 2047 905 2128 τεθήλυπμαι
929 2040 1025 2128 dicit,
1051 2061 1137 2120 recte
1161 2050 1259 2128 dicit,
1292 2051 1349 2139 qui

160 2154 283 2222 maruli
311 2155 509 2232 τεθήλυμμαι
540 2172 601 2218 non
627 2161 732 2231 errat,
757 2151 811 2220 sed
837 2155 1010 2236 τεθῆλυμαι
1039 2159 1094 2244 qui
1118 2157 1198 2226 dicit
1221 2157 1349 2241 βαρβα·

158 2261 242 2344 otto.
290 2260 325 2326 in
357 2257 407 2325 his
439 2256 620 2326 scribarum
653 2260 776 2326 nationi
808 2259 888 2326 nihii
915 2260 1003 2328 credi
1027 2283 1118 2350 posse
1142 2264 1222 2330 satis
1247 2263 1348 2329 mani·

161 2366 277 2434 festum
302 2373 368 2444 cst,
390 2365 552 2452 imprimis
571 2364 610 2431 ob
631 2363 662 2430 id
687 2364 771 2453 quod
795 2365 912 2434 dicam.
961 2367 1061 2457 Saepe
1085 2370 1150 2437 ridi
1175 2369 1349 2439 Graeculos

160 2472 293 2540 bacrcrc
318 2474 350 2538 in
381 2470 496 2538 formis
527 2471 558 2536 iu
584 2495 669 2537 -νται
698 2472 919 2555 excuntibus3
947 2474 1057 2543 vident
1080 2496 1150 2544 esse
1173 2475 1349 2564 singularis

161 2579 306 2658 numcri,
338 2579 480 2668 primum
514 2577 694 2658 mirantur,
720 2577 835 2645 deiude
865 2579 983 2646 rodunt
1007 2590 1039 2648 et
1063 2581 1148 2648 uitro
1172 2581 1349 2671 depravant

160 2684 257 2773 idque
287 2683 412 2751 duobus
435 2683 536 2750 ferme
561 2682 683 2762 mortis,
707 2693 764 2750 aut
787 2685 873 2750 euim
898 2684 1039 2753 litteram
1064 2713 1080 2753 ν
1102 2689 1267 2766 eximunt,
1292 2696 1349 2754 aut

159 2791 341 2860 subiectum
374 2810 412 2859 ex
442 2789 599 2876 singulari
627 2787 750 2878 pturato
779 2809 837 2878 per
869 2792 934 2857 rim
967 2789 1101 2862 iaciunt.
1150 2793 1185 2861 ln
1221 2795 1349 2861 nnrsro·

160 2919 265 2966 currus
289 2897 383 2964 Pluto
406 2916 453 2962 rs.
479 2901 556 2963 655.

385 3001 616 3086 ἐξωμμάτωται
639 3002 692 3070 καὶ
716 3002 953 3087 λελάμπρυνται
977 3003 1077 3088 κέρας.

158 3131 271 3179 ornnes
293 3109 360 3177 ierc
388 3107 481 3184 libri,
515 3116 547 3176 ct
577 3109 610 3174 iu
643 3108 693 3174 his
726 3110 839 3195 optimi
863 3131 990 3191 omncs,
1015 3111 1202 3198 praeierunt
1235 3109 1348 3180 baria-

160 3237 228 3284 ram
262 3216 458 3302 scripturam
490 3213 724 3296 λελαμπρυται.
772 3214 871 3283 Evciii
902 3217 973 3285 istis
1005 3239 1066 3286 uon
1092 3227 1216 3308 poterat
1241 3218 1348 3307 opinio

157 3322 397 3405 λελάμπρυνται
421 3321 565 3388 eiusdem
591 3321 718 3388 numeri
743 3341 813 3388 esse
834 3332 931 3411 utque
951 3325 1115 3409 ἤρτυνται,
1140 3325 1347 3403 κεκώλυνται,

158 3431 348 3506 imitamur,
376 3426 537 3505 τέθυνται,
569 3427 768 3510 δεδάκρυνται
797 3429 829 3494 δὲ
852 3431 997 3512 παρειαί,
1030 3431 1157 3514 σπαρτα
1182 3431 1348 3511 λέλυνται,

157 3537 372 3618 μεμήνυνται,
401 3533 559 3609 εἷλυνται,
588 3531 674 3600 uude
700 3533 845 3602 εἰλύαται
877 3535 962 3624 apud
993 3538 1157 3617 Ηοιιιιιιιιιι,
1180 3539 1346 3622 κέχυνται,

158 3642 243 3722 alia,
269 3643 377 3728 itaque
393 3639 616 3722 λελαμπρυπαι
639 3639 845 3726 impudenter
870 3643 1033 3730 resurgunt
1055 3644 1095 3711 ad
1117 3643 1235 3712 iormas
1254 3644 1347 3727 κέχυ·

157 3773 228 3828 ται,
244 3749 395 3825 λέλυται,
422 3747 565 3826 τέθυται,
586 3746 759 3814 κεκώλυται
783 3757 846 3816 etc.
893 3749 995 3816 Huius
1020 3750 1142 3818 formae
1166 3750 1249 3839 quud
1275 3749 1346 3816 utti-

158 3875 233 3922 cum
271 3861 341 3920 crat
373 3852 556 3940 exemptum
592 3854 624 3918 iu
658 3851 754 3920 verbo
777 3853 934 3942 liquidato
962 3855 1144 3938 πέπαυμαι,
1170 3858 1347 3938 πέπλυται,

158 3959 335 4028 πέπαυνται
360 3979 456 4047 quam
482 3959 564 4027 male
590 3957 804 4028 mulcaverint
824 3960 909 4031 ride.
958 3963 993 4030 iu
1017 3962 1199 4051 fragmento
1224 3963 1348 4031 Sosrrr·

158 4087 208 4134 ττι
230 4065 315 4156 apud
340 4068 526 4135 Ατιιιιιιιιτιιιι
551 4066 605 4135 tx.
631 4088 660 4155 p.
676 4073 740 4134 377
765 4089 792 4135 r.
818 4069 943 4137 scribac
967 4069 1138 4141 dederunt:

296 4175 386 4244 ἄλλα
409 4174 570 4242 πέπαυται
594 4175 629 4241 τὸ
653 4179 792 4258 πρᾶγμα
815 4177 867 4244 καὶ
892 4175 1140 4260 xiiccccxiiii

297 4277 374 4349 εἶναι
397 4282 544 4365 μάγειροί
564 4289 663 4366 Φατιν
687 4283 770 4350 cotto
792 4282 918 4360 εἰδότες.

162 4388 318 4456 Ponsonus
351 4388 390 4456 ad
424 4388 566 4456 Medeam
602 4407 648 4457 vs.
677 4393 740 4456 159
776 4397 960 4478 comparato
997 4391 1147 4459 iussurus
1184 4391 1216 4458 in
1255 4391 1350 4458 Otroi-

155 4493 293 4585 pirorrtcc
318 4498 336 4582 ς
363 4501 438 4564 178.
463 4501 514 4563 νῦν
535 4496 561 4563 δ’
585 4495 641 4572 ἤδη
664 4496 913 4564 καταπέπλυται
936 4501 971 4565 τέ
995 4501 1134 4582 πρᾶγμα
1165 4497 1349 4564 felicissime

1176 4607 1205 4653 rc
