3160 4972
699 387 772 456 453

132 578 245 669 [ὄντες]
271 579 389 658 ἀξιοῦσι
420 584 509 659 σφῶν
539 567 729 663 dediscatur.
778 583 932 669 Spurium
966 601 1036 648 esse
1067 582 1150 653 ὄντες
1181 579 1228 647 rel
1256 583 1324 668 ipsa

55 755 61 766 ,
131 686 222 753 sedes
258 683 381 772 arguit,
412 688 486 774 quia
519 687 573 763 ἤδη
605 685 725 764 ἀξιοῦσι
757 687 867 754 divelli
901 695 1082 774 nequeunt:
1112 693 1144 752 et
1164 686 1324 754 insttlonor

131 789 194 858 dici
216 793 286 867 τοὺς
311 793 343 857 ἐν
366 799 437 865 ταῖς
461 794 560 870 νήσοις
584 793 657 879 quis
679 793 810 860 landent
835 802 883 859 est
908 795 962 880 qui
990 791 1133 858 nesciat?

176 897 250 963 Post
271 917 372 985 pauca
395 897 551 979 ψήφισμά
575 903 604 963 τ’
629 899 715 974 stete
740 901 919 976 ἐποιήσαντο
939 899 1072 972 Κλέωνος
1093 899 1201 982 γνύιιν
1225 897 1323 989 [nstr-

130 1001 264 1092 ύέντες],
297 1004 523 1091 participium,
556 1003 640 1090 quod
672 1007 704 1070 iu
729 1025 765 1072 ea
791 1024 825 1071 re
852 1025 946 1071 nomo
969 1004 1077 1085 addit,
1104 1002 1324 1071 inducendum

118 1118 257 1178 censeo.

177 1215 419 1303 interpolantur
451 1223 594 1282 veterum
626 1217 768 1304 scripta,
800 1216 855 1283 ubi
880 1216 1029 1283 Graeculi
1054 1216 1226 1283 verborum
1253 1237 1325 1284 sen·

131 1324 265 1390 tentiam
292 1343 353 1389 non
385 1323 525 1389 assecuti
559 1321 716 1389 laboranti
749 1324 931 1410 scripturae
962 1333 1147 1390 ονοονιινιιιι
1178 1323 1320 1391 scilicet:

130 1449 190 1496 nos
213 1448 409 1516 quamquam
435 1438 601 1517 perspecta
625 1449 701 1496 tera
726 1431 886 1495 sententia
912 1437 1018 1496 tamen
1044 1431 1181 1496 istorum
1208 1428 1323 1496 emble·

130 1544 219 1601 mata
244 1537 434 1602 retinemus.
483 1533 600 1602 Editur
625 1534 677 1602 lV.
707 1539 779 1602 126.
804 1537 934 1616 ύναύοῖι
958 1536 1022 1617 ναι
1046 1531 1122 1602 εἶναι
1144 1536 1215 1613 ὑμῖν
1231 1557 1323 1617 προο-

128 1643 196 1719 νὶκει
209 1679 254 1690 -
266 1638 297 1706 oi'
313 1665 354 1720 γε
372 1640 449 1721 μηδὲ
467 1640 530 1707 eiad
552 1649 711 1708 πολιτειῶν
727 1642 867 1708 τοιούτων
888 1641 977 1721 ἥκετε
1001 1641 1031 1706 ἒν
1051 1636 1101 1715 αἶς
1128 1641 1189 1729 [οὐ]
1215 1641 1322 1708 πολλοὶ

127 1746 257 1838 ὀλίγωνΙ
274 1745 421 1830 ἄρχουσιν
452 1747 542 1814 ἄλλα
568 1747 713 1814 πλειόνων
733 1752 856 1827 μᾶλλον
879 1747 1036 1822 iuniorem.
1088 1745 1265 1814 Graeculus
1290 1757 1326 1814 ul

128 1853 366 1940 oppositionem
390 1852 511 1920 laceret
532 1856 564 1920 οὐ
588 1853 628 1920 de
651 1874 710 1920 suo
734 1853 856 1920 addidit
884 1873 945 1920 uon
970 1854 1116 1940 cogitans
1140 1855 1173 1918 in
1197 1872 1324 1940 praece·

126 1957 282 2028 dentibus
306 1979 376 2026 eam
407 1959 576 2026 contineri.
624 1959 661 2026 ld
695 1979 752 2026 nos
781 1980 843 2026 non
876 1959 980 2046 sugit,
1006 1958 1061 2026 sed
1086 1958 1186 2025 nihilo
1217 1961 1325 2026 miuus

128 2063 310 2133 absurdum
336 2066 368 2131 ού
394 2063 533 2132 fideliter
556 2085 736 2133 servamus

150 2169 321 2259 *Thucyd
347 2170 401 2237 lV.
429 2175 505 2272 151.
532 2174 557 2238 oi
579 2173 611 2240 δὲ
634 2173 788 2249 Ἀθηναῖοι
804 2211 841 2223 -
856 2170 1038 2245 ἐσπεσόντες
1063 2173 1124 2260 [ἐς]
1150 2173 1205 2248 τὴν
1226 2171 1321 2261 [Mdv-

125 2276 198 2362 δην]
232 2275 322 2344 πύλιν
352 2273 411 2344 ἅτε
453 2278 507 2344 οὐκ
542 2277 605 2344 aiud
638 2275 827 2359 Ενμβύοεως
860 2280 1057 2360 ύνοιχύεῒοιιν
1078 2317 1120 2329 -
1139 2279 1322 2361 διήρπασαν.

125 2381 336 2449 Manifestum
369 2392 416 2450 est
448 2383 506 2450 boo
539 2383 760 2474 Thucydidem
794 2383 902 2451 dicere
931 2386 956 2450 ol
980 2386 1132 2459 Ἀθηναῖοι
1157 2385 1213 2460 τὴν
1235 2382 1325 2450 πόλιν

123 2490 302 2570 διήρπασαν
326 2485 384 2556 ἅτε
408 2490 544 2558 colonial
568 2489 758 2570 ξυμβύσεως
779 2492 985 2572 ύνοιχύεΐταν.
1018 2487 1107 2556 Unde
1126 2492 1188 2555 'ec
1209 2498 1319 2556 uelum

124 2595 171 2662 sit
198 2593 298 2661 vides.
346 2594 412 2662 Nou
437 2595 550 2663 desino
581 2598 694 2664 mirari
718 2617 783 2685 quo
805 2606 898 2684 pacto
928 2595 1015 2662 docti
1039 2595 1185 2662 homines
1209 2617 1323 2663 coneo·

121 2710 231 2790 quant
257 2703 287 2777 ἐς
310 2703 365 2778 τὴν
396 2701 518 2779 Μένδην
548 2701 648 2770 πάλιν.
697 2703 780 2786 erid
813 2723 874 2800 non
900 2701 1048 2769 mortalia
1071 2709 1201 2791 pectora
1233 2703 1323 2789 cogis

120 2830 141 2875 o
169 2827 267 2876 caeca
291 2816 323 2875 et
348 2807 509 2876 malesana
533 2810 739 2897 antiquitatis
764 2808 967 2878 reverentia?

173 2913 240 2982 Sed
264 2915 485 2982 animadverto
509 2936 560 2982 me
585 2913 785 3006 Thucydidis
810 2935 918 2983 amore
943 2921 1072 3002 captum
1096 2913 1232 2982 ulterius
1252 2935 1322 2983 esse

119 3041 355 3112 progressum,
381 3041 477 3108 quam
499 3041 518 3088 a
538 3022 697 3109 principio
718 3032 788 3090 erat
807 3021 991 3088 consilium.
1031 3021 1161 3108 ltaque,
1183 3041 1222 3088 ne
1243 3021 1323 3088 mibi

118 3129 209 3197 baec
236 3149 310 3216 pars
333 3128 577 3195 annotationum
603 3129 702 3194 nimis
716 3139 912 3208 ‘atonescam
938 3127 1006 3195 vela
1027 3126 1213 3194 contraham
1235 3129 1324 3197 etde

116 3234 269 3305 caeteris
298 3233 390 3300 libris
421 3253 540 3321 paucos
573 3241 700 3302 tantum
740 3234 825 3302 locos
856 3234 991 3302 selectos
1022 3233 1132 3302 eadem
1167 3233 1323 3302 brevitate

118 3358 374 3427 recognoscam.
1028 3358 1031 3368 ’

170 3445 325 3536 Thucyd.
352 3445 391 3515 V.
419 3450 474 3514 et.
498 3445 556 3517 ι’ύςε
579 3447 649 3514 οὔτε
672 3447 774 3515 Πύλον
794 3447 1005 3514 ἀπαιτούντων
1030 3447 1158 3536 [αὐτῶν]
1183 3447 1323 3514 ύπεδύδο·

116 3579 185 3623 ταν
213 3553 305 3619 ἄλλα
328 3553 380 3620 καὶ
404 3554 474 3630 τοὺς
499 3553 533 3620 ἐκ
556 3559 612 3628 τῆς
642 3555 731 3632 niceo
765 3553 955 3643 [δεσμώτας]
983 3554 1190 3634 μετεμέλοντο
1213 3554 1325 3620 droda-

115 3658 273 3732 δωιούτες.
306 3658 355 3725 bis
387 3659 468 3727 male
500 3659 626 3747 ellipsin
657 3659 696 3727 de
720 3680 779 3727 suo
813 3659 961 3728 Graeculi
991 3660 1211 3746 expleverunt.
1260 3658 1325 3725 llos

115 3774 170 3836 esi
204 3765 240 3830 itt
266 3761 401 3844 lalibu's,
427 3764 521 3853 quale
545 3773 595 3832 est
614 3766 827 3833 ἀπαιτούντων
846 3767 900 3833 ούιι
921 3766 1124 3842 ἀπεδίδοσαν,
1149 3782 1323 3854 pronomen

114 3873 307 3949 omittere,
333 3880 363 3939 et
387 3873 413 3940 cl
437 3873 471 3939 ἐκ
494 3879 551 3949 τῆς
575 3875 664 3950 νήιον
689 3893 752 3939 non
777 3882 865 3941 recte
888 3873 1044 3955 δεσμῶται
1070 3871 1242 3949 dicuntur,
1268 3869 1323 3938 scd

112 3973 351 4060 αἰχμάλωτοι,
375 3985 407 4046 et
428 3980 584 4046 usitatum
611 3988 660 4046 est
684 3977 763 4045 nibil
789 3977 918 4047 addere.

169 4082 327 4173 Thucyd.
353 4083 391 4150 V.
418 4087 473 4152 63.
499 4083 739 4166 Λακεδαιμόνιοι
755 4083 901 4167 depo
924 4086 955 4152 ἐν
979 4083 1109 4171 μεγάλῃ
1130 4085 1219 4172 αἰτία
1242 4081 1325 4166 εἶχον

110 4196 150 4266 οὐ
177 4191 418 4274 χειρωτύμενον
442 4191 549 4276 σφίσιν
567 4193 685 4274 ’Ἄργος
710 4193 877 4276 παρασχὸν
899 4197 1003 4266 καλῶς
1022 4195 1062 4264 ὡς
1081 4191 1162 4258 odora
1185 4190 1325 4275 πρύτερον

115 4297 236 4395 [αὐτοὶ
272 4295 434 4386 ἐνύμιζον].
481 4295 648 4365 Manifesta
678 4297 774 4365 verba
806 4299 845 4372 dc
873 4298 955 4366 οὕτω
979 4296 1119 4380 πρότερον
1143 4296 1328 4387 (παρέσχεν)

109 4408 158 4478 ad
198 4403 376 4486 παρασχόν
401 4401 569 4470 referenda
602 4413 699 4481 sunt,
724 4424 786 4491 quo
807 4402 891 4471 iacto
914 4403 1071 4471 emblema
1094 4405 1177 4471 ultro
1196 4403 1327 4471 excidit.

107 4509 294 4597 Παρύχειν
316 4527 354 4574 eo
379 4527 478 4576 sensu
502 4511 720 4596 reponendum
744 4509 797 4576 IV.
821 4515 894 4578 155.
916 4509 1095 4592 βουλόμενοι
1112 4511 1169 4591 μὲν
1189 4511 1240 4574 καὶ
1261 4510 1328 4586 alei,
