3086 4974
795 341 866 414 5⁴8

241 539 394 625 quiritur.
430 537 530 604 Nemo
552 554 705 625 uniquam
730 535 824 604 aliter
842 557 940 626 quam
961 537 1008 604 sio
1027 535 1155 604 loeutus
1176 543 1245 610 est,
1268 543 1302 602 et
1314 536 1418 602 vitium

240 654 352 712 estex
377 643 565 724 tralatioiis,
593 644 645 711 ubi
670 637 733 712 hoa
757 643 776 713 ἕ
797 652 830 710 et
856 638 881 710 ίι
906 645 991 710 inter
1014 663 1049 710 se
1071 641 1202 709 confusa
1227 641 1365 709 uidebis?

287 749 323 814 in
348 754 365 838 §
388 754 450 816 tuo
474 748 602 832 ίίγωμεν
621 752 654 818 δὲ
677 752 729 818 καί
753 752 824 824 τοὺς
848 749 970 824 οίκότας
993 750 1047 816 καί
1071 751 1287 832 παραδιδῶμεν
1307 751 1349 823 είς
1367 748 1422 828 βό-

242 879 343 922 σοινον.
382 855 444 922 Res
469 857 537 944 ipsa
558 858 676 924 oiamat
700 855 769 936 όγυ
792 865 825 922 et
849 855 1043 938 παραδίδωμι
1067 875 1142 922 vena
1166 875 1246 922 esse.
1279 855 1362 922 Tum
1381 875 1423 920 re-

243 959 348 1026 scribe
372 961 423 1028 καί
446 961 498 1028 τόν
521 963 578 1043 μὲν
600 963 692 1043 λόγον
716 965 742 1030 εἰ
762 962 1037 1048 συγχωρήσΘΤΔΙ
1060 963 1074 1026 ί
1098 962 1265 1044 κατήγορος
1290 960 1426 1028 καταλό-

245 1075 323 1146 Cn,
352 1088 408 1153 pro
431 1069 627 1153 συγχωριίσει
649 1069 748 1158 (unus
767 1067 849 1136 libet·
867 1069 1062 1152 συγχωρήσει
1082 1068 1200 1157 ταῦτα)
1220 1075 1251 1134 et
1269 1067 1427 1134 καταλύω.

245 1171 457 1242 Athenienses
487 1176 573 1241 enim
597 1175 841 1258 συγχωρήσομαι
857 1160 1014 1242 ’δίυείιωιιῐ
1038 1183 1070 1240 et
1094 1172 1241 1241 futurum
1265 1177 1430 1256 συγχωρή-

244 1304 334 1346 σεται
354 1281 491 1369 postulat
516 1281 711 1368 respondens
735 1280 796 1346 sibi
819 1279 965 1346 futurum
992 1281 1172 1348 καταλύσω.

291 1386 358 1454 Una
382 1397 507 1454 tantum
530 1385 658 1454 literuia
671 1387 790 1456 aauissa
810 1386 1051 1474 oompositionis
1073 1393 1272 1454 venustatem
1286 1389 1434 1474 eorrupit

244 1495 351 1578 §15st
364 1497 440 1560 ἀλλ’
454 1493 561 1574 ἔμοιγε
581 1497 614 1570 νίν
633 1494 704 1568 τοὺς
725 1493 807 1567 ίεοὺς
827 1493 926 1560 οὑτοσὶ
947 1495 1030 1560 δοκεῖ
1046 1495 1136 1559 τοῦτο
1154 1491 1243 1572 μόνον
1253 1491 1433 1572 λογίζεσθαι

241 1597 322 1674 ὅπως
339 1597 464 1680 μεταξὺ
483 1600 583 1680 λέγων
595 1599 806 1678 εὐδοκιμήσει,
827 1601 853 1665 εί
867 1599 898 1665 δὲ
910 1599 1015 1682 μικρόν
1028 1601 1165 1680 ἐπισχὼν
1176 1598 1255 1676 δόξει
1266 1601 1434 1682 soonam

241 1730 293 1780 τος
313 1712 372 1771 τῶν
392 1707 546 1782 Ἑλλήνων
565 1703 642 1772 είναι
655 1706 723 1772 otti
735 1705 1028 1790 μικρόνφρσντιζθῐ.
1053 1705 1153 1780 Euat,
1173 1703 1284 1782 cretio,
1305 1713 1435 1774 ΦΡΟΝ·

240 1797 373 1887 mei,
407 1810 438 1878 id
470 1821 519 1880 est
547 1811 726 1896 φροντίζειν.
765 1810 968 1897 ttespondont
997 1809 1059 1876 sihi
1082 1811 1167 1877 iulet·
1191 1831 1226 1878 se
1249 1812 1434 1894 λογίζεσθαι

240 1925 272 1983 et
296 1918 464 2002 φροντίζειν
487 1917 581 1985 ambo
605 1937 642 1986 ex
665 1919 748 1985 δοκεῖ
765 1936 930 2004 suspensa.

286 2021 379 2112 Apud
411 2025 601 2092 Aeschinem
634 2018 787 2091 continuo
811 2025 962 2110 sequitui·
987 2027 1004 2110 §
1034 2031 1108 2091 tot.
1132 2027 1168 2092 τὸ
1189 2025 1254 2108 γὰρ
1277 2027 1361 2094 αὐτό
1381 2029 1436 2104 ηὔ-

240 2129 315 2208 ξκσί
338 2155 373 2196 τε
397 2137 456 2198 τῶν
478 2133 510 2198 ἐν
533 2137 669 2199 Φωκεῦσι
693 2129 842 2213 τυρόννων
865 2131 907 2218 τόν
931 2131 1112 2214 πριίγματα
1132 2133 1185 2199 καί
1204 2135 1351 2216 καόεῖλε·
1378 2161 1437 2201 κα·

240 2235 375 2312 τίςυσαν
398 2237 456 2318 μὲν
480 2239 543 2321 γίιρ
566 2241 608 2330 είς
631 2241 688 2316 τὴν
711 2241 811 2322 ἀρχὴν
833 2239 1049 2320 τολμήσαντες
1072 2246 1130 2306 τῶν
1153 2241 1235 2322 ίερῶν
1257 2242 1437 2323 χρημάτων

240 2339 384 2424 ἅφασόαι
406 2345 459 2411 καί
483 2346 534 2412 διίι
557 2344 648 2423 ξένων
670 2345 728 2420 τίις
753 2345 913 2419 πολιτείοις
935 2346 1128 2425 μετόςκσαν,
1158 2345 1381 2423 αατελόόιισαν
1407 2350 1436 2414 st

243 2449 370 2539 [ἀπορίρι
393 2450 579 2538 χρημάτων]
604 2451 710 2529 ἐπειδὴ
734 2450 1042 2534 κατεμισθοφόρησαν
1066 2451 1109 2518 τδι
1130 2453 1324 2536 ὑπάρχοντα.
1357 2454 1438 2523 Sen-

241 2556 325 2622 tisne
356 2577 452 2644 quam
485 2555 640 2645 impediat
671 2567 703 2625 et
732 2565 844 2625 oneret
874 2559 1067 2624 sententiam
1093 2560 1323 2626 venustissime
1349 2579 1439 2627 oom-

241 2663 378 2748 positam
402 2662 577 2750 insipidum
598 2673 631 2729 et
651 2663 739 2729 inens
759 2661 916 2730 emblema
937 2664 1051 2750 ἀπορία
1068 2663 1259 2747 γρυμοίτωνί
1294 2664 1442 2732 Perinde

239 2776 289 2834 esi
320 2789 359 2834 ae
391 2770 417 2835 si
450 2769 523 2856 quis
554 2767 691 2837 diceret:
724 2769 800 2844 τέως
830 2771 889 2850 μὲν
916 2771 1087 2854 ἐτρύφησεν
1108 2769 1218 2838 ἔπειτα
1238 2770 1266 2837 δ’
1291 2773 1444 2848 όπείνιςσε

239 2882 340 2950 κακῶς
362 2876 476 2962 οίπορίρι
498 2876 668 2959 χρημάτων
692 2876 796 2952 ἐπειδὴ
817 2875 986 2959 κατέφαγε
1005 2879 1048 2944 πίε
1068 2878 1209 2960 πατρῷα.
1236 2876 1271 2944 iu
1294 2886 1444 2968 utroque

239 2981 384 3071 exemplo
410 2983 550 3049 omissis
580 2983 686 3050 verbis
716 2981 829 3068 οίπορία
859 2981 1031 3066 χρημάτων
1061 2990 1094 3048 ei
1126 2981 1210 3050 idem
1243 2981 1382 3054 dicetur
1413 2995 1446 3052 et

239 3087 323 3156 idem
349 3088 450 3154 inuito
473 3088 589 3156 melius
611 3099 643 3157 et
664 3090 773 3158 aerius
797 3087 937 3155 dicetur.

286 3195 321 3260 in
347 3199 366 3280 §
394 3199 468 3261 135.
494 3197 563 3268 τοὺς
587 3194 681 3277 μέχρι
704 3194 871 3276 τριοίκοντα
895 3193 948 3271 ἔτη
973 3194 1174 3286 [γεγονότας]
1201 3195 1314 3276 ἐξιέναι
1343 3219 1447 3287 prae-

239 3311 289 3368 ter
324 3299 568 3368 Atheniensium
612 3301 879 3368 consuetudinem
916 3302 1055 3368 inseruit
1089 3301 1208 3389 aliquis
1242 3307 1447 3385 γεγονότας.

241 3406 289 3474 ct.
315 3426 397 3495 quae
420 3407 646 3474 annotavimus
667 3407 711 3475 ati
738 3403 959 3495 Xenophontis
981 3405 1139 3474 Aoobosiu
1164 3409 1203 3474 ΙΙ.
1229 3415 1261 3476 3.
1293 3415 1354 3477 12.

287 3515 361 3580 Post
384 3534 499 3602 pauca:
524 3515 575 3580 καί
601 3523 663 3588 τοῖς
688 3499 898 3598 σπονδοφόροις
924 3523 985 3589 τοῖς
1010 3516 1069 3588 τὰς
1093 3515 1318 3596 μυσινριότιδας
1346 3543 1452 3586 στι-ου.

239 3621 295 3696 δόις
327 3620 591 3700 ἘΠαγγὲλλουσι
623 3618 707 3698 μόνοι
738 3627 797 3687 πῶν
828 3621 984 3696 Ἑλλήνων
1015 3627 1120 3696 Φωκῆς
1152 3624 1204 3690 οὐκ
1233 3621 1452 3694 ἐσπείσαντο.

239 3726 430 3813 Requinitur
454 3728 486 3794 in
511 3746 547 3792 ea
562 3724 697 3794 realiud
718 3727 931 3813 compositum
954 3727 1248 3806 ΠΕΡΙαγγέλλουσι
1270 3748 1336 3814 pro
1359 3735 1453 3800 ἘΠ-

239 3833 452 3912 αγγίλλουσι,
478 3833 552 3918 quia
579 3833 604 3898 oi
628 3831 823 3917 σπονδοφόροι
849 3830 986 3919 singuiis
1010 3832 1196 3900 civitatibus
1215 3833 1275 3907 τὰς
1295 3838 1453 3914 σπονδὰς

239 3938 476 4020 ἐπαγγέλλουσι
509 3939 722 4028 (luculentum
748 3938 931 4026 exemptum
957 3945 1006 4004 est
1030 3937 1113 4024 apud
1141 3937 1373 4028 Thucydidem
1409 3946 1452 4012 V.

239 4047 314 4134 49),
339 4045 394 4112 sed
419 4047 580 4112 uniuersis
604 4045 895 4128 περιαγγέλλουσιν.
920 4043 969 4112 ct.
996 4043 1141 4134 Thucyd.
1166 4047 1191 4114 1.
1217 4047 1291 4112 116.
1315 4047 1363 4116 11.
1392 4059 1455 4119 10.

283 4152 319 4220 in
350 4173 420 4238 sqq.
454 4153 507 4217 καί
540 4155 570 4217 oi
597 4153 640 4218 τόν
670 4155 806 4234 μυςιίρια
837 4151 1094 4230 ἐπαγγέλλοντες
1132 4151 1205 4242 (lege
1236 4159 1454 4245 περιαγγ.)

238 4257 345 4339 μόνους
370 4264 428 4324 τῶν
452 4255 557 4324 σ’ίλλων
583 4259 739 4334 Ἑλλήνων
761 4257 930 4342 οίπίφινιαν
953 4257 1078 4330 Φωκέας
1098 4259 1132 4322 οίι
1150 4258 1362 4336 δεδεγμένους
1382 4265 1456 4336 τὰς

237 4365 370 4436 σπονδὰς
391 4365 480 4431 enne
503 4365 555 4434 καί
579 4366 649 4438 τοὺς
675 4364 757 4448 δεῦρο
780 4364 968 4442 ἐληλυθότας
992 4362 1139 4446 πρέσβεις
1163 4363 1360 4442 δεδΗιιότας.

285 4468 371 4534 'solie
397 4468 522 4536 ioedotu
549 4468 786 4536 barbarismum
811 4480 843 4536 et
867 4469 1041 4544 δεδεκότας
1065 4489 1192 4558 repone.
1232 4470 1316 4551 Quis
1340 4474 1453 4542 Grae
