3208 4972
794 376 865 447 244

237 569 401 648 ἐπιδείξαιο
426 570 552 654 corrige
575 569 718 650 ἐπιδείξει
753 571 769 654 §
797 575 828 637 4.
853 571 896 647 σίς
919 573 991 646 τοὺς
1014 574 1149 648 πολλοὺς
1172 581 1334 657 παρεῖναι,
1362 575 1426 642 imo

239 697 313 745 vero
336 676 475 758 παριέναι
499 684 534 742 ut
560 681 578 761 §
606 681 637 746 2.
663 677 773 752 eiecti
796 677 897 754 πλύίιι
921 679 1054 762 παριύν,
1079 689 1111 747 et
1132 678 1259 763 ποίροδος
1280 680 1359 748 haec
1377 689 1427 748 esi

240 803 301 850 nun
326 783 491 864 παρουσία.

283 889 319 956 Ιι]
352 888 469 975 Scytha
501 891 561 965 24,
594 893 624 954 2.
659 891 690 954 ἕν
714 890 838 976 ούριτερᾷ
864 892 907 965 είς
932 889 1143 970 Ἀκαδήμειαν
1166 893 1334 971 ούπιύνπαν,
1358 892 1428 981 lege

238 993 390 1063 ύνιίντιον.
440 992 650 1061 Athenienses
675 994 825 1061 dicebaut
842 995 976 1076 οὶνιίντι,
1001 998 1055 1065 sed
1078 999 1206 1086 saepius
1226 1000 1274 1066 sic
1293 1009 1429 1086 peccant

240 1101 390 1167 Luciacus
412 1109 444 1166 et
463 1099 622 1188 aequales.
661 1104 677 1186 §
704 1108 736 1167 3.
761 1105 778 1179 ἡ
807 1104 882 1178 πολὺ
909 1103 1003 1169 αὑτὸν
1033 1104 1238 1172 ἐπεσπάσατο
1261 1109 1427 1188 πατριῶτις

238 1203 333 1281 ούσα,
361 1207 541 1274 rectissime
560 1215 726 1288 πατριῶτις
744 1207 845 1285 dixit,
866 1228 939 1274 nam
963 1209 1102 1298 Scythae
1114 1219 1147 1277 et
1167 1209 1295 1278 harhari
1316 1231 1428 1278 onmes

240 1315 324 1380 inter
345 1333 379 1379 se
404 1323 478 1378 sunt
504 1319 693 1396 πατριῶται,
727 1323 762 1380 ut
784 1315 898 1381 Graeci
922 1324 1062 1382 πολῖται.
1094 1315 1168 1381 hinc
1194 1317 1322 1402 corrige
1348 1319 1427 1383 Pno-

238 1439 311 1485 τινα
335 1437 365 1485 ν.
399 1425 585 1501 πατριῶταα
621 1422 647 1485 οἱ
675 1420 772 1486 δοῦλοι
800 1426 859 1486 τῶν
891 1421 1055 1496 Ἐλλιίυινν.
1080 1429 1207 1488 πολῖται
1237 1421 1270 1488 δὲ
1293 1424 1318 1488 οί
1342 1423 1428 1489 δλεύ-

238 1528 322 1606 ύεροι.
362 1528 388 1591 οἱ
420 1523 451 1590 δὲ
486 1527 556 1597 τούς
585 1526 765 1608 βαρβαρους
795 1525 985 1604 πατριύπας.
1016 1527 1160 1613 corrupit
1198 1526 1285 1594 huuc
1322 1528 1426 1594 loeutn

240 1632 414 1709 Punsouus,
441 1631 523 1716 quod
555 1651 628 1697 raro
652 1631 742 1698 iacit:
773 1631 806 1695 in
832 1633 928 1698 unico
952 1631 1069 1698 Codice
1094 1643 1142 1699 est
1166 1633 1190 1698 οί
1213 1632 1311 1699 δοῦλοι
1335 1636 1429 1711 itati-
1550 1669 1557 1680 ·
1588 1603 1589 1676 ί

240 1762 312 1813 ναν,
336 1735 469 1804 emenda
492 1737 648 1813 οίλλιίλαν.
696 1735 785 1816 Quae
808 1736 1019 1804 Grarnrnatici
1051 1737 1090 1804 tie
1121 1737 1311 1804 discrimine
1344 1741 1430 1807 inter

239 1843 369 1918 πολίτας
390 1853 421 1908 et
441 1842 613 1925 πατριῶται
635 1840 838 1910 tradiderunt
860 1862 921 1908 uon
939 1843 1113 1965 συνουσία
1134 1840 1272 1910 diserta:
1291 1846 1379 1912 eires
1392 1845 1429 1911 ii·

241 1947 335 2015 herae
359 1949 502 2014 ciuitatis
533 1958 610 2014 sunt
635 1949 719 2014 iuter
750 1969 784 2014 se
807 1955 935 2015 πολῖται
961 1947 1037 2036 (uon
1062 1947 1287 2037 τυμπολῒται);
1310 1950 1430 2036 quihus

242 2075 304 2122 non
329 2053 464 2139 contigit
490 2053 520 2118 in
543 2053 642 2119 iibere
662 2055 794 2120 ciuitate
816 2055 903 2120 nasci
928 2059 1100 2136 πατριῶται
1123 2055 1269 2131 αλλήλων
1291 2075 1362 2122 esse
1382 2056 1430 2122 di-

240 2169 372 2228 cuntur.
418 2160 530 2246 ltaque
561 2158 812 2226 Atheniensibus
840 2159 1049 2227 Athenienses
1079 2167 1323 2239 suetotonius,
1349 2161 1430 2250 Scy·

239 2267 315 2334 litae
339 2265 469 2356 Scythis
501 2273 692 2348 πατριῶται,
725 2266 802 2353 quia
833 2267 863 2330 ἐν
886 2266 1071 2348 βαρβάροισι
1095 2266 1203 2332 πάντα
1227 2267 1323 2333 δούλα
1347 2271 1431 2346 πλὴν

239 2373 321 2450 ἑνίς.
347 2389 409 2438 non
434 2381 483 2439 est
508 2372 652 2440 barbaris
676 2373 762 2438 iuter
786 2392 820 2438 se
842 2370 906 2438 alia
936 2370 1157 2449 necessitudo,
1180 2391 1277 2459 quarn
1305 2384 1340 2440 ut
1363 2375 1431 2442 sint

240 2481 274 2550 ίιι
302 2488 358 2555 πῶς
376 2481 478 2554 αὐτῆς
503 2481 665 2562 πατρίδος,
691 2476 723 2543 id
746 2487 795 2544 est
818 2479 933 2560 χώρας.
982 2477 1037 2544 Sic
1062 2476 1171 2566 Phryx
1196 2478 1340 2568 Phrygi,
1366 2479 1432 2547 Car

239 2585 333 2663 Gari,
360 2583 467 2672 Lydus
488 2583 574 2674 hyde
586 2594 636 2650 est
649 2585 843 2665 respicens,
865 2585 974 2670 itaque
993 2582 1077 2651 servi
1089 2581 1284 2650 Graecorum
1298 2604 1430 2663 onrnes,

239 2693 267 2756 si
291 2699 367 2758 sunt
393 2690 534 2758 indidem
567 2689 716 2768 oriundi,
740 2696 912 2772 πατριῶται
936 2698 1029 2765 sunt,
1055 2690 1132 2774 (non
1156 2691 1430 2780 σνμτατριῶται),

240 2798 350 2885 itaque
374 2797 507 2864 Toxaris
534 2795 745 2864 hnaclrarsidi
765 2797 937 2876 πατριῶται
956 2803 1027 2860 erat
1048 2815 1111 2860 non
1132 2796 1272 2874 πολίτης.
1310 2795 1431 2864 Simili·

238 2912 289 2971 tcr
313 2905 409 2991 equi,
435 2906 461 2970 si
487 2911 564 2970 sunt
587 2901 730 2970 eiusdem
754 2903 914 2987 regione,
940 2907 1111 2982 πατριῶται
1129 2921 1199 2968 esse
1220 2901 1375 2969 dicuntur
1394 2904 1431 2969 in

242 3009 435 3096 Gyrcpaedt'c
467 3009 507 3076 11.
542 3030 575 3075 tt.
607 3013 660 3074 76.
692 3007 771 3086 μηδὲ
801 3008 904 3085 μέντοι
936 3015 1099 3083 σκοπεῖτε,
1130 3005 1210 3080 ύπας
1234 3009 1270 3073 ὲκ
1290 3015 1349 3075 τῶν
1372 3033 1431 3076 πν-

239 3122 330 3180 λιτῶν
360 3115 608 3194 ἀντιπληρώσετε
639 3112 699 3185 τὰς
727 3111 851 3190 τάξεις,
882 3114 957 3180 ἀλλ’
985 3112 1084 3196 ῶσπερ
1107 3111 1217 3188 ίππους
1244 3108 1271 3180 ού
1301 3114 1340 3181 ἂν
1362 3113 1431 3196 ύρι-

238 3243 284 3289 σοι
308 3216 378 3284 ὦσιν
414 3220 474 3300 οὐχ
506 3209 532 3283 οἳ
562 3218 601 3285 ῶν
633 3226 804 3298 πατριῶται
834 3221 958 3293 τούτους
991 3219 1111 3301 ζητεῖτε
1138 3218 1214 3287 ούτιο
1246 3220 1299 3286 καί
1321 3222 1429 3302 ούνύρύ-

239 3347 315 3396 παυς
344 3323 379 3388 εἰν
402 3322 527 3388 ποίντιον
546 3325 744 3403 λαμβανετε.
793 3324 846 3391 Sic
863 3325 927 3398 ύεδς
948 3324 1123 3406 πατριώτας
1146 3327 1266 3411 optime
1289 3325 1432 3405 dicitur,

239 3429 295 3496 sed
319 3427 495 3495 absurdum
520 3430 677 3516 estquod
705 3432 824 3497 Ροιιυιι
847 3431 901 3498 ΙΙΙ.
931 3437 986 3499 et.
1012 3431 1141 3498 scribit:
1167 3431 1300 3499 Πλούτων
1322 3433 1428 3512 μίντοι

239 3538 269 3602 ἐν
293 3544 355 3612 τοῖς
380 3536 493 3615 Νόμοις
519 3536 571 3603 καί
596 3537 646 3602 ἐπί
672 3539 826 3613 Ἐλλήνων
846 3537 881 3602 τὸ
908 3544 1078 3618 πατριῶται
1099 3535 1224 3617 stenen.
1260 3539 1432 3626 Inspectus

237 3642 327 3710 iecus
351 3652 466 3728 arguet
488 3643 700 3710 Gratnntatici
723 3662 877 3710 errorent.
925 3642 1059 3728 Legitur
1084 3645 1116 3710 in
1137 3643 1219 3710 libro
1234 3645 1273 3711 de
1293 3643 1432 3731 Legibus

239 3749 292 3815 Vl.
318 3770 348 3836 p.
375 3754 450 3815 777.
481 3769 508 3814 c.
532 3748 584 3815 δύο
615 3749 649 3825 en
673 3750 832 3816 λείπεσθον
859 3747 940 3828 μύνιο
973 3749 1108 3830 μηχανῶ
1138 3751 1220 3828 μήτε
1251 3752 1431 3833 πατριώτας

236 3856 382 3931 αλλιίλαν
426 3849 503 3920 εἶναι
546 3853 616 3926 τοὺς
666 3854 840 3933 μέλλοντας
893 3859 963 3938 ῥᾷον
1003 3854 1175 3922 δουλεύσειν
1219 3897 1262 3910 -
1305 3859 1432 3944 τρέφειν

236 3963 266 4026 τ’
287 3959 397 4034 αύτούς
422 3959 524 4039 ὀρθῶς,
561 3979 644 4046 quae
674 3963 796 4047 scripta
829 3969 905 4028 sunt
934 3960 973 4028 de
1008 3963 1106 4028 seruis
1136 3964 1167 4028 in
1201 3961 1304 4030 officio
1327 3969 1430 4034 couti·

237 4065 369 4141 nendis,
408 4064 463 4132 seri
508 4074 584 4131 nota
621 4076 670 4131 est
707 4067 853 4133 Poccucts
886 4068 1093 4153 negligentia.
1142 4068 1179 4134 in
1217 4070 1429 4143 Pennecasrts

237 4171 419 4259 fragmento
443 4169 526 4258 apud
553 4170 658 4238 Schci.
683 4170 723 4238 ad
748 4175 967 4240 Antsrceasnrs
989 4176 1071 4242 Ανοο
1095 4195 1140 4241 vs.
1171 4179 1266 4244 1294.

347 4274 434 4359 οἶμαι
459 4277 485 4342 δ’
509 4277 603 4344 αύτύν
627 4278 803 4346 κινδυνεύειν
827 4281 871 4352 είς
891 4281 947 4355 risu
971 4280 1134 4361 Αἴγυπτον
1163 4280 1276 4371 [ίίντα]

443 4385 458 4414 *
474 4384 489 4416 *
506 4383 520 4408 ⁵
544 4381 594 4450 ίνα
618 4388 662 4462 μὴ
685 4383 801 4468 Brevem
823 4393 901 4452 τοῖσι
925 4387 1104 4468 Λυκούργου
1128 4389 1329 4470 πατριῶταις.

235 4489 294 4556 hoc
320 4489 389 4577 ipsit
414 4486 566 4556 vocabulo
597 4488 758 4556 hucunuus
788 4490 978 4572 κωμῳδεῖται
1006 4495 1047 4568 ύς
1069 4483 1150 4571 ξύνος
1175 4495 1227 4560 sat
1251 4491 1426 4578 βάρβαρος.
