3136 4966
696 346 766 416 645

132 542 235 611 καλῶς
261 537 427 619 κεχρῆσθαι
452 545 483 604 el
509 539 641 608 similia.
685 539 739 607 Sic
763 537 885 606 dicitur
908 537 1098 621 καρσοῦσίαι
1122 539 1177 615 τίρν
1202 540 1323 616 ἡλικίαν

130 667 227 719 τινος,
252 642 364 729 ρίοσονι
387 642 497 710 aetatis
519 643 701 731 decerpere,
724 653 764 712 et*
776 641 947 712 ἀπολαύειν
972 651 1027 722 τῖε
1048 641 1170 722 ἡλικίας
1191 643 1269 720 σινίς
1289 651 1323 711 et

130 747 249 816 similia
272 745 386 834 plura,
411 755 446 816 ut
470 747 555 837 apud
576 749 701 819 Livium
721 755 786 828 21,
813 755 845 818 5.
866 750 979 836 florem
998 749 1119 824 calatia,
1147 745 1239 836 quein
1257 749 1324 837 ipre

127 854 212 942 patri
243 851 433 944 Hannibalis
456 855 627 941 fruendum
655 855 817 942 praebuit,
843 876 914 922 eam
936 855 1017 922 insto
1040 855 1110 920 inre
1132 877 1152 922 c
1174 855 1248 944 silio
1270 877 1321 922 re·

127 960 192 1046 pati
223 967 345 1038 οεκιει,
376 966 410 1026 et
440 958 526 1046 quod
558 960 598 1030 de
631 961 768 1029 Caesare
798 959 912 1028 cicero
936 980 998 1028 non
1022 957 1155 1028 eruhuit
1178 960 1321 1029 scribere

129 1062 216 1152 opud
242 1062 372 1132 Sueton.
397 1063 486 1132 Caes.
512 1070 567 1134 49.
590 1067 701 1152 liorem
725 1067 836 1135 celetis
859 1089 878 1136 e
900 1065 1016 1132 Venere
1036 1065 1097 1134 orti
1116 1066 1150 1132 ιἰι
1169 1065 1322 1154 Bithynia

130 1170 384 1260 contcminatnnr.
419 1168 506 1239 ldem
531 1171 594 1238 alin
619 1174 748 1240 nomine
771 1171 831 1255 ἀρα
855 1169 1034 1258 appellator
1058 1178 1089 1237 et
1114 1174 1223 1246 τὸτῆς
1245 1170 1321 1254 ι’ίρας

130 1275 237 1356 ἀνίας,
261 1285 294 1344 el
314 1273 376 1356 ἥβη
397 1284 429 1344 et
447 1284 502 1353 τοῖς
523 1276 601 1356 ἥβης
621 1277 810 1357 ἀπολαύειν,
841 1285 873 1345 ei
894 1277 972 1357 ίίβλι
995 1277 1099 1359 ἐρατὸν
1117 1275 1216 1352 ἀνίος.
1241 1277 1321 1359 Quis

129 1388 240 1449 autem
272 1380 389 1448 talibus
422 1379 583 1452 addiderit
615 1383 958 1471 interpretamentum,
992 1390 1027 1449 ut
1061 1382 1087 1448 si
1112 1383 1186 1470 qnais
1209 1384 1321 1450 celetis

129 1489 210 1572 piore
237 1487 354 1554 cinare
381 1507 451 1554 esse
475 1486 604 1555 dicatur
632 1489 683 1578 (τῇ
708 1491 813 1574 ἥλικίρι
836 1495 937 1562 κακῶς
962 1487 1162 1576 κεχρημένος)
1188 1486 1329 1556 adiiciat

129 1594 183 1661 καί
207 1595 250 1677 τῷ
274 1594 384 1662 ἑαυτοῦ
409 1593 555 1673 σοίματιί

175 1699 211 1769 ln
244 1707 335 1780 textu
365 1699 534 1768 Aeschinis
566 1699 828 1789 interpolationes
859 1709 924 1766 lam
949 1697 1161 1786 aequabiliter
1184 1695 1319 1764 diffusae

128 1813 207 1875 sunl
225 1813 268 1878 ,ut
292 1804 405 1872 ultima
428 1813 580 1892 appareat
605 1807 637 1872 in
662 1806 816 1872 oralionis
840 1807 928 1872 exitu
954 1807 972 1890 ς
996 1809 1071 1877 195.
1099 1803 1191 1870 llunc
1211 1802 1318 1870 locuni

128 1909 271 1996 primum
298 1918 530 1998 perpurgalum
556 1919 589 1978 et
612 1910 788 2000 expolitum
814 1929 1007 1999 proponam,
1041 1907 1156 1976 deinde
1181 1910 1321 1995 interpo-

128 2014 266 2084 lationes
290 2023 322 2084 et
345 2013 487 2090 scholion
512 2015 689 2084 ostendam.
715 2017 846 2084 Dixerat
864 2013 997 2086 orata:
1021 2011 1060 2082 in
1083 2017 1151 2099 apia
1172 2023 1228 2092 τῆς
1250 2038 1316 2080 συν·

129 2121 257 2202 ηγορίας
286 2123 417 2212 ἀκοῦσαι
452 2121 521 2194 τοὺς
545 2121 632 2200 βίους
655 2123 949 2202 ἀναμιμνήσκεσίε,
974 2121 1026 2188 καί
1050 2122 1119 2198 τοὺς
1140 2122 1196 2200 μὲν
1215 2121 1257 2195 είς
1277 2121 1319 2187 τά

129 2227 267 2304 σώματα
299 2224 517 2307 ἡμαρτηκότας
540 2227 585 2306 μη
611 2229 681 2307 ὑμῖν
706 2229 844 2310 ἐνοχλεῖν
868 2227 956 2294 ἀλλά
979 2227 1159 2295 παύσασθαι
1184 2225 1319 2306 δημηνο·

129 2336 258 2414 ροῦντας
290 2331 455 2411 κελεύετε,
487 2333 558 2406 τοὺς
587 2333 619 2400 δὲ
650 2334 693 2400 rit
717 2333 846 2417 τατρῷα
869 2331 1113 2411 κατεδηδοκότας
1136 2330 1318 2414 ἒρνάζεσίαι

130 2437 183 2504 καί
209 2435 347 2520 ἑτίρωίεν
368 2438 501 2505 κτάσίαι
527 2437 613 2516 βίον,
638 2440 707 2513 τοὺς
731 2440 762 2506 δὲ
788 2445 846 2505 τῶν
870 2437 938 2506 rior
961 2434 1021 2507 ίσοι
1048 2438 1155 2522 ῥᾳδίως
1179 2438 1318 2504 ἀλίσκον·

130 2545 172 2611 ίοι
202 2544 346 2625 θηρευτὰς
381 2544 471 2617 ὄντας
496 2545 538 2620 είς
562 2545 632 2618 τοὺς
653 2542 755 2620 ξένους
778 2544 831 2612 καί
856 2546 925 2619 τοὺς
949 2543 1110 2625 μετοίκους
1137 2541 1321 2623 τρίτεσίαι,

129 2645 181 2714 ίνα
199 2649 276 2727 μήτ’
296 2649 399 2716 ἐκεῖνοι
417 2656 473 2725 τῆς
493 2650 692 2732 προαιρέσεως
709 2650 917 2731 ἀτοςίρωνται
938 2651 1009 2730 μήί·
1022 2651 1108 2730 ὑμεῖς
1122 2648 1319 2728 βλιίνττησίε.

178 2752 262 2820 llaec
291 2753 411 2822 acriter
437 2764 471 2822 et
496 2757 639 2822 animose
662 2754 749 2822 dlcla
774 2757 805 2822 in
831 2754 1004 2822 (lodicibus
1027 2757 1073 2822 sic
1098 2754 1263 2822 debililata
1288 2761 1320 2820 et

130 2866 283 2927 enervata
307 2861 385 2926 sunt
410 2869 445 2928 ut
469 2860 518 2928 bis
542 2862 673 2928 solitum
698 2859 837 2928 fulcrum
858 2861 1003 2929 κελεύετε
1024 2863 1223 2928 insereretur
1242 2850 1331 2925 ιοτῖι-Ι

131 2967 202 3032 σίαι
238 2963 315 3053 [τὸν]
345 2965 412 3045 βίον
445 2967 619 3054 [κελεύετε]
646 2977 679 3035 et
701 2969 744 3043 είς
768 2968 838 3042 τοὺς
862 2967 961 3045 ξένους
987 2967 1135 3039 καὶτοὺς
1160 2965 1319 3046 μετοίκους

129 3071 296 3152 τρίσεσίαι
320 3072 508 3159 [socerisui
547 3075 712 3140 Praeterea
738 3073 826 3139 rides
847 3072 1020 3140 articulum
1043 3073 1075 3138 in
1090 3074 1222 3138 aricien
1237 3069 1317 3158 [ria]

131 3177 201 3257 βίον
224 3175 306 3243 male
329 3174 508 3245 abundare:
532 3179 649 3245 ciclum
668 3201 816 3266 pacemne
837 3179 1018 3246 necessario
1038 3178 1158 3245 dicitur
1180 3178 1249 3244 sine
1269 3194 1319 3242 ar·

134 3281 234 3350 ticulo
258 3284 389 3350 κτάσίαι
413 3283 501 3364 βίον,
527 3285 613 3352 κατά
636 3285 706 3365 βίον
730 3285 865 3368 ζήτησον.

258 3389 413 3471 χρήματα
435 3389 591 3472 δίζησίαι,
615 3392 725 3474 epeia
748 3391 787 3470 δ’,
813 3387 887 3458 ίτοον
911 3388 928 3474 ἦ
952 3391 1039 3470 βίος,
1065 3391 1181 3456 ἀσκεῖν.

131 3496 233 3560 viriato
260 3505 330 3581 post
360 3517 514 3563 nrrmmor.
560 3496 647 3563 Plato
678 3497 717 3563 de
744 3495 819 3582 Ilep.
850 3495 904 3562 ΙΙΙ.
935 3516 963 3582 p.
991 3500 1068 3562 407.
1093 3516 1121 3560 e.
1147 3493 1318 3560 Φωκυλίδου

132 3601 199 3680 γάρ
221 3601 274 3665 οὐκ
298 3601 416 3676 ἀκούεις
440 3609 503 3677 τῶς
527 3603 604 3684 Φησὶ
629 3603 706 3679 δεῖν,
733 3599 808 3668 ίταν
831 3627 874 3684 τιρ
897 3603 950 3678 ἤδη
976 3601 1043 3681 βίος
1072 3599 1108 3684 ᾖ,
1143 3599 1252 3682 ripariae
1281 3601 1318 3664 oi·

134 3712 230 3772 σκεῖν.
256 3705 292 3772 ln
317 3707 372 3773 tali
400 3726 433 3773 re
458 3707 633 3794 plurimum
658 3708 794 3774 iniereat
819 3716 928 3773 illenim
952 3706 991 3773 de
1016 3708 1103 3772 uictu
1125 3725 1221 3792 quem
1246 3703 1320 3790 quis

134 3811 248 3877 lrabeat
281 3831 387 3878 sermo
417 3814 477 3888 sit,
515 3832 556 3877 an
590 3812 629 3879 de
660 3832 717 3891 eo,
753 3832 817 3898 quo
840 3814 913 3899 quis
936 3811 1095 3899 νἰιιίίροσο,
1126 3830 1221 3897 quem
1246 3817 1320 3896 quis

134 3937 284 4004 perperene
308 3914 447 3984 dicatur.
485 3920 626 3985 Κτάσίαι
649 3919 718 3999 βίον
742 3917 796 3985 sed
821 3915 1012 3996 κτησάμενος
1035 3916 1087 3982 τὸν
1110 3915 1178 3998 βίον
1196 3916 1255 3980 ἀντ’
1276 3915 1321 3996 ἔρ-

134 4048 200 4104 γων
223 4023 435 4090 ἀνοσιωτάτων
459 4021 575 4090 Herod.
600 4022 686 4089 tlll.
713 4028 786 4089 106.
811 4021 972 4106 Πορίζεται
991 4023 1041 4087 τὸν
1060 4021 1127 4102 βίον
1149 4020 1322 4088 Aeschines

135 4127 218 4196 dixit
243 4128 275 4194 in
298 4129 511 4216 disciplinatae
535 4132 552 4214 ς
580 4134 642 4196 175
666 4126 705 4194 dc
724 4129 838 4217 opibus
858 4128 998 4216 parulis,
1022 4126 1075 4194 sed
1096 4128 1167 4208 βίον
1183 4127 1321 4207 δείμενοι

138 4255 268 4302 neeesse
298 4244 348 4302 est
378 4235 496 4302 dicere.
540 4235 651 4322 llaque
684 4254 907 4322 expungemus
935 4233 1122 4300 arliculuno.
1161 4232 1242 4314 Quid
1268 4251 1322 4297 su-

137 4339 448 4444 perasti-Superest
470 4339 613 4406 scholion
637 4341 712 4407 olim
738 4341 771 4406 in
801 4340 945 4426 margine
970 4338 1168 4427 adscriptum
1195 4336 1234 4402 ad
1255 4356 1322 4400 ver·

138 4446 176 4513 na
210 4446 255 4524 μίν
291 4447 362 4525 ὑμῖν
394 4448 534 4526 ἐνοχλεῖν
563 4446 651 4512 ἀλλά
682 4447 864 4513 ταύσασίαι
894 4448 1139 4528 δημηγοροῦντας
1165 4441 1326 4522 κελεύετε,
