3204 4978
716 359 782 431 281

87 571 89 578 “
158 553 284 634 studia,
310 554 342 619 in
366 550 486 639 quibus
510 573 597 621 nunc
622 573 658 621 ea
684 552 821 623 facultas
843 555 1009 643 consopita
1029 563 1097 635 est,
1123 564 1180 623 aut
1200 557 1255 644 qui
1277 555 1349 624 sine

157 662 236 729 duce
267 661 299 727 in
333 659 474 727 tenebris
505 670 653 729 errantes
677 662 800 729 incerta
832 672 866 730 et
896 681 989 730 caeca
1020 664 1154 752 pariunt
1183 673 1216 729 et
1247 663 1349 730 mutto

156 766 262 835 labore
285 775 317 834 et
346 767 513 834 aerumnis
537 766 659 834 frustra
693 768 866 834 exantlatis
897 767 929 834 id
962 769 1059 834 nimis
1091 785 1184 854 saepe
1208 767 1350 835 aderunt

156 871 228 956 ίπερ
251 872 376 956 ἄρρητον
399 871 534 952 ἄμεινον.
575 873 631 940 Ubi
657 875 731 960 quis
752 885 808 940 nm
828 894 866 942 en
888 873 1034 941 codicum
1061 873 1189 942 assidua
1215 873 1350 941 tectione

156 990 212 1048 aut
236 999 274 1046 ex
301 980 402 1046 Busru
423 979 700 1046 obseruationibus
720 980 871 1047 didicerit
889 990 921 1046 et
943 978 1045 1046 narniis
1066 980 1135 1058 suis
1156 980 1351 1067 contempla·

157 1094 210 1154 tua
241 1087 302 1163 sit,
332 1105 428 1172 quam
454 1087 521 1152 sint
549 1085 672 1152 similes
696 1107 733 1152 aa
759 1105 854 1173 prope
880 1085 978 1152 iidem
1006 1087 1187 1153 litterarum
1213 1085 1351 1165 ductus,

156 1191 275 1279 quibus
297 1191 384 1272 μετοί
407 1200 439 1258 et
462 1193 548 1259 κοποί
572 1191 700 1260 saecula
719 1192 780 1271 Xi,
806 1193 882 1274 ΧΙΙ,
911 1193 985 1261 xtu
1009 1203 1041 1260 et
1065 1195 1170 1260 serius
1202 1194 1301 1259 etiam
1333 1213 1351 1258 a

157 1298 289 1366 Graecis
299 1289 775 1387 tachygraphisscriberentur,
786 1299 882 1386 idque
892 1301 923 1366 in
938 1301 1102 1369 variarum
1112 1299 1350 1386 scripturarum

156 1407 282 1474 acervis
306 1405 426 1492 passim
459 1403 544 1494 apud
572 1406 762 1494 scriptorem
790 1406 962 1493 quendiinet
997 1405 1113 1472 viderit
1146 1405 1351 1482 confirmari,

156 1509 317 1600 quomodo
345 1530 463 1597 quaeso
494 1510 644 1579 dubitare
672 1521 704 1579 et
736 1511 868 1579 haerere
892 1513 1026 1600 poterit,
1057 1513 1084 1578 si
1114 1511 1243 1599 quando
1264 1499 1353 1578 νυτοί

154 1615 346 1706 apparebit,
373 1617 427 1683 ubi
460 1637 522 1683 non
554 1628 603 1685 est
633 1619 850 1684 controuersia
881 1619 959 1706 quin
983 1618 1067 1698 μεοό
1089 1618 1277 1705 requiratur
1304 1616 1352 1683 vei

156 1722 294 1792 contra?
338 1723 372 1789 ia
409 1722 542 1791 Lucrino
573 1729 633 1801 38,
667 1730 720 1790 aa.
753 1723 913 1791 fluctuant
947 1724 1021 1790 iibri
1059 1728 1144 1791 inter
1178 1723 1354 1806 κοίνρέρυν

157 1838 190 1898 et
223 1829 399 1912 μεόνμίρυν
425 1827 512 1916 (nam
538 1829 585 1896 sic
617 1831 741 1896 scribae
773 1831 1025 1918 praepositiones
1056 1831 1159 1897 soient
1188 1850 1263 1896 oum
1295 1850 1354 1896 suo

157 1937 290 2003 nomine
320 1937 353 2002 in
386 1933 557 2002 scribendo
586 1936 799 2022 coniungere,
832 1936 895 2005 uid.
929 1937 1060 2003 anrruu
1093 1957 1122 2023 p.
1144 1935 1245 2026 795),
1271 1955 1354 2022 quaa

158 2063 221 2110 uon
249 2048 383 2130 possunt
414 2061 567 2128 umquam
600 2040 753 2108 contundi
779 2042 819 2108 ab
842 2065 894 2122 co,
920 2043 974 2131 qui
999 2041 1084 2130 qnod
1113 2043 1235 2110 scribat
1259 2041 1353 2109 intei-

157 2147 251 2236 tigit,
283 2169 356 2214 narn
390 2146 450 2214 hoc
482 2147 620 2214 interdiu
650 2147 827 2235 significat,
857 2148 936 2215 idad
967 2149 1122 2236 prratida'a;
1156 2149 1264 2237 itaqua
1299 2147 1352 2215 utini

159 2255 204 2322 ita
231 2253 368 2321 dicitur:
400 2254 522 2320 iunonis
540 2264 704 2341 postquam
729 2264 852 2323 strenae
873 2277 930 2341 per
952 2265 1050 2320 totam
1074 2255 1157 2321 diem
1177 2255 1355 2342 palaestrae

159 2370 188 2428 at
220 2360 336 2428 litteris
365 2381 490 2446 operam
522 2359 624 2438 dedit,
664 2361 720 2426 sub
750 2381 910 2448 uesperam
942 2360 1044 2427 cibam
1075 2361 1157 2449 capit
1193 2370 1222 2426 et
1257 2361 1354 2437 ἡδίους

159 2463 271 2540 ὕπνους
299 2466 438 2534 καθεύδει
467 2474 529 2540 τοῖς
557 2467 626 2545 aad
656 2467 771 2549 ἡμέραν
799 2466 954 2546 καμάτοις
986 2467 1142 2548 ε’πνρεμῶν
1172 2467 1353 2551 ὀπίΦόονον,

158 2571 239 2660 quid
270 2591 307 2638 eo
338 2570 439 2638 iacias
463 2573 519 2660 qui
544 2572 719 2655 κυίνμίρυυ
744 2572 922 2638 oscitanter
946 2571 1171 2658 supposuerit?
1221 2572 1355 2658 Magnus

159 2681 224 2746 erit
258 2677 386 2764 upana,
418 2679 473 2764 qui
504 2678 537 2743 in
571 2677 685 2745 iisdem
713 2677 819 2744 verbis
850 2698 964 2764 capere
995 2679 1095 2765 possit
1119 2676 1195 2764 quid
1221 2678 1264 2742 sit
1288 2677 1355 2744 ὀπί-

159 2787 287 2869 atavo:
326 2802 466 2870 namque
498 2804 559 2850 non
597 2805 666 2851 esse
702 2783 868 2850 incidendo
907 2783 1079 2871 uoluptate,
1112 2792 1148 2848 ut
1182 2782 1355 2869 interpreti

160 2892 270 2958 risum
295 2899 365 2972 est,
392 2911 452 2956 non
479 2901 556 2978 puto
580 2893 664 2957 serio
688 2889 988 2957 demonstrandum.
1015 2889 1065 2956 ἐπί
1097 2887 1204 2972 χρόνον
1227 2889 1355 2974 uulgata

158 2996 260 3065 tectio
281 3003 368 3074 erat,
392 3016 474 3084 quae
505 3017 542 3063 ex
574 2997 664 3062 nauis
688 2994 780 3063 codd.
809 2997 857 3062 sic
889 2995 999 3062 redata
1023 3006 1072 3062 cst
1096 3005 1128 3062 et
1152 3003 1355 3084 quantocyus

161 3101 361 3180 revocanda,
382 3112 418 3169 nt
437 3103 587 3189 egregius
605 3103 789 3169 adolescens
815 3103 936 3168 breuem
961 3121 1110 3168 saturnum
1135 3119 1250 3188 capere
1271 3099 1356 3166 dica·

160 3218 229 3277 tur.
282 3207 402 3275 Eadem
429 3207 474 3294 ,do
504 3228 601 3276 eausa
635 3217 700 3276 iam
736 3229 830 3295 saepe
863 3211 934 3276 νοντ’
966 3209 1071 3289 ὀλίγον
1101 3217 1134 3276 et
1156 3213 1228 3288 μετ’
1253 3207 1357 3286 ὀλίγον

162 3315 421 3403 permiscentur,
457 3335 652 3403 quamquam
690 3314 782 3382 iacile
817 3313 960 3384 discerni
994 3317 1094 3401 possit
1130 3323 1242 3380 utrum
1278 3335 1356 3400 pou·

164 3420 255 3488 dotim
289 3441 328 3487 en
361 3444 436 3488 maa
464 3425 623 3490 sententia
662 3423 821 3511 postulat,
854 3433 888 3488 ut
921 3421 951 3486 in
990 3421 1116 3487 Timone
1148 3425 1188 3498 5,
1214 3422 1247 3486 i.
1285 3421 1357 3484 νοντ’

164 3527 271 3606 ὀλίγον
299 3527 406 3610 Κρόνον
434 3553 469 3596 σε
501 3530 709 3616 ἀποφαίνουσι
738 3527 953 3612 παρωσάμενοι
984 3535 1040 3603 τῆς
1066 3535 1175 3604 arnae.
1201 3525 1254 3590 uui
1281 3527 1356 3590 οίπο-

166 3637 315 3714 pauniaca
351 3655 368 3700 a
405 3633 538 3702 Srnuvro
577 3635 801 3723 accipiendum
833 3642 867 3702 et
900 3634 971 3712 μετ’
1008 3631 1112 3710 ὀλίγον
1149 3628 1355 3696 scribendum

166 3757 238 3806 assa
262 3749 404 3826 apparet.
431 3746 495 3819 53,
516 3745 547 3808 7.
572 3742 647 3808 είοεν
666 3743 730 3824 γὰρ
747 3743 819 3808 κοτ’
838 3740 961 3818 ὀλίγον,
990 3738 1150 3802 imovero
1171 3755 1245 3802 moa
1262 3735 1357 3812 scies,

166 3845 242 3922 μετ’
271 3846 389 3927 ὀλίγον,
421 3846 505 3935 quod
539 3846 618 3914 uidit
646 3848 823 3914 Fntnzsoua.
855 3849 913 3923 66,
941 3847 995 3910 40.
1027 3842 1134 3910 πρίνου
1158 3845 1229 3910 νοντ’
1253 3843 1358 3922 ὀλίγον

165 3949 309 4032 ἀπορρεῖ,
346 3955 411 4020 inao
442 3973 517 4020 vero
549 3953 634 4020 dread
667 3965 734 4041 post
771 3963 928 4029 mortem,
967 3951 1039 4030 μετ’
1074 3949 1188 4028 ὀλίγον.
1236 3947 1356 4015 Eodem

166 4054 263 4122 modo
287 4062 348 4134 25,
380 4061 442 4138 ot,
474 4057 549 4126 ὀτον
579 4084 626 4135 τις
660 4058 845 4143 ἀκροώμενος
880 4056 979 4134 ainana
1017 4055 1087 4137 ὀροῖν
1121 4055 1165 4122 τίς
1198 4051 1358 4134 λεγόρυενον

167 4161 334 4243 naturaei
364 4168 454 4232 τοῦτο
488 4166 616 4250 ἐπαινῇ,
648 4165 731 4253 qnod
766 4166 926 4231 narraras
964 4162 1125 4248 praecepit
1154 4161 1240 4227 κατὰ
1269 4161 1359 4225 τοῦτο

165 4277 199 4334 et
236 4288 311 4335 uera
342 4279 391 4338 est
421 4274 580 4342 correctio
610 4280 642 4339 et
676 4270 826 4348 evidens,
863 4288 964 4355 neque
996 4266 1169 4353 quisquam
1200 4261 1360 4330 ‹iniitnbit

168 4376 223 4441 10.
251 4376 291 4454 2,
322 4384 350 4444 t.
376 4396 435 4465 pro
458 4376 634 4454 κοτόςνοου
656 4397 674 4444 a
700 4376 876 4444 Senseruno
897 4373 1075 4455 pervicaces
1099 4373 1256 4460 accipere.

216 4477 362 4569 lienique
392 4483 424 4548 ίυ
454 4491 487 4551 et
521 4484 574 4549 tari
596 4483 849 4552 describentium
875 4478 1020 4549 socordia
1042 4479 1175 4548 miscuit
1196 4482 1235 4559 9,
1259 4479 1300 4558 6,
1326 4480 1359 4545 2.
