3204 4978
683 359 754 432 833

120 575 234 634 ταμεν,
259 552 344 642 quod
368 561 483 648 σεμνῶς
508 552 648 638 dicitur,
674 556 849 632 formatum
875 564 909 624 ul
929 557 1073 637 κλαάσω,
1093 557 1322 641 καάιζῆσσααι,

121 661 234 738 δικάσω
261 662 334 748 (pro
352 659 460 752 δόξαν),
485 661 656 741 βαλλάσα,
681 662 800 729 similia
822 663 859 751 ¹).

167 765 259 834 iluno
284 769 386 848 igitur
409 775 611 834 constantem
636 776 669 836 et
694 776 883 856 perpetuum
909 770 1123 858 Antiquitatis
1145 791 1240 839 usum
1267 793 1314 840 se-

121 875 244 954 riores,
265 875 341 961 quia
364 894 539 962 numquam
561 874 877 953 auinradverterant,
900 878 1042 944 retinere
1064 886 1097 944 ct
1116 878 1239 945 imitari
1253 881 1342 946 nou*

122 988 314 1068 potnerunt,
339 988 371 1047 et
394 979 575 1067 analogiam
597 1003 654 1068 pro
680 1002 739 1048 osu
765 983 867 1049 secuti
893 982 1011 1050 trinitas
1036 985 1096 1070 ipsi
1121 983 1243 1052 formas
1258 983 1317 1051 fin·

121 1094 240 1153 xerunt
263 1085 303 1153 de
325 1107 383 1153 suo
407 1086 578 1154 Veteribus
602 1086 752 1155 omuibus
776 1108 911 1176 prorsus
933 1091 1059 1175 ignotas
1083 1099 1115 1157 ct
1142 1089 1315 1159 inauditas.

122 1191 260 1260 Ridctur
277 1193 469 1272 Graeculus,
489 1195 545 1281 qui
564 1214 601 1262 ex
624 1194 718 1261 lnvlu
741 1213 799 1260 suo
823 1195 924 1262 Marte
945 1194 1095 1262 lormavit
1119 1197 1257 1278 άτάάνν,
1284 1205 1317 1264 et

122 1307 173 1365 est
195 1318 273 1366 saue
305 1299 363 1367 boc
395 1301 621 1387 porinoptom,
647 1299 709 1367 sed
733 1319 796 1366 uon
823 1300 925 1367 multo
951 1301 1082 1369 meliora
1108 1312 1200 1380 sunt,
1233 1323 1315 1390 quae

122 1404 273 1472 bantinus
295 1425 371 1472 cum
395 1405 583 1494 aequalibus
608 1415 764 1494 usurpat,
789 1413 846 1473 aut
869 1406 977 1474 ionica
1009 1408 1126 1474 Atticis
1150 1408 1234 1475 male
1257 1408 1314 1475 ad·

123 1511 224 1576 mixta
245 1531 382 1597 ponens,
401 1521 458 1578 aut
478 1532 557 1578 nova
575 1532 613 1579 ex
635 1512 797 1579 veteribus
819 1523 932 1580 contra
957 1533 1049 1579 usum
1064 1511 1213 1581 formata.
1249 1524 1316 1581 Πα·

121 1613 228 1682 τάσσω
253 1627 346 1684 uetus
369 1617 502 1685 uerbum
526 1618 672 1686 lonicum
702 1627 770 1698 cst,
801 1618 886 1706 quod
919 1617 997 1685 nibil
1032 1618 1119 1685 alind
1153 1619 1316 1706 siguificat

123 1742 221 1809 quam
247 1724 388 1810 pulpito,
418 1723 523 1804 κραδίη
555 1725 679 1806 τέρνασι
712 1723 887 1798 πατάσσει.
919 1725 1012 1804 θυμὸς
1039 1725 1080 1790 bt
1105 1727 1230 1802 τάάεσσι
1253 1726 1315 1793 τά·

122 1852 239 1895 τασσεν
260 1837 292 1895 et
312 1827 375 1896 alia
397 1830 482 1917 apud
512 1831 674 1897 Hournun.
723 1830 928 1916 Ineptissime
957 1832 1060 1916 igitur
1085 1833 1219 1918 scripsit
1244 1834 1315 1900 Aor-

123 1953 245 2013 srmrs,
278 1936 372 2001 ouius
402 1934 507 2002 locum
534 1937 678 2004 [iruuonr.
709 1935 748 2003 ad
781 1936 931 2004 Sraratm
961 1936 1154 2004 Tbesourum
1181 1939 1312 2006 attolite

124 2041 208 2108 ταάσι
231 2041 284 2107 καὶ
308 2039 406 2124 άγχα
438 2043 492 2108 καὶ
523 2041 681 2110 σατάττα
704 2043 775 2117 τσὺς
799 2043 932 2122 αὐτούς,
958 2062 1056 2130 quam
1082 2043 1220 2111 lerinam
1247 2045 1315 2132 ipse

124 2167 163 2214 ex
186 2145 337 2226 ἐπάταξα
360 2149 490 2226 elicuit,
514 2148 611 2236 idque
633 2169 669 2214 eo
694 2147 873 2227 infelicius,
896 2148 981 2234 quod
1006 2148 1113 2217 Attica
1138 2148 1240 2216 forma
1264 2152 1313 2216 in·

124 2252 195 2320 duit
219 2252 431 2335 uocabulum,
465 2255 549 2341 quod
583 2274 758 2342 numquam
791 2256 823 2320 in
849 2274 1030 2321 sermonem
1058 2255 1203 2322 Atticum
1229 2275 1314 2322 rece·

125 2368 216 2448 ptum
248 2367 308 2427 est.
355 2359 538 2427 Ridiculum
569 2368 618 2427 cst
649 2361 757 2428 dicere
788 2359 932 2441 άναστα,
955 2353 1121 2440 Λίβυσσα,
1148 2363 1313 2443 Φσίνιττα,

124 2467 319 2546 βασίλισσα,
349 2467 524 2550 χαρίεσσα,
547 2471 743 2552 πτεροῦσσα,
781 2477 838 2533 aut
869 2465 1015 2546 άνάττα,
1048 2467 1195 2546 urrisun,
1233 2467 1314 2546 alia,

124 2570 242 2658 quibus
266 2573 402 2659 popolus
427 2594 489 2640 oon
515 2572 685 2654 utebatur,
711 2582 743 2639 at
768 2579 900 2659 Θρᾷττα
922 2575 1042 2660 optimc
1076 2573 1170 2640 babet
1200 2583 1231 2640 et
1256 2599 1315 2654 με·

123 2684 293 2757 truciora,
324 2680 400 2766 quia
432 2681 489 2746 toti
523 2677 637 2766 populo
668 2689 762 2746 erant
793 2680 825 2744 in
858 2700 922 2746 ore.
969 2679 1090 2746 Eadem
1116 2678 1219 2747 lorma
1252 2681 1314 2747 bu·

121 2793 213 2852 dinuo
238 2786 284 2851 uti
307 2784 426 2872 placnit
447 2792 508 2862 bl,
535 2790 584 2852 19.
610 2787 662 2852 eci
686 2789 701 2851 ά
722 2785 816 2867 μηρὸς
840 2785 1069 2862 πατασσέσθω,
1095 2807 1195 2873 quum
1221 2786 1315 2853 lones

124 2891 270 2958 dicerent
288 2891 477 2970 τάττεσθαι,
501 2891 668 2959 κάστεσάαι
680 2940 689 2970 ,
714 2891 922 2970 τλάσσεσάαι,
946 2889 1124 2969 σλιὶξασάαι
1145 2893 1188 2959 τὼ
1211 2892 1316 2974 cnud,

126 2998 339 3065 Athenienses
367 2999 528 3076 σαάεσάαι,
560 2998 744 3064 ταΙσασάαι.
772 2996 942 3084 Cyropocd.
969 2998 1035 3064 Vll.
1057 3019 1104 3065 ru.
1131 2999 1197 3066 bd
1222 3003 1315 3080 Κῦρος

124 3104 279 3171 lancinare
302 3103 365 3187 άρα
387 3106 439 3171 τὸν
460 3103 567 3186 cupio:
591 3103 738 3190 analogia
766 3103 920 3190 deceptus
944 3107 1071 3191 pulavit
1095 3105 1315 3173 τατάσσεσάαι

124 3209 186 3276 sibi
207 3208 316 3277 dicere
336 3209 444 3278 licere.
491 3210 649 3278 Similiter
672 3215 731 3280 33.
761 3213 813 3276 10.
838 3229 900 3276 non
925 3207 1085 3277 dubitarit
1109 3209 1217 3278 dicere
1240 3211 1315 3278 ucl-

124 3339 236 3392 σαντες
268 3316 321 3382 καὶ
353 3317 531 3391 παισθέντες
562 3318 593 3383 ἐν
624 3317 667 3400 τῷ
691 3314 796 3398 μέρει,
829 3335 929 3403 quum
954 3314 1086 3384 deberet
1110 3316 1314 3394 πατάξαντες

6 3507 7 3510 ¹
125 3425 177 3490 cni
202 3423 388 3503 πληγέντες.
436 3424 490 3498 llis
521 3424 663 3510 peccarit
695 3424 727 3488 in
760 3425 822 3499 49,
855 3427 888 3488 3.
921 3429 953 3489 et
977 3425 995 3508 ς
1021 3427 1074 3488 40.
1098 3423 1316 3505 παταχθέντος

125 3531 168 3603 εἰς
190 3530 246 3604 σὺν
269 3529 399 3608 ννάάσν,
432 3529 499 3596 sire
522 3529 702 3612 σαταχάεὶς
726 3531 781 3606 τὴν
809 3525 937 3608 γνάθον,
961 3536 994 3594 et
1018 3529 1036 3613 §
1060 3531 1114 3594 40.
1139 3529 1225 3594 carri
1249 3528 1316 3611 κάρ-

6 3617 7 3626 Ὶ
124 3659 175 3716 ρης
200 3635 425 3717 παταχθῆναι,
457 3655 552 3701 uento
582 3654 736 3722 umquam
769 3635 815 3700 sic
847 3635 975 3700 locutus
1005 3643 1055 3700 est
1079 3654 1136 3720 pro
1159 3635 1314 3714 πληγείς,

6 3819 8 3830 Ι
123 3749 304 3821 πληγῆναι,
329 3741 675 3821 valcamonicam,
705 3741 837 3820 nadair:
865 3739 945 3806 dicit
967 3739 1154 3821 ἐτατάχάην
1179 3749 1214 3807 ut
1240 3740 1316 3808 alibi

7 3869 8 3882 ¹
124 3846 311 3928 κατέαγμαι
336 3855 368 3914 et
389 3847 572 3930 κατεάχάκν
599 3850 672 3933 (pro
701 3846 851 3926 κατέαγα
876 3854 909 3912 el
934 3845 1109 3935 κατεάγην)
1136 3846 1314 3934 analogiam

124 3961 258 4021 secutus
277 3962 386 4040 spreta
406 3962 463 4020 aut
483 3955 629 4040 ignorata
651 3951 896 4019 consuetudine.
929 3951 1036 4018 Etiam
1058 3953 1091 4018 iu
1111 3953 1198 4020 κατά
1213 3953 1316 4036 κόρρης

123 4068 231 4138 errat,
254 4057 340 4146 quod
364 4078 459 4146 saepe
484 4067 516 4126 et
546 4057 695 4126 lubenter
721 4058 811 4145 ponit
830 4077 888 4145 pro
911 4057 962 4124 ἐστὶ
986 4054 1104 4141 κόρρης,
1129 4067 1165 4126 ιιι
1189 4079 1317 4146 semper

126 4231 320 4249 *ι-

158 4333 185 4400 1)
203 4331 274 4382 Hinc
290 4331 357 4396 epod
374 4330 544 4381 Hearouruu
565 4329 668 4379 restitue
684 4327 834 4395 ααιητὲονι
852 4325 1005 4394 erinaceis,
1022 4335 1050 4379 ut
1071 4335 1110 4380 eat
1132 4329 1159 4378 in
1175 4329 1251 4378 unico
1269 4325 1316 4378 Co·

81 4437 85 4444 ·
121 4413 186 4464 dice.
222 4411 293 4462 Maia
313 4411 429 4464 bominac
449 4411 516 4461 docti
539 4410 673 4460 παιστέον
693 4417 853 4476 receperunt,
874 4415 942 4478 qnod
965 4412 1090 4477 siguificat
1112 4409 1241 4472 ludendum
1262 4417 1313 4470 eat,

121 4495 190 4562 opud
206 4493 370 4558 motura,
387 4495 431 4562 qui
447 4493 546 4551 naun·
562 4510 608 4560 pro
624 4497 724 4546 nacon·
740 4495 864 4546 dicebaut.
