3160 4972
771 1131 1013 1202 carnuti.

644 1343 864 1412 denotationes
888 1343 929 1411 od
950 1343 1133 1412 Creenormu.

337 1594 514 1675 Μεταβολὴ
536 1592 660 1662 πάντων
685 1593 799 1676 γλυκύ.
851 1595 1022 1692 Postquam
1047 1593 1103 1663 diu
1123 1601 1155 1663 el
1176 1591 1317 1672 mulium
1336 1593 1368 1668 dl!
1385 1589 1468 1678 scrip
1513 1577 1514 1580 Ἴ

293 1701 417 1776 toribus
440 1699 571 1769 Graecis
602 1699 813 1770 emendandis
840 1721 971 1786 operam
1002 1692 1249 1778 collocavimus.
1282 1701 1412 1778 auinaue
1431 1703 1469 1773 est

292 1807 333 1875 ad
361 1807 489 1872 Latinas
519 1804 644 1877 litteras
676 1807 815 1884 transire
839 1815 871 1872 et
900 1805 940 1872 de
964 1805 1043 1876 locis
1068 1806 1261 1894 quibusdam
1286 1805 1375 1894 apud
1396 1803 1469 1876 une,

293 1931 404 1980 renem
431 1930 533 2006 panca
565 1911 736 1990 disserere,
764 1914 818 1998 qul
843 1921 875 1978 et
896 1911 999 1988 labem
1029 1911 1168 1999 aliquam
1192 1913 1383 2000 concepisse
1405 1905 1469 1976 mibi
1512 1931 1514 1974 ε

293 2018 444 2096 ridentur
467 2025 498 2084 et
522 2016 661 2106 simplici
686 2030 718 2084 et
743 2016 897 2113 probabili
923 2020 1123 2096 correctione
1149 2020 1180 2084 ln
1206 2019 1373 2112 integrum
1393 2013 1468 2082 resti·

294 2123 342 2189 lui
379 2143 481 2210 posse.
530 2121 596 2188 Non
634 2123 758 2190 indtior
790 2143 841 2190 me
876 2122 915 2198 ad
947 2124 1123 2215 scriptores
1157 2123 1287 2200 Latinos
1325 2143 1388 2198 aon
1422 2117 1468 2189 nist¹

293 2237 487 2298 cunctanter
507 2228 671 2298 accedere.
718 2228 838 2319 Nempe
857 2229 936 2295 mttn
961 2229 1076 2301 barum
1095 2229 1278 2314 litteratura
1299 2228 1468 2304 sluttere

293 2335 402 2418 ἔργον,
426 2334 479 2401 sed
504 2336 654 2418 πάρεργον
678 2319 809 2422 semper
830 2333 971 2410 luerunt.
1019 2335 1088 2410 Non
1112 2337 1255 2434 suppetit
1275 2335 1358 2414 oribi
1381 2335 1410 2402 ia
1430 2329 1468 2396 bis

294 2441 348 2507 illa
371 2440 651 2532 palaeographicae
676 2440 906 2528 suppellectilis
929 2442 1019 2538 copia
1043 2451 1075 2508 et
1101 2441 1255 2522 facultas,
1279 2453 1467 2536 quaequam

293 2549 336 2616 sit
361 2545 449 2612 utilis
473 2545 570 2616 simul
594 2549 628 2613 in
654 2547 732 2614 vitio
756 2545 1039 2636 deprehendendo,
1064 2547 1161 2623 simul
1187 2550 1218 2626 in
1247 2567 1322 2624 vera
1350 2545 1467 2614 lectione

292 2660 349 2724 aut
373 2651 562 2758 reperienda
585 2661 658 2732 ant,
680 2653 707 2718 si
733 2640 825 2739 plura
849 2661 1044 2750 suppetunt„
1063 2652 1275 2732 discernenda
1301 2673 1396 2733 nemo
1420 2646 1467 2718 nisi

292 2758 386 2846 longo
411 2778 472 2824 usu
496 2756 629 2836 edoctus
652 2757 732 2825 satis
753 2757 932 2844 intelligere
950 2757 1000 2826 rei
1020 2757 1205 2848 praedicare
1226 2761 1355 2847 poterit.
1390 2752 1467 2846 Equi

292 2863 364 2932 dem
390 2865 445 2955 qui
479 2861 614 2933 Codices
644 2863 781 2940 Graecos
812 2862 973 2952 explorari
1006 2851 1039 2941 εἰ
1063 2866 1190 2938 excussi
1215 2861 1468 2940 innumerabiles.

293 2970 424 3038 Latinos
446 2979 503 3038 aut
528 2989 601 3038 raro
625 2978 681 3042 aut
707 2989 885 3058 numquam
905 2971 1040 3044 versari.
1090 2971 1202 3070 ltaque
1224 2979 1396 3042 contentus
1413 2979 1467 3032 esse

294 3075 392 3143 debeo
420 3075 474 3142 illa
507 3073 617 3142 balina
648 3075 910 3164 palaeograpltia,
943 3097 1025 3163 quae
1049 3076 1214 3162 colligitur
1237 3086 1269 3144 et
1295 3077 1419 3164 paritor
1438 3086 1466 3139 er

293 3179 572 3250 emendationibus
597 3182 781 3268 principum
808 3181 1022 3260 criticorum,
1047 3203 1128 3270 quae
1154 3194 1255 3258 certoe
1278 3183 1344 3253 sint
1368 3191 1399 3248 et
1416 3175 1467 3244 ecl·

293 3287 417 3363 dentes,
443 3295 474 3353 et
498 3306 552 3366 ea,
579 3308 661 3378 quae
684 3287 774 3353 libris
805 3285 929 3362 Latinis
962 3289 1035 3354 ldss.
1060 3308 1134 3364 curn
1160 3287 1291 3362 Graecis
1314 3283 1466 3356 codicibus

293 3394 475 3460 communis
505 3402 564 3462 est.
613 3393 828 3482 Unaquaeque
858 3397 1015 3474 correctio
1052 3394 1222 3470 manifesta
1253 3394 1393 3488 aliquam
1424 3405 1466 3478 pt·

293 3498 549 3588 lacographicam
570 3499 825 3567 observationem
850 3509 907 3574 aut
929 3501 1015 3594 parit
1031 3509 1087 3578 atil
1107 3499 1291 3579 confirmat:
1315 3509 1349 3566 et
1372 3511 1465 3564 recur-

294 3613 371 3675 rirnl
396 3607 516 3695 passim
541 3605 652 3673 eadem
679 3605 869 3672 mendorum
895 3625 1031 3692 genera,
1055 3605 1183 3674 caedem
1209 3607 1361 3675 vitiorum
1386 3598 1465 3688 origi·

294 3734 368 3792 nes,
391 3711 502 3780 eadem
525 3710 678 3810 peccandi
698 3710 897 3783 consuetudo
913 3719 946 3777 el
967 3711 1065 3784 veluti
1085 3712 1230 3798 analogia
1251 3722 1283 3778 et
1303 3703 1465 3788 constantia

292 3817 462 3907 quaedam.
513 3822 679 3885 l’raeterea
706 3819 737 3883 in
762 3816 976 3904 scriptoribus
1000 3819 1126 3884 Latinis
1150 3827 1205 3883 aut
1232 3817 1346 3884 melius
1367 3807 1465 3882 intelli·

292 3924 407 4011 gendis
430 3933 487 3990 aut
510 3923 711 4010 corrigendis
734 3942 861 4010 semper
886 3942 964 3990 usus
987 3943 1059 3989 sum
1082 3923 1136 3989 illo
1155 3923 1341 4004 adiumento
1361 3931 1391 3990 et
1407 3913 1463 3985 sub

293 4029 395 4108 sidio,
419 4028 503 4116 quod
534 4030 612 4096 mibi
644 4029 777 4097 deliciae
813 4047 902 4095 meae
935 4028 1020 4095 ultro
1043 4029 1343 4096 subministrabant.
1390 4021 1464 4094 Solet

293 4135 379 4202 enirn
406 4135 534 4202 Latinos
558 4139 731 4224 scriptores
756 4155 884 4201 mom
910 4133 1184 4212 Graeoerertere‚
1209 4144 1242 4201 et
1260 4135 1307 4202 sic
1333 4129 1421 4200 simul
1439 4127 1462 4190 lt

295 4240 481 4310 interiorem
507 4242 667 4330 quandam
693 4262 804 4310 eorum
831 4239 1077 4328 intelligentiam
1108 4249 1299 4330 penetrare,
1324 4237 1413 4307 simul
1434 4226 1464 4298 ad

293 4347 377 4416 hanc
401 4348 505 4418 lucam
536 4349 639 4418 latens
662 4346 790 4438 aliquod
817 4349 929 4415 titium
961 4349 1059 4417 citius
1082 4345 1321 4436 deprehendere
1344 4354 1375 4413 et
1396 4329 1462 4429 quod

295 4473 408 4522 rerum
445 4457 489 4521 sit
524 4454 650 4522 facilius
682 4455 825 4540 reperire
858 4461 890 4520 el
922 4473 1106 4537 agnoscere.
1154 4451 1260 4520 Facile
1294 4446 1463 4536 intelligitur
