3160 4972
685 361 751 433 381

314 560 339 624 ei
362 555 394 625 δὲ
417 561 463 639 μὴ
487 561 612 642 Φρυγῶν
635 557 655 646 ΙΙ
677 557 813 639 πύργοις
838 555 990 631 πεσόντος
1014 556 1125 642 ᾖσμεν.

134 663 267 733 Codices
290 684 402 732 omnes
424 664 525 745 ἴσμεν.
574 665 609 731 in
635 664 739 731 Rauso
764 684 811 730 vs.
834 668 910 731 855.

404 772 464 837 οὐδ’
485 769 660 854 ἀφιγμένον
684 772 704 861 ΙΙ
727 772 761 868 πὸ
784 770 922 851 πάμποιν
943 767 1031 854 ᾖσσον.

134 876 267 945 Codices
291 875 368 956 ἦσιον
391 885 423 944 et
449 878 530 944 icor.
580 877 613 942 ln
640 877 772 964 Cyclope
797 897 841 942 vs.
869 881 946 944 250.

357 986 410 1051 οὐκ
434 981 511 1067 ᾖσσον
535 983 610 1050 dora
632 983 696 1050 θεάν
721 1008 762 1063 με
785 985 838 1050 xci
861 985 932 1050 θεῶν
956 981 1035 1058 άπο;

132 1101 224 1158 vetus
249 1089 343 1158 tectio
366 1099 415 1157 est
435 1087 512 1167 ἦσαν
533 1098 590 1156 ant
609 1089 690 1156 ioan.
727 1089 869 1158 dtiertur
889 1089 929 1155 ab
953 1090 1086 1178 antiquo
1105 1089 1325 1157 Grammatico

132 1196 211 1265 ibid.
260 1202 423 1281 Σοφοκλῆς
449 1198 602 1280 Κόλχοις·

228 1389 235 1392 -
381 1306 468 1384 ὑμεῖς
492 1305 549 1383 μὲν
572 1305 625 1370 οὐκ
650 1301 698 1386 άρ’
723 1300 777 1385 ᾖσε
802 1303 854 1370 σδν
877 1303 1049 1384 Προμηθέα.

131 1409 166 1476 Ιιι
192 1410 343 1476 tuscum
369 1411 600 1498 Aqomcmcone
624 1430 669 1476 vs.
699 1415 795 1478 1098.

258 1497 275 1518 ⁸
357 1512 375 1591 ἦ
397 1519 458 1596 μὴν
482 1515 568 1590 κλέος
593 1541 646 1583 σου
670 1517 819 1596 μοιτικδν
842 1515 1031 1595 πεπυσμένοι

356 1620 472 1706 ᾖσμεν,
497 1623 659 1706 προφάσιος
685 1623 710 1687 δ’
733 1623 854 1696 οὕπινκς
878 1623 1068 1703 ματεύομεν.

132 1727 285 1794 Ponsonus
309 1725 405 1810 ᾖσμεν
436 1727 522 1794 dedit
554 1750 611 1816 pro
643 1731 804 1816 scriptura
837 1729 990 1796 librorum
1025 1729 1102 1808 ἥμιν
1127 1728 1175 1795 rei
1201 1726 1219 1806 ri
1242 1721 1322 1810 nit,

130 1837 238 1901 nescio
267 1855 363 1923 quarn
391 1845 494 1913 recte,
521 1856 594 1902 uam
619 1837 708 1915 ἴσμεν
733 1835 953 1923 praetulerim.
1002 1836 1087 1901 Haec
1112 1835 1215 1921 igitur
1237 1827 1322 1923 a'pnd
1387 1913 1393 1924 ⁴

130 1942 283 2028 Tragicos
301 1942 445 2029 exernpia
465 1949 677 2009 emerserunt.
728 1942 873 2008 Coruicos
894 1942 1007 2008 iisdem
1028 1940 1141 2007 iorruis
1156 1962 1229 2008 usos
1242 1945 1323 2008 satis

130 2056 276 2127 constat,
302 2067 499 2135 quamquam
523 2048 719 2116 reiiciendus
742 2058 791 2115 est
812 2050 925 2126 testis,
946 2069 1041 2136 quem
1066 2054 1188 2116 veteres
1211 2048 1322 2116 Gram-

129 2157 239 2221 matici
265 2154 463 2242 producunt,
486 2156 561 2241 quia
582 2163 770 2241 corruptum
793 2175 863 2222 esse
885 2155 962 2221 nrihi
978 2154 1086 2220 videor
1099 2154 1322 2222 demonstrare

130 2281 231 2348 posse.
281 2261 474 2327 Producitur
497 2261 582 2328 enirn
609 2263 836 2329 dnrsrorurnns
861 2261 892 2326 in
918 2261 1038 2326 Avibus
1063 2281 1110 2328 vs.
1137 2264 1188 2326 19.

288 2369 330 2432 σὼ
352 2369 379 2434 δ’
403 2370 455 2434 οὐκ
480 2367 527 2449 atr
553 2369 627 2452 qisno
652 2368 733 2433 οὐδὲν
757 2366 840 2434 άλλο
865 2370 947 2444 πλὴν
971 2366 1109 2445 δάκνειν,

109 2471 185 2538 *ubi
211 2479 303 2538 vetus
331 2482 378 2540 est
410 2475 593 2562 scripturae
627 2475 858 2561 discrepantia,
893 2494 966 2538 nam
991 2473 1045 2537 aiii
1069 2471 1137 2550 iren
1159 2472 1321 2558 legebant,

130 2577 215 2665 quod
233 2577 324 2665 piane
345 2579 517 2646 barbarum
539 2591 598 2648 est.
634 2580 755 2647 Neutra
777 2580 871 2646 tectio
894 2579 972 2645 mihi
990 2599 1067 2644 sana
1088 2599 1159 2646 esse
1179 2579 1322 2660 videtur,

130 2686 206 2771 quin
238 2681 306 2751 οἷδοι
338 2684 457 2752 δάκνειν
489 2685 574 2773 apud
609 2689 840 2753 dmsrornnnen
874 2685 1003 2773 quidem
1035 2683 1157 2752 dictum
1191 2695 1224 2751 ut
1255 2681 1325 2752 οἷδοο

129 2790 234 2870 λέγειν
271 2811 470 2880 concoquere
508 2813 569 2857 non
609 2812 749 2880 possum.
801 2792 916 2859 Veram
952 2790 1144 2870 tectionem,
1182 2781 1209 2856 si
1246 2792 1323 2880 qnid

130 2897 255 2976 indico,
283 2897 315 2963 hi
338 2898 398 2965 ioci
425 2901 602 2986 comparati
626 2899 785 2985 aperient.
835 2897 1012 2985 Lysistroto
1037 2919 1083 2964 vs.
1112 2903 1186 2966 159.

289 3007 369 3072 οὐδὲν
393 3003 457 3087 γάρ
480 3007 598 3086 ἔσμεν
622 3009 703 3083 πλὴν
727 3005 876 3072 Ποσειδῶν
898 3006 948 3072 xci
974 3003 1103 3089 σκάφη,

129 3121 162 3184 et
187 3113 220 3178 in
246 3110 344 3178 Bonis
367 3132 413 3178 vs.
441 3115 517 3179 226.

446 3219 522 3284 ἀλλ’
546 3215 689 3295 ἐξόλοισθ’
715 3219 799 3300 cadrei
825 3217 911 3296 κοάξ.

447 3323 530 3390 οὐδὲν
551 3321 613 3404 γάρ
639 3325 690 3394 ἐπ’
714 3323 803 3390 ἄλλ’
828 3325 845 3401 ἢ
871 3323 956 3403 κοάξ.
1003 3317 1010 3328 ’

132 3427 326 3515 respondent
351 3427 474 3496 Ranae:
499 3429 621 3505 εἰκότος
652 3435 699 3511 γ’,
727 3427 748 3496 ὦ
772 3429 878 3496 πολλοὶ
902 3413 1063 3511 πράσσων,
1090 3429 1143 3498 nbi
1167 3438 1324 3496 annotant

133 3535 277 3602 Veteres:
311 3535 432 3610 εἰκότος
466 3536 548 3602 οὐδὲν
585 3534 666 3604 ἄλλο
697 3538 817 3616 ἐσμὲν
849 3537 865 3613 ἢ
896 3536 992 3616 κοάξ,
1024 3537 1099 3603 adri
1131 3538 1194 3618 γάρ
1233 3541 1331 3603 τοῦτο’

132 3639 319 3724 πράσσομεν.
350 3641 422 3708 ’Νοιι
446 3651 493 3709 est
515 3662 610 3709 orum
633 3663 690 3709 ovo
714 3642 854 3709 similius
874 3662 971 3729 quam
997 3641 1048 3708 hic
1070 3641 1159 3709 iocus
1179 3641 1224 3707 iiii
1255 3651 1323 3720 est,

132 3746 340 3834 quamobrem
365 3747 602 3841 emendandum
628 3769 758 3824 oensem

290 3851 332 3918 πδν
356 3853 383 3919 δ’
407 3858 459 3921 οὐκ
484 3853 531 3937 άρ’
557 3855 653 3933 tirno
677 3856 759 3922 οὐδὲν
783 3853 864 3921 άλλο
888 3855 970 3931 πλὴν
993 3853 1123 3922 δάκνειν.

132 3957 166 4025 id
197 3965 246 4024 esi
270 3959 352 4025 οὐδὲν
375 3959 456 4027 άλκο
488 3960 639 4043 ἔπρασσον
669 3963 686 4039 ἢ
711 3962 833 4028 ἔδοικνον
864 3962 963 4041 μόνον.
1013 3945 1113 4028 Nemo
1136 3959 1325 4032 reformidet

131 4064 259 4151 antiqui
277 4064 388 4131 Critici
410 4069 635 4134 auctoritatem
657 4078 713 4133 aut
737 4066 1206 4134 vetustissimorumlibrorum
1229 4067 1322 4135 fidem

131 4173 296 4238 contemni
327 4183 493 4259 queratur.
541 4173 608 4239 Non
643 4172 704 4239 suit
739 4194 892 4260 nmquam
919 4171 1001 4239 iiber
1024 4182 1090 4239 tam
1116 4174 1323 4253 emendatus,

132 4279 225 4344 utin
257 4297 294 4345 eo
319 4287 464 4346 HCTHN
490 4288 521 4346 et
554 4289 715 4346 HtcTHN
745 4278 899 4346 contundi
928 4299 989 4345 non
1012 4281 1195 4367 potuerint,
1222 4302 1324 4369 neque

131 4392 197 4450 tam
223 4383 337 4450 soliers
357 4393 388 4452 ot
410 4394 526 4451 acutus
548 4385 806 4465 Grarnrnnticns,
832 4385 885 4472 qui
913 4386 945 4450 in
972 4385 1155 4452 huiusmodi
1180 4407 1322 4456 errorem

133 4510 194 4557 uon
216 4494 368 4580 ‚potnerit
399 4491 573 4578 implicari.
622 4491 780 4560 Palmaria
811 4491 1034 4560 emendatione
1065 4489 1162 4576 doner
1197 4495 1324 4561 Anteru-
