3150 4972
745 407 790 476 65

211 597 315 685 Epist.
341 605 394 666 55.
437 599 621 685 εῖσίφρησατ
654 607 778 667 veteres
808 598 932 668 addunt
961 597 1105 679 ἐμαυτίν.
1139 637 1180 648 -
1214 609 1270 668 πσῖ
1294 625 1353 668 κα-

160 705 316 784 ταχίείην
358 705 499 788 ἐζήτσννι
546 715 669 773 veteres
703 703 769 772 ὅποι
812 727 915 793 neque
955 707 1153 790 καταχθῆναι
1188 726 1224 772 co
1257 727 1355 774 sensu

162 810 380 896 usurpabant.
416 851 455 862 —-
497 815 547 881 καί
588 813 733 894 εὐκαίρας
772 813 952 896 ε’μφιίγοιμι
986 811 1097 892 μίνσςι
1134 814 1272 900 pessime
1306 817 1356 880 εὖ·

161 917 273 998 καίριος
309 917 415 1002 posuit
453 939 509 1002 pro
544 920 593 984 ἐπὶ
636 927 768 1002 σχολῆς.
820 919 978 984 llanrnant
1017 919 1160 982 tmanimi
1197 939 1356 986 consensu

162 1023 313 1107 Magistri
352 1023 492 1106 εὐκαιρία
536 1046 591 1111 pro
628 1026 747 1105 σχολή,
792 1027 939 1108 εὐκαιρεῖν
981 1044 1039 1112 pro
1081 1027 1198 1104 σχολὴν
1245 1024 1355 1104 ἄγειν,

162 1128 230 1194 vid.
269 1129 483 1208 Pnnrmcnuu‚
521 1131 681 1197 liloenmeu
715 1137 746 1196 et
783 1129 944 1215 imprimis
978 1131 1090 1196 Surntn
1128 1151 1155 1194 v.
1192 1132 1293 1212 σχολιί
1325 1139 1357 1199 el

162 1233 346 1318 σχολάζειν.
396 1235 552 1302 Admouet
583 1236 623 1302 de
654 1236 765 1302 eadem
797 1236 985 1321 οἱκυρσλογίρι
1016 1243 1074 1302 τῶν
1098 1243 1220 1302 πολλῶν
1252 1236 1356 1303 lnler·

164 1361 240 1427 pres
272 1340 312 1405 ad
347 1341 494 1408 l‘csroms
526 1341 785 1429 livrtlvppdroncm
818 1361 889 1427 pag.
923 1345 955 1407 6.
982 1362 1011 1406 c.
1058 1341 1166 1427 Neque
1196 1345 1358 1426 ἐμφαγεῖν

163 1446 246 1512 bene
271 1445 381 1511 lvalvet:
413 1447 490 1512 nihil
523 1449 631 1514 rninus
663 1447 758 1513 horno
781 1446 914 1533 parabat
938 1468 1034 1532 quarn
1065 1447 1246 1530 ἐμφαγεῖν,
1272 1447 1356 1536 quod

163 1553 328 1638 significat
350 1554 465 1640 raptim
500 1555 623 1641 aliquid
655 1555 716 1620 cidi
747 1574 874 1638 copore,
908 1561 940 1617 et
971 1551 1023 1619 ille
1047 1573 1081 1620 se
1110 1574 1166 1640 per
1190 1574 1354 1621 summum

162 1659 266 1725 otium
290 1660 493 1744 ingurgitare
512 1661 593 1726 cibis
613 1660 699 1725 lurto
721 1662 841 1746 paratis
863 1658 995 1724 volebat.
1032 1663 1216 1745 Ἐμφαγεῖν
1244 1661 1355 1728 dinun-

164 1773 220 1829 tur
244 1763 307 1842 illi,
336 1765 445 1850 quiin
471 1764 577 1853 aliqua
601 1765 812 1854 trepidatione
837 1774 892 1831 aut
915 1765 1058 1832 tumultu
1081 1767 1267 1854 [estinanter
1290 1767 1357 1832 cido

162 1870 271 1957 aliquo
292 1891 325 1935 so
344 1871 508 1957 reficiunt,
538 1873 603 1938 vid.
631 1874 840 1939 Xssoruoarrs
866 1869 989 1936 Hellen.
1016 1871 1069 1938 tv.
1097 1893 1124 1936 v.
1150 1878 1184 1939 8.
1209 1879 1271 1946 τοῖς
1301 1873 1358 1951 μέν

163 1975 272 2049 ἄλλοις
298 1973 382 2042 εἶπεν
410 1979 608 2058 ἐμφαγοῦσιν
632 1977 699 2045 ἔτι
731 1979 868 2044 δύναιντο
898 1977 979 2057 ἥκειν
1003 1980 1057 2055 τὴν
1080 1979 1237 2060 sexis-nv,
1262 1978 1356 2053 αὐτὸς

161 2084 196 2150 δὲ
220 2084 374 2166 ὑφηγεῖτο
398 2083 550 2165 σῖννίριςις.
600 2083 643 2150 (ll.
671 2085 771 2150 Αιιαίι.
798 2084 851 2150 lV.
872 2104 906 2149 u.
932 2089 967 2159 l,
989 2082 1043 2148 lV.
1064 2103 1091 2148 v.
1118 2091 1147 2148 8.
1172 2077 1226 2149 ‘ubi
1250 2084 1356 2169 legen-

163 2189 263 2255 dum:
299 2190 403 2266 ἐπειδὴ
436 2191 462 2256 δ’
492 2189 667 2273 ἐμφάγοιεν
700 2211 757 2277 pro
788 2189 821 2257 at
854 2212 883 2255 τι
907 2187 1099 2272 ἐμφάγοιεν,
1126 2208 1199 2256 nam
1225 2189 1358 2276 perinde

163 2305 214 2362 est
242 2301 365 2378 φαγεῖν
391 2320 421 2362 τι
454 2304 485 2362 el
518 2299 695 2379 ἐμφαγεῖν,
728 2304 764 2362 ui
795 2304 873 2363 πιεῖν
897 2319 927 2359 τι
951 2302 983 2360 et
1007 2295 1138 2374 ἐμπιεῖν.
1185 2295 1298 2382 ltaque
1322 2297 1354 2362 itt

164 2402 359 2489 Cyropocdio
390 2401 471 2468 Vlll.
507 2423 526 2467 t.
559 2407 611 2468 44.
638 2404 741 2489 potior
764 2412 813 2468 est
838 2402 999 2487 scriptura
1033 2399 1079 2470 ἔτ’
1101 2400 1140 2467 αν
1163 2399 1297 2484 φοίγοιίν
1323 2427 1353 2469 τι

163 2529 262 2596 quam
287 2507 333 2577 ἔτ’
356 2507 531 2590 ἐμφάγοιέν
553 2532 595 2575 τι.
646 2506 798 2574 Eiusdem
826 2505 916 2593 plane
940 2507 1068 2591 generis
1092 2516 1140 2574 est
1163 2509 1301 2588 ε’μπιεῖν,
1319 2516 1356 2574 ul

162 2616 198 2681 in
229 2615 342 2701 Gyrop.
379 2613 459 2680 i'lll.
491 2635 512 2679 ι.
541 2621 569 2678 1.
603 2617 814 2696 προσήνεγκαν
846 2615 871 2679 oi
901 2611 1082 2694 ίεριίποντες
1113 2613 1291 2696 ἐμφαγεῖΡ
1301 2615 1354 2682 καί

162 2723 287 2800 ἐμπιεῖν
306 2719 352 2786 ἐτι
371 2717 452 2787 οὖσιν
466 2721 553 2804 σῖμφὶ
575 2721 618 2787 ποῖ
636 2721 720 2803 ίεροί,
741 2730 772 2786 et
792 2719 836 2784 illi
857 2726 980 2784 stantes
992 2717 1030 2784 ad
1044 2737 1133 2784 aram
1149 2721 1265 2804 raptim
1285 2717 1356 2786 cibo

162 2836 307 2915 potuque
323 2845 455 2911 corpora
481 2826 643 2894 reficiunt.
694 2829 860 2892 Praeterea
882 2825 1018 2902 ἐμπίνειν
1037 2823 1159 2892 dicitur
1179 2826 1226 2904 is,
1246 2826 1301 2910 qui
1322 2845 1357 2892 sc

162 2933 287 3020 poculis
311 2933 427 2998 invitat
451 2932 680 3019 complusculis
702 2941 732 2998 et
757 2915 851 3017 genio
883 2929 1048 3016 indulget,
1079 2937 1191 3015 estque
1221 2929 1354 2997 veritum

161 3038 293 3126 plenum
328 3037 513 3104 festivitatis
544 3047 576 3104 et
608 3037 798 3114 hilaritatis,
832 3036 916 3125 quod
942 3037 974 3101 in
999 3037 1146 3103 convivio
1169 3035 1355 3124 laetitiaque

161 3154 351 3232 perpetuam
378 3143 483 3210 sedem
511 3143 614 3211 labet.
662 3145 798 3209 Conviva
821 3153 912 3209 satur
935 3142 1020 3229 apud
1040 3143 1240 3210 Ertcntnuuu
1257 3145 1353 3209 drue-

158 3270 230 3317 narr
253 3251 307 3316 Vl.
334 3254 410 3316 256.
438 3251 474 3316 t.
507 3251 613 3316 πολλοὶ
645 3251 861 3332 καταφαγὼν,
893 3249 987 3315 πόλλ’
1018 3249 1134 3328 ἐμπιεῖν
1158 3270 1175 3315 a
1199 3269 1297 3316 coena
1322 3270 1356 3318 se

158 3357 279 3443 recipit
302 3355 446 3422 domum.
497 3356 680 3423 Absurdum
713 3366 799 3422 esset
825 3356 855 3420 in
882 3374 919 3421 ea
945 3375 979 3421 rc
1003 3356 1177 3437 ἐμφαγεῖν,
1203 3357 1256 3422 cui
1278 3376 1356 3423 con·

160 3465 300 3529 trarium
334 3471 383 3528 est
411 3461 518 3529 ἐσῖίειν
549 3464 578 3536 ἐς
601 3463 700 3544 κίρσοι
728 3461 812 3549 quod
841 3480 941 3548 quum
967 3469 1076 3526 noster
1100 3459 1205 3528 lacero
1227 3471 1357 3548 pararet

160 3570 195 3634 in
224 3567 407 3650 ἐμφοίγσιμι
438 3577 495 3634 aut
529 3573 699 3635 dectrnnos
722 3569 841 3634 erravit
866 3575 921 3632 aut
946 3566 1081 3633 scribae.
1127 3569 1144 3651 §
1171 3571 1201 3633 a.
1226 3567 1367 3650 οῖδσλέσς

158 3697 244 3757 xcv:
269 3673 367 3742 scrib.
393 3674 582 3756 ἀδολεσχῶν.
608 3713 648 3724 -
674 3675 766 3741 residi:
800 3673 978 3740 lloucnrcuu
1008 3692 1065 3758 pro
1085 3674 1158 3739 ἐκεῖ.
1194 3675 1211 3757 §
1237 3677 1267 3738 5.
1292 3680 1356 3746 τοῖς

160 3779 399 3861 ἁποτρσπαίοιςε
432 3780 552 3848 excidit
583 3782 669 3853 ίεοῖς.
700 3821 741 3834 -
772 3780 824 3846 καί
857 3783 910 3846 οὐκ
935 3777 1092 3862 ἦςίχκσαι
1125 3779 1220 3845 euius
1245 3798 1356 3865 preces

160 3885 385 3952 exaudiuntur
408 3885 523 3952 tuclius
547 3885 674 3952 dicetur
697 3891 750 3954 οὐκ
774 3888 955 3968 ἀτυχῆσαι,
987 3905 1083 3971 quam
1108 3887 1163 3951 οὐκ
1183 3886 1353 3968 α’ςοχιῑσαι.

211 3992 314 4078 Epist.
340 3997 394 4057 st.
427 3995 469 4065 είς
494 3993 569 4074 με’ρκ
593 3991 804 4075 κατερρωγίςι
836 3990 951 4057 melius
985 4011 1047 4056 uuo
1071 3991 1167 4056 verlto
1190 3987 1330 4072 διερρυγί
1348 4040 1355 4056 .

165 4101 184 4178 ς
212 4101 242 4162 2.
268 4097 361 4173 λίίοις
384 4099 533 4180 ἐχρῶντσε
568 4099 648 4163 mire
673 4099 796 4164 dietum
823 4118 880 4183 pro
904 4096 1060 4176 ἔβαλλον,
1085 4097 1187 4181 stragis
1214 4096 1355 4171 mirum,

164 4202 324 4290 quomodo
358 4201 416 4268 lvoc
449 4201 553 4269 lacere
586 4207 759 4291 potuerint.
805 4208 821 4286 §
851 4209 881 4269 3.
913 4202 1010 4282 ἤμννε
1036 4200 1274 4270 llacedonicurn
1301 4221 1359 4290 pro

164 4307 211 4386 ἦν.
246 4312 263 4393 §
286 4314 316 4375 4.
341 4307 418 4374 αλλ’
440 4310 494 4374 οὐκ
513 4302 547 4384 ἦν
567 4310 775 4388 Λακεδαίμων
793 4309 823 4373 ἐν
844 4305 863 4391 ᾖ
884 4312 971 4375 ταῦθ’
994 4309 1159 4388 ὑπέμενεν,
1180 4310 1359 4383 αλλ”Αίῆ-

165 4439 215 4480 ναι
239 4414 290 4480 καί
315 4420 375 4481 τῶν
406 4415 547 4491 'steven
571 4415 729 4495 κυβευτῶν
752 4417 778 4482 σί
803 4414 1007 4492 ἐξαλέτατσιτ
1033 4415 1137 4483 dicam
1163 4413 1242 4501 quid
1268 4413 1358 4478 lect·

1182 4523 1197 4568 s
