3160 4972
687 369 754 440 381

316 567 341 632 ri
365 565 396 632 δὲ
420 567 465 645 μὴ
489 569 614 649 Φρυγῶν
638 565 657 654 ΙΙ
679 564 815 647 πύργους
840 561 993 638 πεσόντος
1017 562 1127 649 ᾖσμεν.

136 671 269 742 Codices
292 692 404 740 omnes
427 672 528 754 ἴσμεν.
576 672 611 738 in
637 671 742 738 Rauso
766 691 813 737 us,
837 675 913 738 855.

406 780 467 845 οὐδ’
487 777 662 862 ἀφιγμένον
687 780 706 868 ΙΙ
729 778 764 874 σο
786 776 924 858 ποίμνιον
945 774 1034 860 ἦσαν.

136 885 270 954 Codices
294 882 371 963 ἧσσον
394 895 426 952 et
451 886 532 952 iren.
582 884 615 949 in
643 883 775 972 Cyclope
799 905 844 950 vs.
872 889 948 951 950.

360 995 412 1060 οὐκ
437 989 514 1074 ἦσαν
537 990 612 1058 ὄντος
635 991 699 1057 θεόν
723 1015 765 1071 με
788 991 841 1058 eci
864 992 935 1058 θεῶν
958 990 1038 1066 ἄνοο;

135 1108 227 1166 vetus
251 1098 346 1165 lectio
369 1107 418 1166 est
437 1095 515 1174 ἦσοιν
536 1105 593 1164 aut
612 1097 692 1164 ἴσον.
729 1097 872 1164 Affertur
891 1095 931 1163 ab
956 1097 1089 1184 antiquo
1107 1096 1327 1164 Grammatico

135 1204 214 1272 ibid.
262 1211 427 1289 Σοφοκλῆς
452 1205 606 1287 Κόλχοις·

384 1313 471 1392 ὑμεῖς
494 1313 552 1391 μὲν
575 1313 628 1378 οὐκ
652 1308 700 1394 ἄρ’
726 1308 779 1392 dee
804 1311 857 1378 τὸν
879 1310 1052 1392 nocentior.

133 1417 169 1484 ln
196 1417 346 1484 drscnrm
372 1420 602 1506 Auomemnone
627 1438 672 1482 us.
701 1422 798 1485 1098.

261 1505 278 1526 ⁸
360 1519 461 1604 ἦμὴν
485 1524 570 1598 κλέος
596 1549 648 1592 σον
673 1524 822 1604 μιοντιιιον
846 1522 1035 1602 πεπυσμένοι

358 1628 475 1714 ᾖσμεν,
500 1631 662 1714 νομοφνὶσοος
688 1631 713 1695 δ’
737 1631 856 1703 οὔτινοις
880 1629 1071 1712 ματεύομεν.

134 1736 288 1802 Ponsonus
312 1733 408 1818 decer
440 1735 526 1802 dedit
557 1757 614 1823 pru
645 1738 806 1823 scriptura
839 1735 994 1803 librorum
1028 1727 1325 1816 intercidente,

134 1845 241 1909 nescio
270 1863 366 1931 quam
393 1853 497 1922 recte,
523 1863 596 1909 nam
621 1845 711 1922 ἴσμεν
736 1843 956 1930 praetulerim.
1005 1843 1090 1909 Haec
1114 1843 1217 1928 igitur
1240 1833 1326 1929 a'pud
1390 1921 1397 1930 ¹

133 1949 286 2036 Tragicos
304 1950 448 2037 exempla
469 1957 680 2016 emerserunt.
731 1950 876 2016 Comicus
896 1949 1009 2015 iisdem
1032 1948 1144 2014 iormis
1159 1969 1232 2014 usos
1245 1950 1325 2015 satis

133 2063 280 2134 constat,
305 2075 502 2143 quamquam
525 2056 722 2124 reiiciendus
745 2066 794 2123 est
815 2057 928 2134 testis,
949 2075 1045 2142 quem
1068 2063 1191 2122 ueteres
1214 2055 1325 2122 Gram-

132 2165 242 2229 matici
268 2163 466 2250 producunt,
488 2163 564 2249 qnia
585 2171 773 2248 corruptum
796 2183 866 2228 esso
888 2162 965 2228 miin
980 2160 1089 2226 videor
1101 2161 1325 2228 demonstrare

133 2289 235 2355 posse.
283 2268 477 2334 Producitur
500 2270 585 2335 enirn
612 2272 839 2336 Aursroruuuus
864 2269 895 2332 iu
921 2267 1041 2332 Auidus
1066 2287 1113 2333 us.
1142 2271 1191 2332 19.

292 2377 333 2440 σὼ
356 2376 383 2441 δ’
407 2378 459 2440 οὐκ
484 2374 530 2458 ἄρ’
556 2376 630 2460 iisne
655 2375 736 2440 otidis
760 2373 844 2440 ἄλλο
868 2375 949 2450 πλὴν
974 2373 1113 2452 διὶιινειν,

113 2479 189 2545 -uiri
215 2487 306 2546 vetus
334 2489 382 2546 est
415 2483 596 2568 scripturae
631 2481 861 2568 discrepantia,
895 2501 968 2546 nam
994 2479 1048 2544 aiii
1072 2478 1140 2556 ἵςην
1162 2478 1324 2564 legebant,

134 2585 219 2672 quod
236 2585 327 2672 piane
348 2587 521 2654 barbarum
542 2598 602 2656 est.
637 2588 758 2655 Neutra
779 2588 874 2653 lectio
897 2586 975 2652 mitri
993 2605 1070 2652 sana
1091 2605 1162 2652 esse
1182 2586 1325 2666 ridetur,

133 2693 210 2780 quia
241 2689 310 2758 οἶόοο
342 2692 460 2759 δάκνειν
493 2693 578 2781 apud
612 2694 844 2760 Amsromnuou
877 2693 1006 2780 quidem
1038 2691 1160 2758 dictum
1194 2701 1227 2758 ut
1258 2687 1328 2758 aida

131 2800 236 2879 λέγειν
274 2819 474 2887 concoquere
511 2820 572 2866 non
612 2820 753 2888 possum.
804 2800 919 2866 Veram
955 2798 1148 2876 lectionem,
1185 2801 1212 2862 si
1249 2799 1326 2886 quid

132 2904 258 2984 iudico,
286 2905 318 2970 hi
341 2905 401 2972 ioci
428 2908 605 2993 comparati
630 2907 788 2992 aperient.
838 2906 1015 2993 Lysistroto
1040 2925 1086 2971 vs,
1115 2909 1189 2973 139.

292 3014 373 3079 οὐδὲν
397 3011 460 3094 γάρ
484 3014 602 3093 ε’σμεν
626 3015 706 3090 πλὴν
730 3013 879 3080 Ποσειδῶν
901 3013 952 3080 cori
977 3009 1106 3096 σκοὶφν,

132 3129 165 3190 et
191 3120 223 3185 io
249 3117 347 3186 lionis
371 3140 416 3186 vs.
444 3123 520 3186 226.

449 3227 525 3290 nint·
549 3222 693 3302 ἐξόλοισθ’
718 3226 803 3306 αὐτῷ
828 3224 915 3302 cccii.

450 3331 533 3397 οὐδὲν
554 3329 617 3411 γάρ
642 3331 693 3401 ε’ς’
717 3331 806 3396 ἄλλ’
831 3332 848 3408 ἢ
874 3331 959 3410 κοάξ.
1006 3323 1013 3335 ’

135 3435 329 3524 respondent
354 3435 477 3503 Ranae:
502 3437 624 3512 εἰκάσεις
656 3441 701 3516 μ’,
730 3435 751 3502 ὦ
776 3437 881 3503 πολλοὶ
906 3419 1066 3519 πράσσων,
1094 3437 1146 3505 niu
1171 3445 1328 3504 adnodant

137 3543 280 3610 Veteres:
313 3542 436 3616 εΙιιόσοος
468 3543 552 3608 οὐδὲν
589 3541 669 3610 ἄλλο
700 3545 820 3623 ἐσμὲν
851 3543 869 3619 ἢ
900 3543 994 3622 κοάξ,
1027 3544 1103 3610 ιούσὸ
1134 3544 1198 3624 γὰρ
1238 3547 1335 3610 τοῦτο’

136 3647 323 3730 πράσσομεν.
353 3649 426 3715 'Nou
449 3658 613 3715 estonum
636 3670 693 3715 ovo
717 3649 857 3716 similius
878 3670 974 3736 quam
1000 3648 1052 3716 iric
1074 3649 1162 3715 iocus
1182 3648 1227 3715 iiii
1258 3658 1326 3726 est,

135 3754 343 3841 quamobrem
368 3753 605 3848 emendandum
631 3775 761 3831 oensem

293 3859 335 3926 τὼ
360 3859 386 3926 δ’
410 3865 462 3928 οὐκ
487 3860 535 3944 ἄρ’
560 3861 656 3938 eisne
681 3863 762 3928 οὐδὲν
786 3859 868 3928 ἄλλο
892 3863 974 3938 πλὴν
996 3859 1125 3930 δάκνειν.

136 3965 169 4032 id
199 3973 247 4032 est
274 3967 355 4032 οὐδὲν
378 3965 459 4034 ἄλλο
492 3966 642 4050 ἔπραττον
673 3969 690 4046 ἢ
715 3968 837 4034 ἔδοιιονον
867 3968 967 4047 μόνον.
1016 3967 1116 4034 Nemo
1140 3966 1328 4036 reformidet

134 4071 261 4158 antiqui
279 4072 391 4139 Critici
413 4075 638 4141 anctoritatem
661 4085 717 4141 aut
740 4075 1034 4141 vetustissimorum
1054 4073 1209 4140 librorum
1232 4074 1325 4141 idem

134 4181 298 4246 contemni
330 4189 496 4266 queratur.
544 4179 611 4246 Nou
646 4179 708 4247 init
742 4199 896 4266 nmquam
922 4179 1004 4245 iiber
1029 4188 1094 4246 tam
1120 4179 1326 4258 emendatus,

136 4294 171 4350 nt
196 4285 228 4351 in
260 4305 297 4351 eo
322 4293 467 4352 HCTHN
492 4295 524 4352 et
557 4295 719 4354 chTHN
748 4285 901 4353 coniuudi
931 4306 992 4352 nou
1015 4287 1199 4374 potuerint,
1225 4306 1328 4374 neque

134 4400 200 4456 tam
227 4390 340 4458 soliers
360 4401 392 4459 et
413 4403 529 4459 acutus
551 4392 809 4472 Grammaticus,
835 4394 889 4480 qui
917 4393 948 4456 iu
975 4390 1159 4458 huiusmodi
1183 4412 1326 4460 errorem

136 4517 197 4564 non
220 4501 371 4586 ,potuerit
403 4497 576 4586 implicari.
625 4498 784 4568 Palmaria
815 4497 1038 4566 emendatione
1068 4495 1165 4582 ᾖσμεν
1200 4499 1327 4565 Aorsro·
