3160 4972
805 357 877 431 tou

239 577 355 648 magon
387 557 596 646 simplicitate
628 577 740 627 onrnes
772 556 919 624 veritatis
952 573 1106 625 numeros
1137 555 1309 638 imitentes,
1347 573 1424 646 qnos

236 667 351 736 audire
373 674 422 734 est
447 664 581 753 probare
606 673 637 733 et
669 662 839 752 ampiecti,
871 681 1017 751 quasque
1041 664 1096 730 ubi
1120 663 1218 732 semei
1240 665 1425 752 cognoveris

237 792 301 840 non
325 771 417 838 iacile
450 770 661 840 obliviscaris.
708 771 744 837 ln
779 769 940 836 Herodoto
972 781 1084 838 contra
1117 791 1180 837 uon
1213 769 1289 838 lecit
1313 789 1425 858 operae

239 880 379 968 pretium
412 876 528 964 idque,
560 879 616 968 qui
644 888 693 947 est
717 879 787 944 eius
811 876 933 943 candor
956 878 1057 944 animi
1081 887 1114 945 ct
1138 881 1205 946 teri
1234 898 1346 959 amor,
1371 897 1427 945 neo

239 988 307 1073 ipse
331 983 511 1052 dissimulat
537 984 592 1052 sed
619 984 703 1052 ultro
727 982 847 1051 latetur
864 984 1055 1070 paucitatem
1075 995 1103 1051 ct
1125 986 1304 1053 tenuitatem
1329 1003 1427 1050 emea-

238 1091 399 1158 dotiooum
416 1089 663 1158 Herodoteorom
683 1109 940 1156 commemorans
959 1109 1030 1178 pag.
1043 1092 1102 1162 lll.
1139 1091 1249 1180 Neque
1270 1091 1428 1178 idmagno

156 1215 162 1222 ·
239 1217 334 1286 opere
354 1195 524 1266 miraberis
547 1197 653 1285 ipsum
676 1195 811 1264 audiens
833 1195 993 1264 dicentem
1028 1217 1098 1286 pag.
1119 1203 1195 1266 tot.
1227 1215 1298 1266 sese
1334 1197 1428 1264 llere

239 1303 351 1371 dotum
376 1313 575 1392 postremum
601 1299 718 1390 legisse
742 1321 771 1371 a.
799 1307 883 1371 teat
909 1303 941 1370 id
967 1315 1016 1372 cst
1040 1315 1114 1372 ante
1138 1325 1239 1372 annos
1265 1309 1307 1371 tt
1333 1324 1426 1393 quam

238 1410 316 1478 hacc
340 1411 530 1477 Adocrrorio
554 1409 663 1478 ederet
695 1411 729 1476 iu
762 1408 883 1488 lucem,
918 1429 1017 1497 seque
1041 1409 1094 1476 illo
1118 1419 1262 1500 tempore
1287 1409 1427 1477 nondum

238 1517 277 1586 ad
300 1517 519 1584 coniecturam
544 1517 577 1582 iu
602 1517 734 1584 Graecis
758 1513 971 1603 scriptoribus
995 1517 1207 1585 exercendam
1238 1516 1331 1585 valde
1354 1535 1429 1584 con·

238 1623 410 1691 suetudine
429 1623 643 1691 exercitatum
665 1622 780 1700 luisse,
805 1631 837 1690 et
862 1623 1116 1690 instrumentum
1140 1625 1291 1691 criticum
1316 1641 1427 1712 parum

240 1739 309 1797 tum
334 1729 434 1796 luisse
466 1729 629 1817 locuples,
664 1727 705 1796 nd
733 1727 816 1816 quod
848 1737 958 1816 postea
992 1749 1074 1818 qnae
1106 1730 1191 1798 lecta
1222 1729 1265 1796 sit
1289 1731 1430 1797 accessio
1538 1811 1539 1828 p

240 1839 311 1904 elus
340 1834 572 1902 examinandae
607 1832 668 1902 sibi
700 1837 801 1902 otium
835 1853 897 1901 non
930 1835 1040 1905 inisse.
1088 1837 1124 1904 ln
1148 1835 1199 1902 lris
1224 1847 1259 1904 ut
1282 1847 1429 1925 apertum
1538 1831 1539 1858 ¹

239 1952 273 2011 et
295 1941 469 2010 candidum
499 1943 621 2028 egregii
653 1943 714 2008 tiri
747 1951 860 2030 peetus
884 1941 1051 2029 diligimus
1075 1951 1107 2009 et
1130 1962 1296 2020 amamus,
1321 1952 1428 2010 tameo
1538 1943 1539 2030 ᾖ

241 2051 406 2118 succurrit
426 2047 524 2142 ‘quot
556 2047 715 2114 Porsonns
755 2046 927 2136 aliquando
962 2048 994 2114 ia
1027 2047 1227 2115 lirunclium
1260 2047 1431 2116 subridens
1538 2095 1539 2104 ,

242 2155 317 2224 iecit
342 2156 572 2223 Terentianum
599 2152 694 2221 iliud:
716 2163 873 2222 tontomoc
893 2175 959 2221 rem
976 2155 1270 2242 tomocqligcoieri
1295 2155 1431 2222 llaximc

241 2264 343 2330 miror
364 2261 557 2348 iladviglum
581 2276 681 2349 quum
703 2257 942 2328 emendationes
960 2259 1155 2328 Herodotcas
1176 2255 1328 2328 editurus
1348 2267 1431 2328 esset
1538 2349 1539 2352 Ἴ

241 2369 274 2434 in
306 2367 410 2436 lucem
444 2368 624 2454 neglexisse
654 2367 818 2454 quantivis
849 2367 944 2454 pretii
978 2365 1122 2435 subsidia
1155 2367 1284 2445 critica,
1313 2365 1432 2455 quihus
1538 2381 1539 2412 ³

242 2473 292 2539 vir
309 2471 524 2541 doctissimus
546 2473 582 2541 H.
609 2473 698 2540 Stein
725 2481 833 2541 textus
856 2491 952 2560 quem
977 2483 1093 2541 vocant
1117 2473 1285 2541 llorodotei
1309 2474 1431 2541 cottsti·
1538 2485 1539 2572 J

240 2578 352 2648 luendi
377 2579 586 2647 fundamenta
617 2585 682 2647 lam
716 2579 809 2645 lirma
841 2588 873 2645 ct
902 2577 1029 2646 stabilia
1053 2581 1239 2659 constituit,
1265 2588 1301 2647 ut
1327 2588 1432 2648 metus

241 2703 303 2754 non
328 2683 370 2753 sit
395 2685 434 2753 nc
458 2703 612 2774 umquam
634 2683 857 2754 convellantur
877 2693 933 2752 aul
952 2685 1136 2765 labascent,
1158 2695 1191 2753 et
1211 2687 1317 2753 omnis
1338 2703 1430 2775 opera
1538 2677 1539 2732 i

240 2795 273 2862 in
297 2789 455 2861 Herodoto
488 2791 700 2860 emaculando
730 2800 762 2858 ct
787 2790 987 2859 restituendo
1011 2791 1163 2860 collocata
1187 2793 1228 2861 alt
1252 2793 1303 2860 his
1327 2791 1431 2861 admi·
1538 2829 1539 2840 2

240 2900 358 2968 nionlis
392 2909 425 2968 et
459 2897 629 2988 praesidiis
662 2897 821 2986 proticisci
856 2896 969 2965 debeat
995 2895 1099 2986 iisque
1124 2899 1220 2966 inniti
1245 2919 1283 2966 ao
1310 2897 1429 2967 iulciri.

239 3005 348 3095 Neque
373 3014 480 3073 tamen
505 3005 624 3094 (dicam
644 3007 730 3072 enim
756 3005 854 3071 libere
877 3008 910 3071 el
934 3002 1070 3072 candide
1094 3005 1178 3093 quod
1203 3007 1361 3094 seutiam)
1385 3007 1430 3073 tir

239 3111 367 3192 doctus,
391 3115 447 3201 qui
473 3112 564 3178 nobis
587 3130 624 3180 ea
648 3111 834 3179 adiumenta
859 3104 1008 3198 paravit,
1035 3112 1112 3200 lpse·
1128 3107 1192 3178 iilis
1215 3113 1260 3178 ita
1283 3131 1362 3178 usus
1383 3119 1430 3178 est

241 3220 349 3288 atrei
380 3226 579 3286 momentum
611 3225 644 3296 et
677 3216 802 3307 pondus
834 3213 1050 3306 postulabant.
1098 3215 1244 3306 Namque
1275 3227 1313 3285 ut
1345 3215 1428 3306 apud

242 3323 415 3395 Homerum
441 3332 490 3391 est

376 3427 418 3516 rii
440 3432 467 3500 δ’
491 3427 588 3514 ἕτερον
611 3431 669 3512 μὲν
691 3429 784 3501 ἔδωκε
807 3429 910 3513 accip
934 3426 1034 3514 ἕτερον
1056 3428 1085 3498 δ’
1109 3429 1276 3499 totostoto.

237 3536 431 3607 industriam
478 3535 700 3606 incredibilem
741 3538 773 3604 in
811 3537 985 3606 (lodicibus
1020 3536 1226 3626 explorandis
1260 3535 1428 3605 conierer-

237 3647 352 3735 disque
375 3654 403 3712 ct
435 3643 659 3712 admirabilem
691 3663 728 3710 ac
753 3644 845 3732 plane
869 3643 1066 3730 singularem
1094 3641 1295 3730 diligentiam
1319 3643 1426 3718 dedit.

237 3753 293 3822 sed
317 3753 447 3838 linguae
478 3748 618 3819 Graecae
652 3747 1118 3837 interiorcm'inteliigentiam
1151 3735 1366 3838 notitiamque
1398 3760 1427 3816 et

239 3859 426 3927 laenitatem
451 3858 598 3925 criticam
631 3857 727 3945 paulo
756 3858 966 3943 insigniorem
991 3867 1024 3925 et
1047 3855 1261 3941 εὑςσχωτέραν
1289 3857 1425 3943 negarit.

240 3967 353 4052 ltaque
377 3985 471 4052 saepe
500 3963 621 4050 lactum
651 3983 721 4030 csse
752 3963 900 4032 videmus
932 3974 969 4031 ut
1001 3983 1095 4032 verae
1126 3965 1307 4053 scripturae
1330 3971 1426 4030 outa
1538 3997 1539 4000 =

238 4069 352 4140 Codice
388 4069 510 4138 oblatae
546 4078 602 4138 aut
637 4087 654 4136 a
699 4067 832 4138 Griliois
868 4079 1013 4158 repertae
1048 4070 1264 4138 deterioribus
1305 4075 1427 4157 postpo
1538 4155 1539 4162 ἵ

238 4188 406 4248 narentur.
443 4177 479 4245 ln
505 4177 707 4244 tenuioribus
728 4177 921 4264 quibusdam
947 4197 985 4245 nc
1010 4178 1146 4245 minutis
1167 4175 1304 4264 vigilans
1326 4175 1427 4243 othon
1538 4203 1539 4206 ¹

237 4293 336 4374 agens
362 4286 411 4376 (ut
434 4285 467 4350 in
492 4283 581 4368 σφίσι
605 4296 637 4351 ct
661 4290 719 4368 σφι
744 4282 982 4370 distinguendis
1007 4293 1039 4352 el
1061 4285 1147 4372 sim.)
1174 4281 1428 4370 ingratioribus

237 4397 270 4460 et
293 4387 471 4458 tnaioribus
499 4389 626 4456 dubitat
657 4390 860 4479 hacsitntque
891 4400 922 4459 et
955 4411 1011 4480 pro
1037 4391 1245 4459 Aristarchea
1272 4387 1427 4472 ductoria

235 4495 420 4576 ἀνωμαλίαι
442 4493 624 4563 ocatctcam
650 4495 872 4584 amplectitur,
892 4499 968 4584 quia
993 4507 1115 4566 certam
1128 4495 1278 4585 loquendi
1293 4513 1423 4565 consue·
