3178 4972
692 353 739 438 bi

130 563 233 638 εἰπεῖν,
257 560 310 627 teoel
335 561 399 643 γὰρ
424 556 617 641 ἐπέξειμι
642 561 773 640 λέγεται
797 560 872 625 ἀλλ’
896 555 1305 635 σῦκ’ἕπεξελεῦσιμιιι.

132 666 233 734 Videte
253 685 335 753 quos
361 665 480 733 lluetus
502 668 535 732 in
560 667 698 754 simpulo
722 667 860 744 excitet,
885 675 918 732 at
939 665 1054 732 llorers
1074 663 1159 730 idem
1181 683 1308 730 summa

131 770 251 838 lenitate
282 774 326 838 ita
359 771 468 840 docet:
501 773 624 841 ἄπεισιν
656 777 826 847 Ἀττικῶς,
856 770 1071 836 ἀπελεύσεται
1103 773 1307 848 Ἑλληνικῶς,

132 879 214 944 euius
236 882 399 965 praecepti
419 878 531 946 eadem
553 881 600 946 vis
620 887 670 946 est
689 886 786 964 atque
808 877 1001 966 Phrynicbi‚
1034 895 1136 964 neque
1166 874 1308 942 valetud

131 983 324 1071 aperiendam
351 984 525 1054 Atticorum
548 984 816 1052 consuetudinem
836 983 893 1049 sed
912 982 952 1050 ad
972 981 1172 1068 arguendum
1194 1001 1310 1068 aequa·

130 1087 200 1156 lium
223 1107 379 1157 errorem.
416 1089 534 1158 lisdem
560 1101 610 1158 est
632 1091 717 1156 ratio
740 1089 884 1156 omnium
911 1087 1139 1176 propemodum
1162 1089 1310 1156 ldoanmrs

130 1203 384 1282 praeceptorum,
410 1195 528 1282 quibus
551 1199 621 1264 sine
647 1196 710 1262 ulla
734 1196 909 1282 asperitate
932 1194 1124 1270 verborum,
1147 1195 1218 1261 siue
1237 1215 1310 1260 oon·

131 1303 203 1368 rieio
223 1311 280 1366 aut
298 1302 485 1388 opprobrio,
511 1302 610 1370 veluti
634 1304 753 1369 tacitus
772 1321 810 1368 ae
832 1311 914 1366 nutu
936 1299 1136 1387 popularium
1158 1302 1308 1400 vitiosarp

130 1405 386 1475 cousuetudinem
429 1410 573 1494 corrigit.
633 1408 686 1476 Sic
722 1407 806 1494 quod
841 1410 872 1472 in
910 1405 1020 1473 eadem
1056 1421 1129 1493 pag.
1167 1407 1306 1494 legitur:

131 1515 216 1600 inpegi
246 1517 417 1593 Ἀττικῶς,
450 1517 602 1597 ἀκροᾶται
632 1517 835 1589 Ἑλληνικῶς,
871 1513 982 1599 ecquis
1013 1512 1188 1578 crediderit
1223 1513 1309 1579 scri-

133 1627 214 1708 ptum
237 1639 306 1686 esse
329 1628 364 1686 ut
389 1619 527 1699 lormae,
559 1619 665 1707 qualis
688 1629 736 1686 est
760 1622 877 1704 ιἰκισᾷ,
910 1618 1179 1698 observarentur,
1208 1639 1249 1684 an
1275 1626 1311 1684 ιιι

133 1727 272 1792 uitiosum
296 1728 448 1806 σικισῖισιιι
475 1725 663 1792 notaretur?
710 1726 827 1792 llorrms
850 1727 1033 1811 caeterique
1057 1725 1204 1811 magistri
1230 1745 1310 1811 pau·

133 1828 159 1897 lo
179 1833 394 1919 antiquiores,
419 1832 507 1920 (nam
529 1832 654 1898 'leonas
674 1833 742 1918 ipse
766 1827 888 1916 indiget
912 1832 1085 1916 magistro,
1110 1832 1166 1917 qui
1191 1851 1225 1897 se
1244 1849 1310 1898 rne-

132 1933 203 2003 liora
232 1939 344 2005 doceat
368 1946 401 2003 et
424 1936 524 2004 nrulta
556 1938 665 2025 inepta
697 1936 863 2024 dedeceat)
888 1938 915 2002 si
941 1937 984 2003 ita
1016 1935 1166 2023 legentur
1198 1946 1234 2003 ut
1258 1957 1311 2002 co·

133 2054 308 2130 gnoscatur,
329 2043 449 2130 quibus
463 2045 494 2111 iu
509 2043 605 2110 rebus
617 2045 643 2110 ci
656 2043 772 2110 ιδιιῒνιιιι
786 2044 964 2130 impingere
977 2041 1100 2110 inerint
1112 2042 1210 2122 soliti,
1228 2061 1310 2129 quae

132 2150 204 2214 vitia
226 2149 384 2217 sermonis
408 2149 529 2216 luerint
553 2148 741 2237 pervulgata
765 2159 798 2216 et
822 2141 898 2215 binc
923 2149 955 2214 in
980 2149 1187 2236 antiquorum
1213 2147 1311 2214 libros

134 2254 267 2334 inrecta,
300 2257 467 2342 egregium
493 2275 587 2322 usum
614 2255 777 2322 habebunt
800 2254 840 2320 ad
868 2261 1014 2338 ueterum
1045 2255 1165 2341 scripta
1191 2256 1308 2341 passim

135 2361 289 2448 purganda
316 2361 355 2427 iis
379 2361 522 2440 mendis,
546 2381 629 2448 quae
650 2362 770 2428 saeculi
790 2362 939 2446 contagio
958 2359 1099 2427 affricuit
1122 2361 1309 2447 turpissima

134 2477 165 2534 et
185 2469 331 2556 plurima.
366 2468 529 2555 Perpauoa
550 2478 628 2534 sunt
649 2467 727 2533 vitia
747 2464 786 2533 de
806 2487 922 2552 magna
943 2467 1053 2553 copia,
1077 2485 1173 2552 quam
1194 2467 1311 2534 Morem

134 2576 320 2660 erprnmsit,
344 2592 427 2660 quae
451 2593 514 2639 uon
542 2592 636 2659 saepe
661 2574 691 2637 iu
717 2573 833 2660 optimi
856 2582 888 2639 et
913 2571 1129 2659 probatissimi
1152 2574 1310 2660 cuiusque

134 2680 291 2766 scriptoris
315 2681 441 2766 antiqui
467 2678 558 2745 libris
583 2689 758 2766 appareant
779 2688 810 2745 et
834 2679 1029 2765 aequissimo
1049 2679 1157 2746 animo
1177 2680 1217 2744 ab
1237 2678 1309 2746 Edi·

134 2784 248 2852 toribus
271 2795 304 2852 et
327 2785 457 2852 Crilicis
481 2784 637 2852 leuantur.
687 2785 723 2850 ln
749 2805 787 2850 eo
810 2783 898 2864 loco,
928 2785 960 2850 in
985 2804 1081 2871 quem
1106 2783 1240 2850 fortuito
1264 2787 1310 2850 iu·

134 2889 282 2968 cidimus,
315 2892 432 2958 llorere
461 2891 572 2956 ordine
605 2890 683 2956 baec
708 2890 836 2956 dicendi
861 2891 939 2956 vitia
968 2889 1104 2957 relutat:
1140 2889 1309 2966 donadeis

135 3015 186 3081 pru
206 2999 370 3075 ἀπηλάθη,
400 2999 647 3071 σιπιιλλιικτιιιῶς
678 2995 803 3080 ἔχοντες
831 3016 890 3083 pro
912 2995 1200 3075 ἀπσλλινξείιντες,
1231 2996 1310 3076 ἀγὲ·

135 3123 244 3180 τιισσιν,
268 3102 426 3188 ᾀδέτωσσιν
452 3111 483 3169 et
507 3103 624 3169 similia
646 3123 702 3190 pro
721 3101 878 3182 ἀγόντων,
903 3102 1035 3187 dicerer
1057 3111 1137 3180 cel..
1161 3105 1310 3184 depedace

136 3226 187 3294 pro
214 3211 328 3294 ὶκιιᾷ,
361 3209 572 3276 ἀπελεύσεται
609 3228 673 3296 pro
696 3206 840 3288 ἄπεισιν,
876 3210 998 3283 ἁλέσεις
1035 3229 1093 3296 pro
1125 3211 1214 3283 ἀλεῖς
1248 3219 1310 3278 cet.

137 3312 213 3381 llaec
245 3316 369 3391 omnia,
403 3331 600 3402 quamquam
637 3312 808 3382 manifesto
844 3323 921 3381 sunt
954 3317 1068 3382 vitiosa
1100 3326 1132 3381 et
1164 3317 1312 3402 aequiore

135 3427 229 3486 aetate
252 3421 337 3509 apud
363 3421 536 3489 Graeculos
569 3429 662 3501 nata,
697 3432 803 3488 tanuen
835 3430 978 3487 vetustos
1007 3421 1183 3508 scriptores
1206 3421 1312 3489 adhuc

137 3521 256 3611 impune
280 3527 468 3614 inquinant,
500 3527 560 3594 alia
585 3547 659 3592 raro
683 3535 714 3594 et
738 3528 769 3592 iu
797 3527 907 3614 paucis
930 3526 1044 3606 libris,
1076 3527 1137 3594 alia
1162 3525 1312 3613 frequen-

138 3630 214 3710 tius,
243 3632 304 3700 alia
336 3635 455 3720 passim
480 3633 513 3698 iu
537 3633 698 3699 omnibus.
748 3633 794 3700 lle
825 3653 890 3721 quo
920 3653 1038 3719 genere
1070 3643 1119 3700 est
1145 3635 1312 3713 σιγέτιισσιν

135 3741 167 3800 et
185 3737 382 3818 ertatem,
405 3757 486 3824 qaae
509 3741 539 3804 in
565 3739 659 3806 cuius
683 3739 852 3826 scriptoris
875 3739 969 3806 Attici
992 3738 1166 3806 codicibus
1185 3748 1218 3807 et
1237 3739 1314 3807 lidi·

138 3841 267 3911 tionibus
294 3865 356 3912 non
382 3843 554 3930 leguntur?
603 3846 734 3913 Constat
757 3844 893 3912 formam
919 3865 988 3912 esse
1011 3846 1213 3933 sequiorem,
1237 3847 1312 3915 Mo-

36 3963 38 3974 ’
139 3947 325 4029 redonicam·
349 3951 489 4019 editores
521 3971 583 4018 nou
615 3950 762 4017 audiunt.
810 3951 846 4017 lu
872 3953 976 4039 poetis
1001 3955 1095 4018 metri
1120 3954 1202 4019 ratio
1225 3965 1314 4022 arcet

140 4051 367 4136 soloecismum,
388 4057 469 4123 nulli
489 4065 662 4145 apparent;
682 4057 819 4123 caeteris
840 4078 901 4124 non
922 4067 973 4124 est
993 4056 1077 4124 idem
1099 4059 1314 4146 praesidium,

141 4162 271 4248 exempla
301 4162 471 4252 pullulant.
523 4161 682 4230 Similiter
712 4161 795 4249 quod
829 4163 943 4230 vitium
977 4165 1010 4229 iu
1040 4165 1165 4240 ιὶλέσειι
1197 4165 1314 4232 Moenus

143 4267 267 4345 notarit,
290 4271 365 4357 quia
389 4287 501 4336 omnes
526 4269 588 4333 iarn
614 4266 737 4334 dudum
763 4269 808 4334 itu
833 4279 1062 4356 peccaverant,
1092 4271 1200 4338 omuia
1224 4273 1314 4338 anti-

142 4387 266 4454 quorum
283 4378 406 4463 scripta
429 4373 550 4442 iniecit.
583 4373 702 4461 Nempe
721 4373 798 4441 olim
818 4374 961 4467 abierant
980 4376 1011 4441 in
1025 4374 1269 4444 desuetudinem
1282 4387 1316 4445 et

145 4472 174 4538 in
193 4475 259 4544 eolis
277 4480 431 4550 Veterum
453 4480 545 4549 libris
561 4480 757 4568 apparebant
779 4478 918 4560 iormae,
937 4501 1021 4570 quae
1037 4483 1219 4569 antiquitus
1231 4481 1317 4550 soloe
