3208 4972
806 343 877 416 lau

239 539 294 608 illo
317 538 433 606 Codice
456 543 557 614 esset,
582 537 703 604 trustra
728 547 834 605 essent
854 537 1047 626 quaesituri.
1099 536 1200 605 Verba
1220 541 1342 607 nummi
1368 540 1428 607 riri

240 645 318 712 haec
353 653 429 712 sunl
466 645 497 710 in
535 643 758 710 dissertatione
792 645 831 710 de
866 643 1001 710 Scioliir
1033 644 1068 708 in
1102 643 1275 712 Homerum
1305 647 1432 712 ineditis

241 774 270 838 p.
307 757 380 817 134.
414 749 469 815 ubi
499 749 624 816 Scholia
649 748 815 836 complura
839 759 1048 838 apposuerat,
1073 770 1211 837 quorum
1236 761 1350 818 auctor
1374 763 1431 820 Σε-

239 857 404 940 ναχειρίμ,
438 856 652 938 Σεναχῆριίμ,
686 857 885 938 Σεναχειρῆα
915 857 947 922 itt
973 856 1122 922 Leideusi
1147 857 1262 924 Codice
1286 857 1430 946 perhibe-

241 973 342 1030 retur.
375 961 573 1041 »Pervelim
610 963 733 1049 inquil.
763 971 798 1027 υι
825 962 897 1049 quis
927 983 977 1028 me
1009 961 1171 1049 quidpiam
1194 963 1233 1030 de
1255 964 1314 1029 isto
1337 963 1431 1030 Serno-

241 1070 359 1138 cloiribo
401 1070 606 1156 adcesserint,
649 1068 762 1155 quibos
795 1068 829 1134 ia
863 1068 928 1134 oris
962 1077 990 1133 ει
1024 1089 1085 1154 quo
1120 1070 1268 1154 temporis
1299 1069 1431 1136 articulo

240 1175 363 1242 sacerdo
397 1195 440 1240 xu
467 1197 508 1239 on
538 1194 594 1240 mu
624 1175 755 1250 vixerim
785 1173 839 1239 sed
869 1173 959 1240 credo
987 1173 1129 1260 equidem
1151 1173 1311 1263 plerisque
1334 1176 1431 1241 omni-

242 1283 316 1362 bus,
358 1282 421 1348 nisi
461 1282 488 1346 si
529 1282 584 1367 qui
624 1280 764 1346 Codioem
804 1280 966 1346 tractarint
1001 1279 1202 1358 Leidensern,
1241 1280 1430 1348 Grammati-

241 1409 312 1456 ccm
348 1388 473 1476 ponitur
518 1407 584 1454 esse
625 1387 837 1452 inauditum.’'
884 1385 984 1453 Nemo
1026 1385 1151 1466 adbuc,
1189 1387 1273 1474 quod
1307 1387 1427 1464 sciam,

242 1492 427 1582 respondit,
464 1512 537 1558 num
574 1491 659 1579 quod
695 1492 778 1580 apud
818 1493 972 1560 bcaasiun
1004 1501 1052 1560 est
1085 1493 1124 1560 de
1154 1491 1330 1560 Aristarchi
1366 1501 1429 1557 ιιυ-

241 1600 304 1666 diir
328 1597 504 1666 Horaericio
527 1619 557 1685 p.
582 1604 646 1678 37,
673 1597 773 1666 videri
794 1597 1023 1678 Hortibonom,
1050 1599 1079 1665 id
1099 1606 1149 1667 est
1162 1600 1376 1676 (insinuarunt,
1397 1598 1430 1663 in

243 1725 282 1772 eo
305 1705 433 1774 nomine
455 1703 643 1771 delitescere
663 1723 718 1790 per
741 1705 846 1770 iocum
868 1705 899 1770 iu
922 1704 1090 1772 Arabicam
1112 1703 1256 1790 linguam
1277 1722 1432 1771 conuerso

245 1810 355 1878 infelix
379 1821 428 1878 est
449 1811 634 1877 coniectura
655 1808 797 1876 ludentis
818 1811 849 1874 in
871 1829 906 1876 re
926 1811 1076 1876 omnibus
1097 1811 1223 1896 ignota,
1243 1820 1275 1877 at
1288 1812 1432 1897 inspecto

244 1915 358 1984 Codice
390 1915 543 1982 iocularis
567 1915 645 1982 baec
669 1917 776 2003 opinio
798 1924 868 1995 est,
895 1935 1033 2003 namque
1055 1915 1181 1983 duobus
1207 1915 1273 1983 lere
1296 1913 1431 1983 saeculis

244 2031 416 2109 antequam
447 2021 643 2089 casaubonus
667 2031 762 2088 natus
786 2031 835 2089 est
858 2022 935 2088 llaec
959 2025 1078 2110 scripto
1102 2042 1172 2090 esse
1194 2033 1336 2109 apparet.
1371 2020 1432 2088 Na-

246 2131 318 2196 titia
339 2128 440 2214 ignoti
460 2128 671 2194 Grammatici
691 2147 708 2194 ε
730 2125 847 2194 (lodice
869 2127 1048 2195 Florentino
1062 2127 1140 2196 baec
1153 2127 1270 2215 prodit.
1294 2129 1432 2195 llrcuasu

245 2235 429 2301 Seusamora
467 2236 644 2320 imperante
679 2233 841 2301 Turononn
879 2234 961 2300 noui
995 2235 1120 2302 bruscam
1152 2234 1205 2324 (ab
1235 2255 1320 2301 anno
1346 2237 1431 2300 1235

244 2341 283 2407 aul
318 2345 415 2427 1259)
449 2339 582 2406 Nicaeae
613 2337 723 2406 docuit
757 2337 951 2408 rhetoricam
980 2351 1012 2408 ει
1036 2343 1159 2428 potsin.
1207 2341 1265 2407 Est
1288 2342 1373 2408 enim
1398 2341 1432 2405 in

245 2444 363 2514 Codice
388 2445 461 2512 lolio
495 2449 536 2512 10
567 2464 649 2512 vers.
699 2444 859 2530 Epistola,
884 2465 980 2532 quam
1006 2447 1186 2534 imperator
1209 2446 1249 2514 ad
1276 2445 1433 2514 Prolesso·

244 2573 313 2619 rem
334 2551 441 2630 dedit,
466 2571 566 2639 quum
587 2552 617 2617 ei
638 2549 720 2616 lilios
736 2553 766 2616 in
786 2551 989 2638 disciplinam
1005 2555 1197 2620 remitteret.
1227 2551 1433 2620 inscribitur:

243 2664 297 2726 τοῦ
340 2657 523 2742 σοφωτάτου
560 2657 718 2738 βασιλέως
752 2661 839 2740 κυροῦ
876 2659 1026 2741 Θεοδώρου
1060 2663 1167 2726 Δουιιοῖ
1202 2664 1256 2726 τοῦ
1290 2657 1434 2740 Λασκοιρι

243 2763 333 2848 ἑτέρα
376 2766 502 2840 ἐπιτελῆ
546 2769 710 2848 γραφεῖσα
745 2765 817 2847 πρὸς
851 2766 921 2840 τοὺς
958 2766 1043 2832 κατα
1078 2767 1214 2833 Νίκαιαν
1248 2765 1433 2845 ἐλλογίμους

243 2870 448 2946 διδασκάλους
479 2877 535 2945 τῆς
563 2872 717 2952 ίῆτορικῆς
750 2895 785 2936 τε
817 2871 904 2954 παροδ
934 2873 1023 2951 μέρος
1047 2873 1099 2939 καί
1124 2883 1179 2949 τῆς
1203 2881 1360 2948 ποιητικῆς
1383 2871 1435 2937 τὸν

244 2977 446 3060 Σιναχῆρείμ
476 2980 558 3056 κῦριν
587 2977 727 3057 Μιχαῆλ
755 2977 808 3043 καί
841 2977 893 3044 τὸν
924 2983 1004 3058 κῦριν
1036 2979 1221 3062 ’Λνδρίνικον
1251 2980 1303 3045 τδν
1327 2987 1433 3059 Φραγ-

244 3083 395 3163 γίπουλον
426 3075 476 3146 ὅτι
505 3078 540 3157 ἐξ
566 3082 667 3148 αὐτῶν
689 3082 761 3164 πρὸς
784 3084 879 3149 αὐτὸν
901 3085 1029 3161 οίνῆλίον
1051 3087 1077 3152 oi
1101 3086 1229 3164 παῖδες,
1252 3084 1435 3169 ἐτράφησαν

244 3189 276 3256 δι
307 3189 381 3269 παρ’
415 3187 511 3252 αὐτοῦ
542 3186 593 3252 διοὶ
625 3190 754 3255 πλείονα
782 3189 915 3269 adanon
942 3191 1040 3258 ποίλιν
1064 3193 1105 3266 τίς
1129 3193 1184 3269 τῆν
1207 3193 1335 3273 σχολῆν.
1383 3191 1434 3256 ln·

244 3295 325 3381 cipit
348 3290 488 3379 Epistola
515 3292 547 3358 in
580 3291 666 3359 bunc
692 3293 838 3362 modum:
865 3296 961 3364 οὐδὲν
985 3295 1084 3378 ἕτερον
1105 3299 1161 3375 τῆν
1183 3303 1236 3365 τοῦ
1260 3301 1433 3381 φυτουργοῦ

243 3401 399 3484 εὐφραίνει
434 3399 542 3481 dexio
575 3398 592 3475 ῆ
623 3399 658 3465 τὸ
691 3399 761 3483 ίρίὶν
792 3402 843 3468 τὸν
874 3403 979 3470 einrico
1008 3410 1145 3483 λειμῶνα
1165 3403 1376 3483 attrectando
1398 3427 1434 3470 τε

244 3507 296 3574 και
321 3505 487 3572 θάλλοντα.
511 3503 626 3572 deinde
650 3516 722 3594 post
747 3508 865 3574 multas
885 3508 1038 3595 ambages
1056 3518 1089 3575 et
1110 3508 1231 3576 lastidii
1251 3519 1284 3576 et
1298 3527 1434 3575 nauseae

245 3611 371 3700 plenam
397 3612 641 3699 loquaoilalenr:
666 3611 806 3696 ἓιυροίκειν
830 3615 894 3696 γὰρ
919 3615 979 3694 ipio
1003 3615 1062 3682 nuel
1086 3611 1135 3690 οὓς
1159 3617 1194 3681 ἐκ
1213 3623 1269 3691 τῆς
1289 3615 1365 3694 ἐμῆς
1384 3637 1433 3680 τι·

244 3721 343 3797 irione
377 3729 496 3800 σχολῆς
528 3719 558 3784 ἐν
586 3729 626 3802 τῆ
666 3720 807 3786 Νικαέων
840 3722 857 3798 ῆ
889 3719 1034 3796 νικοποιίς
1065 3745 1125 3800 μου
1155 3721 1206 3788 riv
1230 3719 1322 3800 λίνον
1345 3719 1435 3792 πόλις

244 3826 406 3906 tandeim
430 3825 481 3890 καί
508 3824 758 3904 ῆγαλλιασοίριῆν
779 3828 819 3900 cic
840 3825 1036 3909 Φυτουργίς,
1061 3825 1177 3894 deiude
1197 3847 1231 3894 se
1252 3827 1433 3893 litterarum

246 3931 353 3997 studia
379 3949 555 4016 numquam
583 3929 746 4016 negligere
771 3930 934 4019 praedicat
958 3953 1155 4020 quamquam
1179 3933 1316 4020 negotiis
1336 3931 1434 4020 pluri·

246 4037 310 4105 mis
333 4034 518 4102 districtum
544 4045 576 4102 ει
595 4037 776 4104 exercitum
797 4041 887 4106 curis
907 4038 959 4105 διὰ
978 4040 1038 4114 τὰς
1060 4039 1121 4106 τινα
1137 4038 1223 4107 καίτοι
1239 4037 1436 4121 περιπετείας

245 4144 374 4220 τοίοισι,
410 4139 556 4224 μοίχαις,
592 4141 768 4223 ἐκτίσεσιν,
803 4144 1018 4223 οίντιςοίτοσιν,
1053 4155 1124 4219 ταῖς
1159 4151 1218 4211 τῶν
1254 4144 1436 4226 coenoman

246 4252 277 4317 δὲ
308 4248 482 4329 danielem,
511 4253 584 4320 ταῖς
614 4255 673 4315 τῶν
700 4250 919 4333 οίπῳκισμίνων
954 4251 1167 4334 καταδρομαῖς
1202 4251 1255 4318 καί
1283 4259 1349 4324 τοῖς
1376 4249 1435 4318 ίίλ-

246 4374 328 4434 λοις,
359 4350 402 4429 τίς
434 4353 470 4430 δῆ
502 4356 597 4430 ῆτοῦ
621 4361 715 4422 κοινοῦ
740 4358 916 4440 τυντῆρῆσις
942 4361 1026 4437 iuria
1050 4357 1221 4437 ίπιβαίνειν
1245 4354 1433 4439 ἠνάγκαζεν.

248 4460 390 4530 Tandem
411 4468 483 4548 post
504 4479 601 4528 navas
620 4459 772 4550 ambages
792 4462 968 4550 Epistulam
985 4463 1030 4532 ita
1051 4461 1234 4544 concludit,
1260 4471 1297 4532 ut
1310 4471 1437 4530 utrom-
