3204 4978
726 347 792 418 am

165 553 199 612 et
222 539 493 631 quemadmodum
523 540 558 607 νδ
587 544 632 622 μή
663 546 765 614 καλῶς
791 540 896 621 λέγειν
925 546 958 612 οὐ
982 543 1072 625 μόνον
1101 547 1143 621 εἰς
1167 547 1244 612 αὐτὸ
1266 553 1357 616 τοῦτο

168 647 355 730 πλημμελὲς
384 647 472 715 ἀλλὰ
500 646 553 714 καὶ
584 644 679 714 κακήν
708 670 739 712 τι
770 648 895 727 ἐμποιεῖ
922 659 992 726 ταῖς
1018 657 1141 734 ψυχαῖς
1168 654 1218 741 (ut
1241 656 1358 720 rectis·

167 757 249 822 sime
274 754 423 822 Socrates
449 752 627 819 moriturus
655 751 735 818 dicit
768 753 801 818 in
838 753 1158 844 praeacceptis.
1184 757 1223 848 ε.)
1249 759 1296 826 sic
1319 781 1358 827 cx
1460 785 1462 790 ¹

168 860 308 930 absurdo
331 861 389 926 hoc
414 859 543 925 nomine
577 858 716 926 absurda
743 862 830 928 notio
855 861 887 926 in
911 882 1084 948 puerorum
1109 864 1227 930 animis
1251 865 1358 931 nasci·

167 977 243 1048 tur,
267 985 364 1055 qnam
387 964 487 1032 adniti
511 963 654 1051 plerique
673 966 889 1033 retinuerunt.
936 967 1128 1055 Magistcilis
1144 969 1204 1038 hcc
1229 979 1359 1058 ternpus

168 1072 349 1164 appellatur
372 1073 443 1152 μετ’
467 1072 572 1151 ὀλίγον
590 1070 732 1150 μέλλων,
756 1071 841 1159 quod
867 1080 1034 1142 verterunt
1058 1073 1159 1142 Paula
1180 1085 1249 1164 post
1268 1081 1356 1166 partr-

167 1202 257 1258 rnm,
287 1198 387 1265 ecque
417 1177 546 1243 nomine
579 1196 753 1264 puerorum
786 1197 881 1246 aures
913 1189 1103 1266 personant,
1132 1190 1245 1270 estque
1278 1180 1357 1250 haec

169 1288 285 1354 riticsa
311 1286 489 1368 κατήχησις
509 1290 567 1349 τῶν
587 1280 798 1352 artasium.
835 1285 977 1373 dpertns
997 1305 1088 1352 error
1111 1297 1179 1368 est,
1201 1289 1236 1354 in
1262 1308 1358 1376 quem

168 1393 250 1460 satis
267 1401 317 1458 est
341 1389 517 1462 intendisse
537 1389 675 1476 digitum
700 1398 733 1456 et
757 1409 795 1455 ex
816 1385 879 1477 quc
901 1411 966 1457 ιιιιο
986 1392 1121 1480 intelligi
1143 1397 1357 1486 potestqu‘am

171 1497 328 1587 praeciari
340 1496 489 1583 magistri
502 1496 694 1566 Graecitatis
702 1493 841 1574 inerint,
855 1495 939 1567 unde
952 1497 1150 1566 haecomnia
1163 1499 1358 1588 accepimus.

171 1606 207 1672 in
232 1602 382 1693 pericctis
403 1601 594 1689 quibusdam
615 1602 739 1668 activae
759 1599 880 1670 formae
897 1602 1007 1670 eadem
1032 1604 1179 1692 analogia
1202 1606 1361 1693 conspici·

171 1721 241 1780 tur:
266 1708 364 1788 ἕςηκα
387 1719 419 1775 ct
446 1708 577 1785 τέθνηκα
602 1707 826 1795 producuntur
849 1709 881 1776 in
906 1707 1004 1787 ἐεήξο
1028 1710 1361 1802 ε1σε1νήξο,,(οριιι1

171 1818 336 1906 scquinres
352 1813 500 1896 ἑεήξομοι
520 1823 552 1881 et
572 1812 771 1892 τεθνήξομαι,
796 1813 914 1900 quibus
938 1814 1049 1882 inrrnis
1077 1839 1251 1906 numquam
1275 1826 1362 1885 rete·

171 1944 224 1992 rcs
260 1924 310 2006 usi
359 1923 460 2010 sunt).
515 1919 673 2012 Similiter
713 1919 798 2007 apud
832 1920 982 1989 Ηοοιιιεοιι
1018 1922 1196 2011 perfectum
1232 1921 1361 2004 ἄνογα,

172 2030 306 2114 ἄνωχθι,
333 2027 428 2098 habet
461 2026 609 2095 iuturum
643 2026 746 2105 διώξω
779 2047 817 2094 ex
846 2047 880 2094 se
910 2037 1043 2110 natum,
1069 2041 1102 2098 ct
1129 2031 1214 2118 apud
1239 2032 1362 2098 Atticos

172 2137 315 2219 κέκραγα
351 2133 540 2217 κεκράξομαι
577 2141 610 2200 et
649 2135 820 2214 κέκλαγγα
857 2134 1085 2216 κεκλάγξομαι.
1133 2137 1201 2204 Νοιι
1233 2137 1364 2206 aliunde

172 2251 285 2310 natum
310 2250 359 2309 est
381 2239 470 2318 εἶξον,
494 2240 610 2306 similis
632 2261 702 2316 ero,
737 2259 832 2326 quam
865 2259 903 2306 ex
935 2239 1018 2308 ἔοικα
1043 2241 1187 2332 (εἰκέναι,
1213 2243 1362 2333 εἴξασιν),

171 2360 204 2418 et
234 2348 358 2428 εἵσομαι
382 2367 478 2434 quarn
503 2367 541 2414 ex
564 2342 636 2414 οἶδα
661 2345 813 2437 (didam
844 2367 882 2413 ex
906 2347 1018 2414 eadem
1043 2346 1147 2415 torma
1173 2349 1363 2437 producitur

172 2455 290 2532 εἰδήσο.
312 2453 349 2519 In
371 2454 507 2520 cacteris
528 2451 677 2519 omnibns
700 2452 878 2541 periphrasi
903 2452 1076 2520 utendum:
1102 2455 1148 2522 sic
1167 2454 1363 2538 γεγάμηκα,

170 2581 302 2628 tumorem
338 2559 453 2637 liabeo,
485 2557 634 2626 futurum
668 2558 763 2625 haltai
785 2563 978 2640 γεγαμηκὼς
1002 2557 1129 2640 ἔσομαι,
1153 2560 1210 2628 sed
1233 2559 1361 2643 ἔγημα,

171 2667 252 2733 duni
273 2687 405 2733 uxorem
433 2667 529 2751 (quae
560 2685 647 2732 nunc
680 2673 808 2732 mortua
841 2665 920 2754 est),
953 2665 1049 2732 dabui
1077 2687 1226 2745 ιιοοιοιιι,
1257 2666 1361 2735 futuri

172 2773 329 2860 temporis
354 2772 516 2838 notionem
539 2791 600 2836 nnn
625 2769 780 2838 admittit.
816 2770 928 2858 ltaque
949 2771 1070 2852 εἰρηκὼς
1094 2771 1205 2852 ἔσομαι
1224 2772 1363 2855 dicitur,

172 2879 263 2945 εὶσΐον
298 2875 408 2958 ἔσομαι
447 2876 623 2944 absurdum
662 2861 722 2945 est.
779 2877 871 2964 dpud
910 2876 1065 2946 Lucrinum
1097 2877 1216 2965 tegitur
1251 2885 1288 2958 7,
1323 2884 1363 2947 14

173 2984 284 3064 ἔσομαι
319 2984 493 3062 πεπονθώς,
526 2985 587 3060 10,
622 2987 685 3063 29,
722 2993 734 3048 1
771 2980 825 3065 dap
853 2985 1036 3056 πεπλευκώς
1076 2988 1136 3063 10,
1169 2989 1231 3062 23,
1266 2983 1364 3070 5drp

174 3090 386 3168 circumcicis,
422 3094 478 3168 12,
510 3094 550 3155 12
583 3097 616 3156 et
646 3094 688 3156 22
717 3087 770 3172 ἕση
804 3089 1017 3163 inundamur.
1052 3092 1112 3167 41,
1141 3094 1181 3156 10
1206 3093 1363 3167 νενικηκὸς

174 3196 261 3274 ἔςαι,
294 3201 357 3275 49,
392 3201 430 3262 17
461 3194 514 3281 ἔση
545 3196 729 3281 ὠφεληκώς,
764 3201 822 3273 71),
855 3201 874 3261 5
906 3193 958 3279 ἔση
986 3195 1199 3276 ἀποδεδωκώς,
1231 3201 1294 3277 70,
1318 3201 1362 3265 23
1471 3211 1480 3220 ‘

174 3301 227 3387 ἕση
250 3305 436 3379 πεποιηκώς,
470 3306 532 3381 78,
557 3306 596 3368 ut
630 3299 683 3385 ἔση
710 3301 905 3381 πεπονηκώς,
936 3311 969 3368 et
999 3299 1109 3368 eodem
1135 3300 1229 3368 modo
1252 3323 1364 3370 omncs

176 3409 289 3477 Graeci
309 3408 497 3494 saepissime
518 3406 713 3496 loquuntur,
734 3408 833 3474 etiarn
855 3409 888 3473 in
908 3407 1062 3494 passivis,
1087 3407 1163 3495 quia
1182 3429 1244 3475 nnn
1262 3409 1364 3477 multa

176 3515 272 3582 rerba
293 3512 412 3580 habent
435 3533 473 3580 ex
496 3513 637 3602 perfecto
659 3516 785 3602 passivo
807 3511 996 3601 productam
1017 3511 1282 3582 intnriinrmam.
1309 3515 1363 3583 Sic

174 3621 296 3708 iegitur
327 3624 384 3697 at,
419 3623 460 3688 ut
491 3619 737 3700 βεβουλευμένοι
769 3618 823 3703 ἔοη
854 3623 968 3696 etta,
1001 3623 1043 3686 29
1069 3617 1122 3701 dap
1144 3619 1363 3700 πεποιημέναι

175 3727 231 3794 καί
264 3749 315 3803 μοι
347 3724 449 3803 δείξας
484 3729 563 3793 adad
595 3727 702 3802 ἔντελή
737 3724 791 3809 dap
823 3725 878 3801 σήν
921 3727 1100 3806 περιήγησιν
1141 3726 1362 3808 πεποιημένος,

178 3831 232 3898 ubi
264 3829 386 3899 sciceca
417 3831 512 3899 lectio
543 3841 591 3898 est
615 3830 736 3899 codicis
757 3831 798 3898 Μ.
820 3830 1034 3912 ποιησάμενος.
1083 3833 1232 3900 Peccavit
1256 3831 1364 3900 Lucra·
1493 3882 1495 3886 .

174 3956 231 4004 nus
254 3936 322 4023 ipsc
355 3942 414 4015 10,
447 3941 490 4005 68
523 3939 556 4005 in
588 3939 686 4012 ἐοικὼς
711 3935 765 4020 ἔοη
788 3957 846 4024 pro
869 3937 978 4017 εἴξεις,
1014 3946 1051 4005 ut
1081 3937 1242 4016 diximus,
1273 3941 1363 4006 etin

175 4044 260 4116 :truc
284 4041 337 4126 ἔση
362 4045 395 4110 in
415 4049 477 4122 60,
502 4047 563 4120 tt,
589 4051 625 4111 ut
650 4043 693 4110 ibi
717 4043 874 4111 dicemus,
922 4042 1066 4112 Subinde
1091 4045 1155 4111 iam
1181 4046 1364 4114 notavimus

175 4151 345 4219 Atticistas
375 4150 465 4218 abuti
499 4147 716 4238 perfectorum
747 4147 883 4230 tuturis,
915 4149 971 4218 uhi
1001 4152 1219 4237 praesentium
1244 4150 1366 4221 tuturis

176 4262 275 4324 osset'
293 4254 469 4335 utendum,
505 4263 541 4324 ui
573 4257 605 4323 in
645 4255 811 4336 δεδήσομαι
844 4275 901 4344 pro
936 4257 1119 4335 δεδήσομαι,
1156 4255 1364 4326 δεδικάσονται

169 4371 237 4451 'pro
256 4364 510 4442 δικασήήσονσαι,
529 4361 602 4430 aiiis
623 4361 746 4429 multis.
785 4363 930 4449 Tragicis
950 4361 1009 4429 hcc
1030 4363 1082 4429 ius
1101 4371 1150 4429 est
1170 4362 1295 4445 facere,
1309 4366 1365 4452 qui

176 4469 378 4556 μεμνήσομαι
398 4469 690 4558 premeditatum
710 4467 875 4538 dicebant:
896 4469 1000 4537 Eunrr.
1022 4467 1130 4538 Medea
1150 4473 1215 4538 999
1237 4469 1379 4559 (quam--

1191 4577 1221 4623 ει
