3204 4978
690 381 812 500 ‘att

172 575 231 646 οῐον
252 580 288 645 τὸ
312 559 472 648 ἵπτατο
487 579 540 646 καὶ
564 580 599 645 τὸ
622 577 914 657 ἀπαντώμενος
933 575 987 644 καὶ
1008 576 1044 643 τθ
1067 577 1281 652 καθεσθεὶς
1302 575 1368 642 atat

172 685 337 762 μετοικικθι
359 693 415 760 τῆς
439 684 605 761 'clavator
627 690 741 766 φονῆι.
765 689 799 750 ct
823 684 855 750 in
882 683 941 763 iis,
966 702 1055 770 quae
1069 681 1109 748 de
1134 683 1267 752 Socaars
1288 702 1367 770 quo-

173 790 246 858 dam
268 791 472 858 soloecismos
494 789 616 856 urbane
635 796 792 874 arguente
809 790 929 875 scripta
952 796 1028 856 sunt
1043 793 1105 864 76,
1120 795 1151 857 7.
1172 788 1367 858 ἵπτασθαι

172 898 204 966 δέ
223 898 274 964 ἐπὶ
297 903 350 966 τοῦ
383 896 576 964 πέτεσθαι
611 903 734 962 πολλῶν
757 895 928 974 λεγόντοιν·
959 892 1006 962 ὅτι
1036 895 1092 974 μέν
1117 896 1181 962 ἀπὸ
1205 904 1261 972 τοῖς
1285 896 1364 972 πτή-

172 1028 248 1078 σεως
271 1003 307 1072 τέ
337 1001 432 1081 ὄνομα
464 1008 573 1085 σαφῶς
597 1002 697 1081 ἴσμεν.
747 1002 842 1068 Peius
866 1002 963 1068 ctiam
990 1010 1037 1068 est
1063 1004 1366 1088 carminumque

171 1111 326 1178 Luctantur
351 1107 474 1175 videbis
508 1116 650 1174 utentem
683 1113 745 1186 51,
774 1113 806 1176 6.
840 1106 1110 1189 ὑπερπετασθέντα
1140 1109 1176 1176 τὸ
1207 1108 1280 1192 θροι.
1327 1107 1363 1173 ln

174 1222 236 1296 47,
261 1221 315 1284 35.
335 1235 392 1303 pru
413 1213 579 1293 πετόμενον
598 1213 736 1301 pessime
756 1214 789 1280 in
815 1215 841 1280 Α
865 1222 914 1280 esi
934 1215 1106 1294 ποτώμεναι
1129 1235 1167 1280 cx
1187 1214 1310 1301 Eplcis¹
1332 1221 1364 1278 el

172 1327 213 1402 9,
243 1327 301 1401 15,
328 1327 359 1390 θ.
387 1319 531 1408 plerique
557 1318 630 1384 libri
651 1319 909 1402 παραπεσιθμενοι
932 1319 1083 1388 exhibent
1103 1340 1160 1407 pro
1184 1317 1363 1402 παραπετθ·

171 1453 276 1510 μενοι,
301 1435 334 1495 el
357 1431 418 1505 12,
444 1431 498 1494 22.
524 1445 580 1512 pru
608 1426 851 1508 περιπετομένας
875 1427 908 1492 in
930 1426 956 1493 B
975 1433 1024 1493 est
1053 1425 1305 1509 περιπετομένας
1329 1433 1363 1492 el

173 1541 211 1613 5,,
239 1539 292 1600 21.
324 1531 588 1615 προσπετομένην,
613 1532 645 1598 in
675 1535 711 1598 l.
736 1531 1009 1615 προτπετοιμένιιν,
1033 1541 1067 1599 et
1093 1538 1151 1612 12,
1177 1536 1241 1611 22,
1263 1550 1361 1619 quam

171 1639 308 1708 formam
332 1641 484 1708 Lucrmus
505 1642 573 1725 ipse
599 1637 681 1704 ridet
702 1643 763 1716 60,
778 1642 836 1716 29,
856 1646 889 1705 et
901 1639 1030 1727 saepius
1042 1638 1129 1706 alibi.
1162 1638 1197 1706 ln
1221 1656 1364 1725 unoquo·

171 1767 235 1833 que
255 1748 413 1833 scriptore
440 1746 545 1812 Attico
570 1743 717 1812 videmus
742 1744 893 1811 librarios
911 1744 1022 1812 codem
1045 1744 1139 1812 modo
1161 1745 1268 1810 omnia
1294 1763 1363 1831 per·

172 1851 315 1920 turbare.
362 1853 496 1939 Antiqui
514 1851 588 1918 libri
613 1853 798 1938 etantiqua
824 1849 986 1918 scribendi
1008 1852 1085 1918 uitia
1103 1871 1197 1939 saepe
1219 1858 1362 1918 nostram

173 1959 330 2026 rationem
352 1957 561 2035 construtam,
585 1975 647 2045 qua
669 1965 782 2034 στῆναι
807 1966 841 2024 ot
862 1956 1001 2025 πτασθαι
1026 1957 1172 2044 Tragiois
1191 1965 1268 2024 suot
1288 1975 1364 2045 pro·

173 2067 265 2154 pria,
286 2065 417 2132 πτθοθαι
444 2063 595 2131 omnibus
614 2066 671 2152 qui
693 2063 876 2152 popularem
891 2084 1072 2137 sermonem
1092 2073 1124 2130 et
1138 2062 1362 2151 quotidianum
1381 2061 1389 2081 '

172 2171 300 2240 dicendi
326 2191 420 2238 usum
442 2181 640 2259 scquomur,
659 2172 806 2238 πέτεσθαι
826 2171 975 2238 omnibus
994 2172 1111 2238 Atticis
1128 2169 1231 2236 solum
1254 2169 1287 2234 in
1301 2185 1364 2234 usu

172 2286 242 2359 esi,
273 2286 305 2344 et
333 2278 498 2358 πέταμαι,
532 2276 690 2358 ἵσταμαι,
722 2277 914 2357 έπετοὶσθιρν,
941 2277 1072 2367 (quilius
1104 2277 1175 2344 faex
1209 2275 1365 2342 Graeciae

172 2385 318 2452 trinae-a
338 2383 478 2460 eddidit,
505 2383 569 2460 uid.
595 2384 667 2452 Lea.
686 2382 725 2449 ad
746 2384 863 2452 Panno.
889 2405 919 2471 p.
934 2385 1012 2472 582)
1033 2403 1070 2450 ex
1096 2381 1241 2470 antiquis
1262 2380 1362 2448 omoi-

173 2491 233 2558 bus
257 2489 367 2557 sedulo
397 2497 473 2558 sunt
504 2489 734 2577 airstergeuda,
766 2491 799 2557 in
831 2489 1034 2578 sequioribus
1060 2490 1153 2576 paulo
1178 2485 1364 2554 melioribus

170 2617 234 2664 non
257 2597 428 2667 sinecertu
451 2595 610 2683 praesidio
632 2595 816 2673 retinenda.
837 2598 957 2663 caeteri
974 2596 1148 2683 loquantur
1166 2593 1251 2682 quod
1264 2591 1363 2660 lubet.

218 2701 337 2769 Eadem
364 2703 558 2790 negligentia
583 2704 615 2770 ia
634 2701 813 2770 formarum
834 2711 980 2770 veterum
1001 2702 1127 2770 deiectu
1148 2699 1234 2789 apud
1252 2700 1362 2766 lucra·

170 2809 403 2875 concernitur
435 2810 467 2874 in
503 2808 598 2874 aerbo
623 2808 767 2890 ἔρχομαι.
817 2807 968 2884 Veteres.
994 2818 1150 2896 utsupra
1175 2806 1363 2895 diligentius

170 2913 391 2992 ostendimus,
424 2913 575 2980 dicebant
607 2913 756 2997 ἔρχομαι,
788 2913 842 2982 sed
869 2915 909 2998 θα
942 2915 1045 3002 (brevi
1071 2899 1141 3002 post
1164 2922 1269 2982 aetate
1296 2915 1361 2980 lis·

172 3039 279 3088 uanam
304 3019 377 3106 ᾔειν)
405 3040 465 3085 non
487 3020 645 3104 ἦρχθμνν,
677 3029 710 3088 et
728 3017 793 3101 εἶμι
820 3041 881 3088 uon
911 3020 1102 3102 ἐλεύσομαι,
1126 3019 1241 3087 deiude
1273 3016 1361 3097 lnior

170 3134 202 3194 et
227 3127 364 3203 θοιιὶλνθα
384 3134 416 3192 et
437 3128 468 3193 in
490 3127 631 3214 simplici
646 3126 741 3192 verbo
757 3137 789 3193 et
811 3129 843 3192 iu
865 3128 1051 3214 compositis
1070 3127 1232 3194 omnibus.
1266 3127 1361 3194 Prae·

169 3241 258 3300 terea
281 3252 375 3298 nemo
393 3231 486 3313 έρχον
510 3231 636 3298 dicebat
664 3244 720 3300 aut
747 3233 905 3316 οὶτέρχον,
929 3233 1118 3318 προσέρχει,
1143 3233 1282 3318 εἰσέρχεο
1306 3233 1360 3301 sed

171 3347 360 3406 constanter
391 3357 503 3404 omncs
533 3337 589 3414 ἴθι,
619 3337 727 3418 ἄπιθι,
759 3339 890 3422 πρθσιθι,
926 3339 1032 3419 εἴσιθι,
1061 3348 1094 3406 et
1126 3339 1236 3408 eodem
1270 3339 1364 3406 modo

171 3445 265 3526 lotor,
298 3445 350 3523 irc,
389 3446 484 3522 ἰέναι,
522 3445 586 3524 ἰών,
627 3465 803 3533 numquam
841 3443 1005 3528 ἐρχόμενοι
1040 3453 1097 3512 aul
1130 3441 1275 3528 ἔρχεσθαι
1306 3456 1363 3514 atti

170 3552 347 3638 quidquam
387 3549 583 3618 huiusmodi.
635 3551 746 3639 ltaque
774 3551 870 3628 ἱέναι,
903 3549 1035 3630 ἐξιέναι,
1071 3551 1210 3618 κατιέναι
1246 3550 1364 3621 liabent

172 3675 230 3744 pro
263 3677 297 3722 re
322 3656 479 3723 nuta'aut
504 3659 682 3744 praesentis
707 3658 862 3744 temporis
886 3667 941 3729 aut
965 3655 1069 3723 futuri
1092 3657 1362 3744 significationem

172 3770 204 3829 et
236 3781 347 3840 usum,
377 3764 475 3830 sicuti
501 3772 532 3830 et
566 3763 773 3852 participium
808 3763 913 3844 ἔξιθι,
946 3763 1062 3840 ιθπιιθν,
1094 3763 1226 3842 κατιών,
1251 3765 1366 3849 παριιθν

171 3877 255 3936 caet.
282 3888 338 3954 pro
356 3870 475 3958 quilius
497 3869 647 3954 Graeculi
665 3871 781 3936 ἰδιῶται
802 3869 954 3938 dicebant
971 3868 1168 3951 ἐξερχόμενοι
1190 3878 1222 3936 et
1246 3870 1365 3951 ἕξειιειο·

171 3975 297 4055 σθμενκ
333 3983 365 4041 et
402 3976 554 4043 similiter
583 3977 614 4041 in
648 3977 784 4043 caeteris
815 3974 855 4042 ad
889 3995 990 4043 unum
1026 3976 1187 4043 omuibus.
1234 3977 1364 4046 Eruditi

170 4083 342 4150 Atticistae
366 4083 555 4168 saepissime
578 4083 622 4148 ita
644 4081 875 4168 loquebantur,
901 4092 937 4149 ut
953 4080 1038 4168 apud
1063 4091 1187 4150 veteres
1206 4085 1364 4171 scriptum

171 4186 335 4274 legerant,
355 4186 410 4254 sed
429 4187 504 4274 quia
531 4207 592 4254 non
615 4189 744 4255 nativus
765 4190 805 4253 lis
827 4188 879 4254 liic
898 4208 977 4256 usus
996 4196 1067 4254 erat
1085 4196 1119 4254 ct
1140 4189 1278 4256 maxima
1292 4211 1368 4278 pars

171 4293 280 4382 populi
300 4294 395 4360 aliter
415 4293 537 4362 solebat
562 4292 686 4366 dicere.
712 4302 828 4362 natura
849 4293 1030 4362 doctrinam
1054 4295 1202 4363 vincebat
1225 4306 1258 4364 et
1280 4296 1368 4364 dela·

171 4400 331 4467 hebautur
356 4398 532 4467 identidem
554 4399 593 4466 ad
619 4399 784 4485 vulgarem
806 4421 903 4468 usum
918 4399 1121 4489 popularium
1135 4405 1295 4484 omnium,
1313 4405 1371 4490 qui

173 4526 235 4574 non
253 4503 346 4586 docte
369 4505 456 4574 κονιθι
480 4505 532 4572 τὸν
558 4506 690 4589 ἀρχαῖον
710 4507 844 4586 κανθνα,
867 4507 923 4576 sed
946 4507 1100 4585 ἰδιωτικῶς
1125 4509 1211 4576 iuter
1234 4527 1269 4576 se
1292 4527 1370 4576 coo·
