3178 4972
679 378 726 448 59

113 586 166 635 ono
187 578 261 638 ante
286 591 414 638 omnes:
448 572 662 640 necessariam
697 571 964 659 praepositionem
996 569 1078 657 sigla
1111 591 1172 636 non
1202 568 1296 636 intel-

115 671 190 743 lecta
214 677 358 744 sustulit.

152 781 255 870 llpist.
283 789 338 851 tt.
364 785 581 864 ἐμπίπλαταιε
605 805 623 852 e
649 783 880 852 Graeculorum
906 803 966 849 usu
989 790 1022 849 et
1044 802 1153 849 errore
1177 783 1295 870 passim

114 887 240 978 irrepsit
264 911 321 978 pro
345 893 479 977 antiqua
503 890 603 956 forma
631 892 872 971 ἐμπίμπλαται.

152 995 255 1082 tlpisr.
283 1003 337 1066 ²5.
364 1000 406 1072 είς
442 997 519 1068 aisn:
544 997 645 1064 Attice
674 995 779 1066 ύτυδε.
805 1035 848 1048 -
871 993 893 1062 ύ
916 995 1032 1075 Νύμιε;
1058 994 1155 1061 scrib.
1182 995 1294 1074 Νομίε.

111 1103 226 1186 passim
259 1105 306 1169 sio
329 1105 434 1170 errari
458 1103 567 1182 video,
595 1114 629 1170 ut
654 1104 685 1168 in
712 1104 862 1185 Στρατίος
886 1110 918 1168 et
942 1101 1113 1168 similibus.
1137 1139 1181 1152 -
1205 1105 1301 1184 ἀργεῖ

112 1207 207 1288 ἡγοῖτ
235 1208 351 1276 melius
374 1208 480 1291 ύργύο.
494 1248 534 1259 -
549 1210 722 1291 χηρεύουσα
745 1215 804 1274 τύν
827 1207 1050 1287 ἒμπονούντωνι
1078 1208 1220 1290 χηρεύειν
1244 1229 1297 1275 sa·

113 1313 149 1377 lis
171 1313 295 1381 insulsa
320 1315 448 1381 llonnao
469 1313 649 1381 sublecturu
673 1324 732 1381 est.
762 1314 819 1380 Od.
844 1337 865 1380 ι.
898 1318 969 1379 123.

263 1425 339 1488 ἀλλ’
363 1423 416 1501 ἥγ’
439 1420 598 1504 ἄσπαρτος
622 1422 675 1487 καὶ
696 1421 838 1502 οὶνιὶροτος
864 1422 976 1500 ἤματα
999 1419 1107 1486 πούντα

264 1527 376 1611 ἀνδρῶν
398 1527 539 1609 χηρεύει,
562 1524 671 1608 βόσκει
697 1526 728 1594 δέ
751 1551 787 1592 τε
814 1526 959 1606 μηκοίδαρ
984 1521 1104 1606 αἶγας,

110 1641 202 1700 ποιεῖν
224 1642 333 1701 autern
361 1654 419 1721 pro
441 1633 625 1716 ἐργάζεσθαι
650 1632 690 1699 ab
714 1633 900 1720 aequalibus
924 1633 1053 1699 sumsit.

149 1737 252 1826 ltpisr.
272 1742 326 1806 26.
346 1740 571 1822 annitentem
593 1739 719 1824 corrige
738 1737 924 1821 οἱπούεμένιρ.
941 1777 986 1789 -
1003 1741 1042 1810 rie
1059 1738 1134 1817 ὁμοῦ
1147 1775 1191 1791 ·-
1203 1762 1296 1821 προσ·

110 1849 260 1926 νΦλιῑσαιε
287 1845 355 1929 lege
378 1843 446 1910 ύσύ
470 1854 502 1913 et
525 1849 722 1928 προσοφλεῖν.

149 1949 250 2037 Epist.
278 1955 331 2017 27.
355 1953 398 2025 εἰς
421 1952 637 2034 τούργαςιὶριον
660 1951 849 2031 καίημίνηνε
876 1949 962 2016 nullo
983 1949 1129 2037 exemplo
1149 1959 1181 2017 et
1206 1949 1294 2016 nullo

109 2073 200 2122 sensu
223 2057 303 2124 boec
328 2056 497 2134 dicuntur,
522 2057 657 2124 dixisset
678 2057 875 2123 Atheniensis
897 2057 947 2122 ἐπ’
971 2057 1138 2136 οἰκήματος
1158 2056 1292 2136 καίημέ·

109 2185 165 2237 υιν.
193 2166 210 2247 §
234 2167 266 2230 2.
292 2165 352 2243 ἐγὼ
378 2203 420 2215 -
444 2188 479 2228 σε
502 2165 562 2238 τοὶς
594 2167 716 2246 καχρύρ
749 2163 798 2229 ἐπὶ
829 2169 888 2228 τῶν
920 2164 1023 2244 alypon
1047 2162 1179 2246 φρύγειν
1202 2164 1294 2228 dvc·

109 2268 243 2334 τείσυι
269 2268 462 2357 perdidisset
484 2289 636 2357 operam,
668 2266 785 2348 eredo,
820 2288 923 2353 neque
947 2267 1006 2333 hoe
1032 2269 1214 2345 nesciebat,
1240 2267 1295 2334 sed

109 2375 276 2453 ύναγκοίσυ
307 2376 449 2462 scripsit.
479 2413 523 2426 -
551 2371 581 2442 οί
600 2381 702 2443 κακῶν
733 2375 851 2451 ταυτην
871 2375 1042 2450 ἒνέτεισαςο
1070 2374 1165 2442 Attici
1194 2374 1295 2442 ἔνεκύ·

108 2495 204 2556 λίπος.

149 2587 251 2674 Epist.
279 2591 334 2652 28.
368 2587 588 2666 συγκαθεύδειν
617 2587 704 2666 μετὰ
737 2591 806 2652 coc:
844 2606 956 2653 revoca
987 2587 1031 2654 σοί
1065 2587 1293 2666 συγκαθεύδειν.

109 2694 180 2775 §5-
204 2673 341 2761 sebbi:
370 2693 446 2758 baec
470 2694 588 2759 scribis
610 2691 758 2778 placent,
787 2691 913 2758 Graecis
935 2693 988 2774 ἐφ’
1012 2693 1065 2759 ἑνί.

150 2795 250 2882 Epist.
278 2802 332 2864 29.
359 2799 537 2878 ηπιςοίμηντ
563 2798 645 2864 adde
670 2797 737 2877 μέν.
761 2835 806 2848 -
830 2818 887 2885 pro
908 2793 984 2864 εἶναι
1004 2807 1128 2864 veteres
1148 2796 1231 2864 ύντα.
1253 2836 1292 2846 -

108 2903 390 2984 ιίδικομαχοῑινταεε
416 2925 528 2970 sertim
552 2913 600 2970 est
625 2902 884 2984 διαμαχοῦνται.
910 2907 975 2989 §2
995 2906 1164 2980 κινήσας
1188 2903 1293 2976 δίκαιε

110 3009 212 3074 nescio
235 3008 321 3076 unde
345 3007 403 3075 boe
428 3011 604 3097 arripuerit
631 3030 687 3096 pro
710 3006 932 3076 είπύν.-ίτι
955 3033 1006 3089 μοι
1029 3009 1199 3084 πολλάκιιι
1224 3007 1295 3075 dele

109 3137 176 3194 μοι,
199 3135 371 3182 commune
395 3114 545 3182 omnibus
568 3113 722 3201 estquod
745 3125 976 3182 commemorat
998 3115 1146 3204 quodque
1166 3135 1294 3205 prover·

110 3217 158 3284 bio
180 3218 348 3288 dicebatur
369 3219 539 3304 πράγματ’
563 3223 598 3304 ἐξ
619 3219 788 3302 ἀπραξίας.

152 3324 253 3412 Epist.
273 3330 329 3394 30.
353 3328 448 3409 ἀργὸν
467 3328 499 3394 δὲ
524 3324 708 3407 καθίζειν
732 3327 855 3402 ύνειδορε
879 3325 973 3394 Attici
990 3327 1147 3402 καύῆσύαι.
1164 3367 1205 3380 -
1219 3352 1294 3410 παρ·

110 3428 227 3508 ιιιοίξαρ
251 3433 287 3497 τί
311 3431 420 3514 ύύριονε
447 3433 595 3519 magistri
618 3433 734 3498 docent
758 3430 908 3514 παροίξας
928 3433 1065 3499 Atticum
1090 3453 1176 3508 esse;
1198 3433 1294 3500 Puer·

112 3555 211 3604 srcaus
246 3538 378 3605 Benarni
411 3559 441 3625 p.
466 3544 529 3617 60,
564 3542 618 3604 tc.
651 3536 872 3630 παρειργμίνης
903 3546 959 3614 τῆς
988 3539 1096 3619 ίύρατε
1131 3539 1156 3604 ol
1179 3539 1295 3605 ἰδιῶται

112 3644 375 3727 παραιτουμένοις.
409 3645 517 3724 ὁμοίως
541 3643 677 3727 παροίξει
702 3647 757 3720 την
783 3643 882 3726 ύύραν.
930 3644 1098 3730 Conspirat
1122 3643 1238 3710 Morare
1262 3664 1293 3712 ν.

113 3749 276 3832 κομίξαι,
301 3770 331 3836 p.
356 3755 433 3818 tlt.
459 3755 476 3836 §
502 3755 534 3818 3.
560 3789 604 3803 -·-
628 3750 750 3832 λύχνοι
778 3769 840 3816 non
865 3752 971 3836 potuit
994 3748 1156 3816 infelicius
1180 3769 1294 3815 nornen

115 3871 222 3938 ponere
246 3875 304 3941 pro
327 3855 428 3936 μέρος.

154 3959 254 4047 Epist.
275 3965 330 4028 51.
351 3963 412 4046 52,
434 3960 503 4028 dele
520 3965 572 4028 νῦν
590 3969 623 4028 et
641 3959 745 4027 scribe
765 3961 859 4027 τύκεῖ
875 3969 1080 4040 μυςαγυγεῑν
1098 3981 1155 4046 pro
1167 3961 1295 4028 κύκεῒύι.

153 4064 253 4152 Epist.
278 4069 330 4132 52.
363 4065 458 4142 ούδείρ
481 4069 524 4148 τῷ
556 4066 655 4150 μέτρῳ
678 4066 713 4133 τὸ
746 4066 842 4132 πίνειν
874 4063 999 4148 lenm:
1032 4067 1087 4152 qui
1111 4065 1297 4132 inhibendo

114 4171 232 4240 modum
256 4181 358 4239 servm
381 4171 502 4238 dicitur
521 4173 621 4256 μέτρῳ
645 4173 739 4239 πίνειν
758 4180 790 4238 et
807 4173 935 4259 saepius
953 4191 1010 4260 pro
1027 4171 1156 4254 μετρίας
1177 4171 1296 4238 dieitur

114 4275 221 4360 μέτρῳ,
255 4297 316 4344 non
342 4279 384 4360 τῷ
408 4279 520 4361 μίτρην.
569 4276 697 4366 Repone
729 4277 831 4364 igitur
861 4279 895 4344 πο
919 4275 1019 4362 μέτρῳ
1050 4278 1167 4358 πίνειν,
1201 4287 1238 4344 ut
1264 4279 1296 4346 in

115 4389 183 4447 noto
205 4383 333 4450 oraculo
