3136 4966
802 334 871 404 580

246 550 302 615 pro
336 530 382 607 ll,
419 538 451 594 ut
484 531 568 616 apud
601 531 773 596 Homerum
806 527 979 608 δινρνδάκν,
1010 529 1148 607 lection,
1180 505 1354 610 ξεινοδόκοι,
1385 532 1413 598 in

245 635 350 700 Attica
381 634 569 716 πανδακεάς,
602 635 774 719 δωροδόκος,
805 632 993 711 namnidon,
1024 635 1208 714 μνςιδάκις,
1240 635 1364 711 inclinor
1387 645 1416 704 et

243 740 346 804 sicin
372 743 507 807 caeteris
531 740 569 807 ad
597 762 696 808 unum
722 739 881 807 omnibus.
918 739 1004 826 llrgo
1029 751 1057 807 et
1084 740 1235 819 ξεναδάκος
1258 753 1417 810 constanter

246 845 396 912 dicebant
418 856 450 916 et
473 846 627 924 ξεννδακάα
651 856 684 914 et
709 848 881 926 ξενιδικεῑν.
918 845 953 912 ln
979 849 1164 934 conrpositis
1190 846 1276 913 verbi
1296 848 1417 930 δέχομαι

245 951 371 1018 literam
403 953 430 1018 X
463 953 607 1020 derivata
639 952 775 1029 habent,
807 951 967 1034 άναδιχά,
992 953 1151 1034 incingi,
1176 953 1332 1034 διάδοχος,
1354 957 1418 1022 tiae·

246 1059 322 1138 δνχή
346 1067 428 1126 caet.
452 1058 507 1126 sed
533 1080 592 1126 non
615 1067 691 1124 sunt
714 1059 791 1124 baec
812 1057 965 1123 vocabula
984 1060 1111 1146 antiqua
1125 1057 1310 1127 admodum.
1334 1061 1418 1128 urae·

246 1165 392 1231 culorum
423 1166 564 1242 συνήθεια
594 1163 634 1230 ad
666 1163 780 1229 borum
806 1163 983 1248 analogiam
1009 1185 1046 1231 ex
1071 1165 1233 1230 ueteribus
1259 1165 1418 1244 nonnulla,

246 1290 328 1358 quae
352 1279 488 1338 aetatem
513 1272 670 1348 tulerant,
697 1268 882 1355 retingebat.
908 1268 990 1349 Quia
1015 1270 1074 1357 ipsi
1098 1269 1420 1354 dicebantrirrclcgsis

239 1384 278 1445 ei
310 1377 486 1460 ὑαιδαχεῖαν
519 1379 688 1462 antiquum
720 1376 889 1449 stationario
917 1384 948 1442 et
972 1377 1148 1442 πανδοκεῖον
1170 1375 1211 1442 ad
1237 1375 1362 1442 illorum
1384 1378 1421 1440 si·

245 1481 460 1548 militudinem
493 1490 695 1570 praepostere
719 1480 957 1548 convertebant.
992 1481 1075 1562 Quia
1098 1482 1159 1569 ipsi
1184 1481 1334 1548 dicebant
1355 1481 1421 1548 άνά·

243 1589 353 1674 inger,
385 1587 548 1670 διάδοχος,
583 1587 706 1669 ἔκδνχνς
731 1595 807 1653 cett.
832 1597 925 1652 uetus
949 1587 1099 1665 ξεκιδάιιας
1123 1585 1186 1652 illis
1210 1587 1421 1654 accommoda·

245 1703 324 1760 runt
353 1703 385 1760 ct
408 1696 455 1760 sic
478 1693 658 1776 ξειιδάχας,
683 1692 843 1773 ξενιδιχία
866 1702 897 1760 et
922 1691 1091 1773 ξενιδιχεῖν
1116 1703 1190 1758 nata
1216 1702 1305 1762 sarrit.
1327 1694 1421 1759 ‘bicc-

246 1799 298 1865 bat
335 1800 375 1864 iis
410 1798 495 1885 loqui
532 1799 615 1886 quod
653 1799 785 1866 vellent:
820 1797 875 1864 sed
911 1818 973 1864 ιιοιι
1009 1799 1126 1865 licebat
1162 1800 1192 1864 in
1229 1799 1423 1887 antiquitatis

244 1907 463 1970 monumentis
484 1905 585 1972 deleta
607 1915 713 1972 uetere
737 1905 897 1991 scriptura
924 1905 1080 1970 noviciam
1107 1903 1326 1982 substituere,
1348 1903 1423 1992 quod

244 2030 344 2096 quum
367 2010 577 2076 nibilominus
601 2011 780 2078 sexcenties
803 2009 951 2089 iecerint,
979 2019 1124 2076 nostrum
1149 2018 1197 2076 cst
1221 2011 1357 2077 istorum
1382 2013 1423 2076 in·

244 2115 355 2180 doctae
386 2116 603 2202 impudentiae
636 2119 683 2182 ire
715 2116 860 2194 obviam,
894 2124 926 2182 et
957 2113 1042 2201 quod
1068 2117 1151 2182 iuter
1175 2137 1289 2183 omnes
1314 2116 1426 2204 liquido

244 2229 367 2287 constet
389 2223 494 2288 solum
517 2243 586 2290 csse
612 2221 745 2311 probum
770 2229 802 2287 et
823 2222 1001 2306 genuinum
1026 2221 1058 2285 iu
1083 2221 1188 2290 lucem
1215 2229 1426 2300 revocarem

246 2327 476 2394 homunciones
505 2329 595 2394 nihili
623 2349 696 2394 curn
725 2328 792 2392 suis
815 2327 904 2392 vitiis
925 2325 1112 2412 mendisque
1132 2329 1293 2396 facessere
1315 2331 1424 2396 iubere.

169 2489 171 2496 ,
244 2432 431 2500 Editoribus
460 2433 555 2500 aliter
578 2436 694 2500 uisum.
719 2429 934 2499 liircbbossius
960 2433 992 2496 in
1016 2432 1167 2500 secundis
1191 2435 1339 2520 personis
1362 2453 1426 2501 ucr-

243 2538 357 2604 borum
390 2539 589 2626 passivorum
615 2539 735 2605 immas
758 2535 977 2604 Macedonicas
1001 2538 1033 2603 in
1060 2563 1095 2620 -p
1117 2549 1273 2606 exeuntes
1298 2562 1353 2627 pro
1375 2549 1425 2604 -et

244 2642 354 2710 sedulo
377 2665 488 2710 onmes
513 2646 658 2711 retinuit.
695 2644 808 2712 llelius
828 2644 860 2709 in
881 2642 941 2720 bac
963 2663 998 2709 re
1020 2642 1220 2723 llindoriius,
1246 2647 1303 2714 sed
1326 2654 1427 2733 peccat

243 2749 326 2816 idem
363 2753 394 2814 in
420 2749 501 2816 aliis.
541 2751 668 2818 Satisne
693 2759 817 2816 cornstat
844 2751 914 2814 vivo
938 2747 1092 2836 Euripide
1117 2750 1253 2816 verbum
1279 2750 1354 2818 εἶναι
1377 2750 1426 2817 ba-

245 2854 318 2922 bere
350 2853 574 2942 imperfectum
609 2856 626 2934 ri
658 2866 733 2922 ante
767 2861 1015 2934 consonantem,
1049 2875 1109 2920 non
1135 2853 1189 2931 inl
1226 2858 1378 2934 Constat,
1400 2865 1427 2922 ct

243 2981 336 3054 nomn
370 2960 484 3027 melius
516 2961 547 3028 id
577 2965 665 3028 uouit
689 2981 785 3049 quam
812 2959 1005 3027 llindorlius.
1040 2962 1213 3029 Certuume
1238 2973 1291 3030 est
1313 2963 1427 3046 δνριδι·

243 3077 306 3135 κεῖν
340 3078 371 3132 et
402 3065 565 3144 ξενιδακεῑν
596 3076 784 3135 constanter
809 3065 1022 3132 Athenienses
1045 3065 1185 3134 dixisse?
1224 3068 1361 3136 Certum
1384 3075 1428 3136 est

244 3172 340 3260 idque
371 3171 535 3238 Dindorfio
570 3174 701 3260 perinde
734 3183 844 3238 notum
877 3191 915 3236 ac
949 3170 1039 3237 mibi.
1082 3171 1149 3238 Cur
1182 3174 1286 3260 igitur
1318 3173 1428 3241 immas

243 3281 376 3345 vitiosas
408 3277 463 3342 diu
497 3287 569 3365 post
600 3277 787 3364 Euripidem
822 3283 986 3342 mortuum
1019 3279 1204 3362 sequiormn
1240 3279 1427 3366 negligentia

243 3394 336 3451 natas
360 3383 406 3449 illi
430 3383 576 3451 obtrudit
597 3381 813 3450 invitissimo?

289 3493 404 3558 lilinum
439 3498 488 3558 est
517 3490 600 3578 quod
634 3493 665 3554 in
699 3491 804 3556 Attico
838 3487 934 3555 uerbo
960 3487 1128 3569 inscietati
1154 3509 1213 3556 usu
1239 3493 1339 3557 uenit.
1375 3491 1428 3555 Per

242 3599 365 3687 aliquot
386 3600 513 3669 saccula
537 3618 597 3663 usu
610 3605 763 3663 cesserat:
789 3597 944 3677 χρήματα
957 3593 1135 3674 λαμβάνειν
1147 3615 1260 3663 omnes
1274 3596 1427 3664 dicebant.

242 3707 363 3790 Deinde
399 3714 562 3776 recoctum
596 3711 645 3769 cst
676 3711 708 3768 et
737 3685 873 3766 sormam
905 3698 1035 3787 quidem
1069 3701 1240 3786 pristinam
1275 3701 1427 3776 seruauit,

242 3812 298 3880 sed
328 3813 520 3900 significatio
551 3811 584 3874 in
616 3807 816 3874 norrtrarium
842 3805 966 3872 detorta
991 3815 1039 3872 cst
1064 3815 1215 3893 notatque
1236 3826 1429 3895 corrumpere

241 3919 428 4005 largitione,
461 3938 522 3985 non
550 3915 725 4000 corrumpi,
764 3920 798 3977 ut
822 3911 916 3986 olim;
933 3919 990 3984 „cst
1020 3900 1178 3992 χρήματα
1207 3911 1344 3992 διδάναι,
1373 3929 1428 3978 non

240 4025 431 4107 λαμβάνειν.
467 4025 555 4106 Quae
575 4021 650 4088 hinc
672 4039 750 4086 nova
772 4018 927 4084 librorum
951 4014 1038 4084 labes
1058 4019 1219 4084 exstiterit
1241 4019 1283 4084 ad
1303 4017 1427 4086 denobi-

242 4153 314 4204 uem
338 4130 550 4200 ostendimus
591 4127 648 4194 Ubi
676 4146 791 4191 novum
817 4124 985 4206 δωροδοκεῖν
1005 4143 1061 4210 pro
1082 4124 1266 4207 διαφάειριιν
1288 4125 1338 4192 inl
1359 4121 1428 4205 xri·

241 4262 321 4317 μασι
346 4244 443 4324 caput
467 4233 598 4312 extulit,
625 4233 730 4298 onnnis
753 4231 879 4315 antiqui
904 4229 993 4296 verbi
1018 4228 1155 4311 δεκάζειν
1180 4229 1264 4296 idern
1291 4229 1367 4295 olim
1391 4227 1427 4292 si·

241 4341 426 4427 gniiloautis
460 4338 669 4423 intelligentia
705 4339 848 4403 extincta
883 4344 943 4401 est.
992 4333 1104 4419 ltaque
1135 4335 1237 4402 sicubi
1271 4332 1428 4404 sententia

240 4447 378 4528 δεκάζειν
410 4445 456 4510 uel
483 4444 663 4526 δεκάζεσθαι
688 4441 844 4530 postulat,
875 4440 946 4506 libri
973 4439 1148 4506 absurdum
1175 4437 1309 4520 δικάζειν
1332 4448 1365 4505 et
1386 4439 1427 4503 δι-
