3086 4974
835 377 909 452 474

273 575 411 644 caeteris
434 571 560 642 dicendi
587 572 724 640 ratioet
750 592 849 654 usus,
875 575 952 662 quia
976 575 1136 642 sententia
1161 581 1209 641 est
1236 571 1449 652 hieronimi

275 701 338 748 nou
363 683 401 753 ule
425 679 558 755 ἀνόητοι.

320 786 405 852 llaec
430 784 589 851 haduide
617 783 709 851 libris
732 784 771 851 de
801 785 997 853 Divinatione
1021 806 1103 875 quae
1124 785 1281 855 dicerem.
1330 785 1450 872 Reliqua

163 883 168 893 ’
275 893 307 958 in
328 889 416 957 aliud
436 899 564 979 tempus
582 909 736 978 seponere
757 891 860 970 malo,
879 913 1017 980 namque
1039 894 1071 960 in
1094 892 1263 961 Graeciam
1287 893 1451 980 remigrare

274 999 404 1064 animus
426 1008 495 1080 est,
522 998 576 1064 ulti
602 997 692 1084 prius
717 1016 835 1084 paucos
859 999 1015 1086 quosdam
1041 999 1206 1066 Ciceronis
1229 1000 1315 1068 locos
1342 998 1452 1066 indica·

275 1123 365 1183 uero,
391 1103 444 1172 ulri
468 1104 552 1191 quod
577 1125 595 1170 a
619 1103 773 1172 Cicerone
796 1105 877 1171 scite
899 1113 932 1171 et
954 1103 1058 1191 lepide
1081 1115 1114 1173 et
1138 1105 1260 1173 urbane
1291 1113 1377 1174 esset
1398 1103 1453 1171 dic·

276 1219 345 1278 tuno
371 1208 580 1298 interpolator
604 1208 721 1296 aliquis
745 1209 845 1278 stulto
868 1209 1059 1280 ernlnlemate
1082 1211 1345 1279 commacularit.

322 1321 365 1384 dc
390 1317 532 1404 primum
557 1314 686 1404 qnidenr
714 1315 835 1402 inspice
860 1316 939 1384 milri
963 1315 1132 1403 epistolam
1157 1317 1198 1385 ad
1224 1319 1370 1387 Atticum
1384 1316 1453 1384 llll.

280 1431 329 1492 13.
356 1427 373 1511 §
396 1427 429 1492 6.
479 1423 657 1510 Proponant
683 1420 789 1488 locum
814 1420 1034 1490 additamento
1059 1423 1233 1492 liberatum
1259 1423 1377 1492 deinde
1399 1421 1454 1489 nul·

275 1539 383 1618 getam
413 1529 608 1616 scripturam
634 1547 708 1596 cum
734 1527 787 1596 illa
810 1528 905 1597 velim
930 1549 1108 1619 compares.
1157 1531 1269 1598 Cicero
1294 1532 1397 1618 igitur
1417 1531 1452 1594 ita

275 1637 422 1724 scripsit:
448 1673 493 1686 —
511 1636 556 1701 itu
576 1634 766 1722 pernicioso,
786 1644 821 1702 ut
843 1657 1079 1724 nonnumquam
1105 1637 1219 1704 Caesar
1241 1635 1454 1704 desiderandus

274 1740 571 1809 escendentem-
592 1740 675 1818 Quor
697 1739 781 1808 enim
809 1739 923 1808 Guoeor
945 1761 1116 1828 numquam
1140 1763 1239 1830 neque
1264 1744 1392 1831 sociaret
1413 1761 1454 1806 ne·

274 1870 334 1936 pue
361 1868 474 1934 ponnus
506 1856 585 1913 esset
620 1868 656 1912 ec
686 1867 768 1913 nunc
796 1867 837 1914 ec
873 1847 941 1914 eius
978 1848 1217 1915 Commentariis
1248 1854 1453 1938 proferuntur.

277 1953 375 2020 Hodie
403 1952 523 2040 legitur
545 1973 587 2018 en
617 1950 708 2020 lalcis
738 1953 806 2020 eiua
839 1952 1095 2034 Commentariis,
1128 1954 1239 2022 Cicero
1270 1973 1334 2022 non
1361 1955 1454 2022 minus

275 2058 516 2146 significanter,
542 2057 596 2128 eod
621 2056 723 2128 multo
746 2057 926 2145 elegantius
953 2057 1171 2147 urbaniusque
1195 2060 1278 2129 idem
1304 2061 1436 2129 dixerat.

322 2165 449 2234 llaciam
481 2159 565 2234 idem
601 2165 633 2232 in
665 2164 790 2234 duobus
821 2164 1060 2232 Porcdoaorum
1083 2164 1182 2247 locis,
1208 2175 1243 2234 ut
1268 2169 1453 2256 scripturam

275 2272 435 2340 sinceram
459 2270 666 2358 praemittam
699 2289 838 2357 euinque
867 2290 903 2338 aa
930 2271 1155 2358 interpolatam
1180 2292 1385 2361 componam.
1427 2276 1453 2336 In

275 2377 392 2446 Purud.
419 2377 454 2443 V.
481 2380 498 2462 §
525 2383 568 2444 55
593 2377 788 2464 scripserat:
816 2375 968 2444 teotonis
991 2377 1097 2445 tubulo
1117 2389 1147 2445 te
1170 2379 1330 2468 stupidum
1354 2379 1454 2456 detinet

273 2495 328 2551 cut
346 2485 473 2572 riporum
488 2483 616 2572 oiipuod
631 2481 797 2568 Polycleti.
808 2519 848 2534 ·-
865 2483 999 2550 -Nonue
1020 2484 1123 2570 igitur
1141 2493 1219 2552 sunt
1236 2487 1297 2552 ista
1312 2479 1452 2553 testiva't

274 2589 374 2656 Sunt:
398 2613 472 2657 nom
496 2611 552 2656 nos
575 2610 696 2676 quoque
719 2587 823 2656 oculor
842 2574 1003 2658 iubemur.
1043 2589 1130 2656 Scin’
1157 2590 1235 2677 quid
1259 2591 1357 2677 vulgo
1382 2591 1454 2675 tens·

271 2696 348 2764 turi
394 2697 462 2762 Sint
487 2717 543 2784 pro
567 2705 656 2774 aunt,
682 2706 713 2761 ct
746 2716 802 2760 nos
833 2716 954 2782 quoquo
984 2696 1089 2762 ocarloo
1121 2717 1266 2764 scontros
1297 2697 1453 2763 luctemur.

273 2802 412 2870 llcccine
436 2809 472 2870 ut
496 2801 535 2870 de
558 2821 593 2870 se
616 2801 800 2878 dixeritis,
825 2802 919 2894 cuins
940 2812 1014 2868 nota
1031 2809 1081 2870 est
1101 2805 1135 2869 in
1155 2803 1215 2872 hoc
1232 2823 1353 2890 genere
1377 2803 1453 2870 iesti-

274 2909 406 2976 uissima
440 2908 588 2991 cipuoriul
626 2907 666 2974 m
703 2909 823 2990 puerulo
863 2907 915 2975 ille
949 2907 1093 2976 urbanus
1127 2911 1201 2977 talia
1234 2929 1297 2996 non
1329 2908 1452 2977 terebat

272 3013 428 3083 llicehant
456 3033 568 3082 nomm
597 3013 711 3080 dolere
742 3021 879 3082 autnon
904 3014 1034 3094 indere,
1059 3037 1168 3084 onorem
1192 3015 1306 3082 indere
1329 3025 1362 3084 ct
1387 3015 1450 3083 sim.

271 3129 304 3188 et
327 3128 399 3190 erat
422 3119 607 3190 hominibus
629 3119 880 3206 elegantioribus
901 3122 992 3192 satis.
1038 3121 1195 3189 llartialis
1219 3126 1243 3190 Ι.
1266 3129 1320 3190 tr.
1351 3127 1401 3190 18.

338 3232 340 3236 ’
497 3248 558 3294 uon
580 3227 761 3314 cuicumque
782 3226 889 3294 dotum
912 3237 957 3292 est
976 3227 1090 3295 indere
1113 3249 1238 3297 norum.

272 3341 313 3506 etl
330 3331 475 3402 Lucilius
498 3331 582 3421 apud
605 3332 745 3402 Nonium
768 3352 800 3420 p.
822 3334 899 3402 etc.
932 3331 1035 3400 Noetu
1057 3334 1235 3402 moemlini.
1261 3332 1374 3400 Noutn'
1400 3333 1452 3398 Lu·

96 3473 100 3482 ·
223 3483 226 3492 ·
270 3457 386 3512 corus:
896 3461 902 3471 ·

535 3545 637 3624 -Oueia
661 3545 744 3614 ortuli
768 3565 829 3613 non
852 3555 925 3614 eunt
947 3568 1046 3635 neque
1068 3569 1193 3617 norum.

272 3661 307 3721 ui
330 3651 444 3723 Graeci
467 3651 533 3720 οὔτ’
555 3651 738 3737 ὀφθαλμοὺς
762 3651 887 3737 ἔχοντας’
912 3653 984 3722 odae
1006 3657 1083 3738 troo.
1265 3645 1268 3650 ’

316 3761 361 3828 lle
384 3757 494 3828 eodem
523 3778 640 3848 genere
668 3767 718 3828 est
743 3759 948 3847 interpolatio
978 3761 1011 3826 in
1044 3759 1161 3828 Porod.
1192 3764 1243 3827 VI.
1270 3762 1287 3846 §
1316 3765 1369 3828 te.
1404 3757 1452 3824 Sin

269 3877 374 3934 cutem
392 3865 721 3954 propteruuiditotom
741 3867 892 3953 pecuniae
915 3866 1041 3933 neritum
1068 3876 1230 3954 quaestum
1259 3876 1382 3952 turpem
1400 3884 1452 3953 pu·

270 3982 338 4052 toa;
358 4007 404 4023 -
422 3972 450 4038 ai
468 3973 566 4040 sorim
588 3972 723 4062 spolior,
747 3973 905 4040 cerarium
923 3973 1069 4060 capilus,
1094 3974 1122 4040 ai
1147 3959 1329 4040 tutamento
1349 3971 1451 4038 onita

268 4099 343 4145 rum
364 4088 541 4166 coopertos,
562 4089 616 4166 uut
631 4102 675 4172 ne
698 4090 860 4166 suspector
874 4079 1019 4168 quidem,
1039 4079 1116 4147 hoec
1143 4089 1250 4145 utrum
1273 4075 1451 4146 obtendentis

268 4208 310 4254 oo
333 4185 451 4274 epentis
473 4187 565 4275 eipso
594 4187 691 4254 nnat
726 4186 812 4254 llaec
835 4195 883 4253 eet
912 4206 964 4254 me
996 4185 1102 4254 iudice
1133 4184 1297 4252 Ciceronis
1331 4201 1448 4251 manus.

269 4293 362 4360 Nunc
391 4293 438 4360 sio
463 4291 595 4379 legitur:
619 4331 664 4344 -
682 4302 857 4379 exspertus,
880 4301 934 4359 cut
958 4313 997 4359 ne
1019 4302 1179 4380 respector
1202 4291 1343 4380 pau'dem.
1365 4304 1451 4364 trouu

269 4421 334 4468 arse
366 4419 517 4467 sonrnms.
569 4397 648 4468 Vide
679 4409 837 4487 quantum
872 4399 1017 4466 intersit:
1055 4397 1144 4464 aliud
1185 4407 1235 4468 est
1270 4395 1392 4464 urbane
1423 4397 1449 4457 et

270 4511 366 4574 acute
388 4503 529 4574 obiicere
552 4505 686 4574 inimico
709 4504 833 4592 aliquid
858 4503 954 4572 neltrti
980 4502 1220 4583 subridentem,
1245 4502 1333 4572 aliud
1355 4500 1450 4569 odioso
