3150 4972
816 335 863 406 92

250 541 322 608 tur,
346 532 504 599 Rutenos
522 531 744 612 κατηγορήσειν
762 529 801 596 ἂν
820 529 892 612 δοκῇ
912 529 1050 616 recepit,
1070 548 1181 596 omncs
1201 535 1310 596 errant
1327 533 1360 594 et
1373 547 1441 594 cer-

250 646 313 704 tam
337 638 487 726 loquendi
507 636 609 723 legem
634 637 763 702 violant.
801 636 868 702 Non
890 645 939 702 cst
958 633 1097 702 difficilis
1118 636 1203 722 optio
1225 641 1256 701 tn
1278 632 1345 710 his,
1366 634 1441 721 qnia
1553 729 1554 734 γ

249 743 333 809 δοκεῖ
351 763 482 830 prorsus
510 751 556 810 cst
591 743 809 810 necessarium
831 753 863 808 ct
884 743 1017 829 perinde
1035 751 1085 808 est
1099 751 1208 808 utrum
1221 742 1443 824 κατηγορήσειν
1553 805 1554 838 3

249 869 289 914 an
315 859 526 931 κοοτηγσρήσοιι
550 847 589 914 ἄν
611 850 791 916 scribatur:
818 851 848 913 in
871 849 989 915 tatibus
1009 847 1047 914 civ
1067 847 1107 913 ad
1128 848 1324 914 infinitivum
1346 845 1443 914 ceier-
1551 908 1554 918 .

250 964 326 1034 tor,
350 965 383 1020 at
405 956 527 1022 librarii
551 954 592 1020 ad
619 955 750 1021 verbnm
774 955 899 1020 finitum
922 954 1066 1020 referunt
1087 953 1183 1040 idque
1203 974 1262 1020 suo
1281 953 1442 1022 arbitratu

249 1082 287 1128 ex
314 1061 487 1127 indicativo
512 1069 567 1126 aut
590 1061 620 1127 in
644 1061 885 1126 coniunctivum
910 1071 967 1126 aut
988 1060 1085 1148 (qnod
1106 1061 1208 1126 mutto
1225 1069 1274 1126 est
1292 1056 1443 1145 frequen·
1554 1123 1555 1161 3

251 1168 327 1256 tius)
350 1169 383 1232 in
408 1167 586 1254 optativum
615 1175 754 1233 mutant.
792 1167 826 1233 in
849 1169 1067 1232 dnrsronnams
1091 1166 1198 1253 Vespis
1218 1187 1263 1233 rs.
1291 1169 1376 1233 1804
1394 1185 1441 1251 sq.

250 1274 404 1340 Bcncnrns
427 1272 545 1340 edidit:

430 1381 455 1445 si
480 1381 513 1455 νή
541 1379 592 1444 ΔΙ·
616 1380 684 1444 cirri
709 1388 764 1456 τής
789 1387 886 1456 sanic
912 1379 1056 1460 γλώττης
1081 1378 1169 1445 ποθέν

430 1485 539 1566 τυροὺς
563 1483 666 1566 σρήοοιο
690 1489 852 1568 σωφρονεῖν
874 1483 913 1551 οἶν
936 1509 987 1565 μοι
1012 1487 1127 1564 δοκοῖς,

250 1611 444 1679 quamquam
477 1591 573 1663 δοκοῖς
606 1609 663 1678 pro
694 1592 809 1668 δοκοίης
836 1592 866 1658 in
892 1592 1102 1658 dnrsronnms
1126 1591 1204 1658 terri
1230 1610 1291 1656 non
1318 1597 1442 1677 potest,

250 1709 281 1764 et
306 1699 338 1763 in
363 1697 513 1765 omnibus
545 1695 633 1762 hisce
665 1697 760 1770 δοκεῖς
791 1696 893 1763 solnm
927 1706 1053 1764 rectum
1078 1706 1136 1763 cst.
1161 1697 1381 1778 κατηγορήσειν
1402 1695 1443 1762 ἄν

251 1803 378 1871 vitetur
402 1801 559 1889 hodieque
589 1811 714 1868 tuntum
741 1821 803 1868 non
828 1802 978 1869 omnibus
1001 1803 1080 1869 bene
1108 1803 1222 1870 Graece
1245 1803 1308 1868 dici
1335 1822 1444 1890 posse:

251 1911 329 1976 item
352 1916 569 1990 κοιτηγορήσων
594 1907 632 1973 ἄν
656 1909 852 1994 aequissimo
875 1910 984 1974 animo
1008 1929 1119 1976 omnes
1142 1909 1370 1996 propemodum
1398 1919 1441 1975 to·

250 2016 366 2083 terant.
416 2015 499 2082 Sunt
530 2024 637 2080 tamen
670 2013 748 2080 traco
773 2035 835 2080 non
862 2016 969 2081 minus
1002 2035 1098 2101 prava
1123 2025 1153 2081 et
1178 2012 1320 2093 sulcem,
1351 2017 1444 2081 acsi

250 2122 323 2209 quia
347 2122 546 2203 κατηγορήσω
570 2118 608 2186 ἄν
633 2119 681 2186 vel
706 2119 814 2200 ἔσομαι
840 2119 878 2186 ἴον
900 2120 993 2187 vellet
1013 2119 1130 2196 dicere.
1168 2121 1253 2188 istae
1273 2119 1384 2189 sordes
1402 2141 1442 2188 ex

251 2227 373 2315 plebeio
397 2247 545 2294 sermone
565 2237 597 2293 ct
621 2227 747 2292 inscitia
773 2233 831 2292 τῶν
853 2227 976 2294 ἰδιωτῶν
1000 2225 1153 2314 paulatim
1174 2227 1330 2312 gliscente
1361 2227 1443 2294 insi-

252 2341 396 2400 nuarunt
416 2353 486 2399 sese
510 2333 542 2397 in
565 2334 672 2398 ornnia
704 2334 918 2418 dntiqnornrn
944 2331 1140 2419 exemplaria
1164 2342 1195 2398 et
1220 2352 1257 2398 ea
1281 2353 1367 2399 nnnc
1392 2343 1443 2400 est

251 2439 469 2526 excerptorum
502 2437 698 2524 frequentia,
737 2448 770 2504 ut
806 2439 902 2505 etiam
936 2438 1161 2525 prudentiores
1198 2437 1368 2505 rideantur
1401 2440 1443 2506 ab

245 2543 469 2612 emendatione
489 2544 654 2622 deterriti,
678 2565 762 2630 qnae
780 2547 961 2611 sexcenties
982 2547 1099 2631 passim
1121 2546 1163 2611 sit
1183 2543 1339 2612 iacienda.
1370 2544 1441 2612 Non

245 2651 338 2718 debet
361 2671 396 2717 ea
420 2669 472 2716 res
496 2651 587 2717 nobis
613 2670 734 2716 moram
760 2650 887 2730 iacere,
914 2649 967 2714 ubi
991 2649 1151 2716 constabit
1172 2649 1249 2716 haec
1268 2650 1444 2718 Graeculos

246 2756 421 2824 identidem
443 2758 602 2824 innexis-so
621 2757 659 2822 de
682 2777 759 2835 suo,
784 2759 911 2842 etquis
936 2755 1118 2822 morabitur
1140 2765 1237 2823 testes
1258 2756 1444 2822 istiusmodi

245 2864 300 2950 qui
325 2865 437 2930 scotici
462 2863 505 2928 ita
530 2863 594 2929 dici
615 2872 648 2929 et
668 2861 767 2929 scribi
789 2881 850 2928 uon
871 2861 981 2947 posse?
1009 2862 1042 2928 ln
1064 2861 1276 2928 iicuosrncms
1295 2865 1443 2929 oratione

244 2969 283 3035 dc
305 2969 422 3036 Corooc
446 2989 519 3056 pag.
551 2973 635 3047 284,
666 2975 715 3036 17.
740 2971 796 3046 τήν
819 2966 988 3036 Ἐλοὶτειοον
1012 2967 1191 3047 κκτέλοιβεν
1212 2971 1251 3042 ὦς
1272 2967 1333 3034 ott·
1354 2967 1394 3036 do
1416 2969 1446 3035 si

244 3101 274 3143 τι
299 3077 415 3154 γένοιτο
438 3074 483 3140 ἔτι
507 3075 843 3152 συμπνευσόντων
866 3074 905 3141 ἂν
930 3077 1013 3154 ήμῶν
1036 3075 1089 3140 acci
1114 3081 1172 3140 τῶν
1198 3076 1363 3154 Θηβαίων,
1388 3095 1442 3141 ne·

246 3181 365 3246 aninam
393 3199 544 3264 nmquam
571 3179 702 3246 otiandit
734 3179 1008 3260 συμπνευσόντων,
1041 3199 1236 3267 quamquam
1265 3199 1358 3246 nemo
1384 3201 1441 3248 ne·

245 3284 366 3352 sciebat
389 3285 644 3365 σνμτνενσόντων
665 3286 810 3353 eiusdem
841 3285 964 3353 tarinae
988 3296 1175 3372 essentque
1198 3285 1358 3369 saddesor
1381 3305 1442 3372 pro

244 3391 440 3473 ληψομένων,
477 3391 532 3460 scd
568 3390 655 3458 atiud
692 3401 755 3468 est,
797 3401 832 3458 nt
863 3392 1006 3466 videtur.
1041 3391 1164 3478 atiquid
1201 3413 1262 3458 non
1297 3393 1440 3472 nescire,

245 3495 332 3564 atiud
365 3499 409 3563 ita
445 3499 546 3576 scire,
586 3507 620 3564 ut
649 3518 776 3585 semper
807 3499 838 3563 in
872 3507 1014 3584 tempore
1048 3498 1245 3582 memineris.
1295 3497 1438 3564 Tandem

246 3605 402 3672 Donamus
424 3604 590 3671 admonuit
616 3602 877 3684 συμπνευσάντων
900 3624 969 3670 esse
992 3602 1240 3670 emendandum.
1288 3603 1367 3685 Quis
1390 3611 1441 3670 est

245 3721 310 3776 tana
336 3713 535 3798 pertineret
555 3711 697 3790 terreus,
724 3710 770 3775 ret
791 3709 960 3798 ptomtcus
982 3710 1104 3796 potius,
1129 3719 1163 3776 ut
1184 3709 1301 3776 audeat
1316 3709 1438 3776 dissen-

245 3815 325 3883 tire?
359 3821 399 3882 nt
421 3815 521 3882 nihilo
538 3819 692 3883 incertior
709 3836 761 3883 res
781 3825 846 3894 est,
872 3817 969 3882 etiam
992 3815 1112 3902 absque
1133 3817 1267 3882 immani
1281 3815 1439 3882 barbaris·

246 3942 311 4000 mn,
331 3921 527 4010 ubicumque
544 3921 583 4008 cio
596 3943 670 3990 cum
689 3921 800 3989 tuturo
821 3931 1001 3989 monstrose
1021 3921 1206 4009 copulatur,
1227 3920 1311 4008 quod
1329 3932 1437 3988 tamen

244 4026 330 4115 apud
355 4027 579 4094 Drnosrnsnan
601 4048 709 4115 saepo,
735 4047 829 4115 saepe
853 4027 938 4114 apud
962 4026 1041 4093 aiios
1067 4027 1188 4095 tactum
1214 4048 1283 4094 esse
1304 4026 1437 4094 videbis.

247 4135 335 4201 itocti
355 4133 498 4200 nonnihit
518 4133 709 4202 addubitant
726 4133 781 4200 sed
806 4133 945 4203 molliter
966 4141 997 4200 et
1018 4133 1145 4213 ieviter,
1169 4135 1246 4202 etsi
1268 4132 1370 4200 muita
1386 4152 1438 4200 ex·

243 4238 347 4326 empta
362 4249 525 4326 tamqnam
542 4238 709 4308 machinae
728 4238 959 4316 admonentur,
981 4259 1115 4328 propere
1131 4238 1227 4307 vetuti
1240 4237 1437 4306 deditionem

244 4345 368 4412 iaciunt
391 4356 423 4410 et
447 4365 555 4414 arcem
587 4347 725 4412 sanioris
757 4344 922 4413 doctrinae
953 4354 1016 4418 mic
1039 4345 1264 4428 βορβορήζονσι
1290 4344 1434 4414 tradunt.

244 4452 280 4518 ln
306 4452 480 4518 Teucrum:
506 4452 540 4517 V.
569 4457 621 4520 15.
648 4452 782 4519 tolerant
807 4452 932 4531 γνόντες
958 4457 1006 4518 νῦν
1030 4457 1154 4532 μᾶλλον
1174 4453 1213 4520 ἂν
1232 4450 1436 4533 ἐνδεξομένου
