3136 4966
701 328 771 404 ort

140 546 255 600 τενμα.
293 524 361 591 Alie
386 533 435 592 est
461 525 493 590 in
518 522 629 590 ecdem
656 522 759 588 torma
785 517 967 607 corruptela
987 517 1071 606 apud
1093 515 1278 605 Euripidem
1297 518 1330 586 in

141 626 274 717 Οιρσίνρσ
302 650 347 698 rs
372 633 450 697 254.

409 735 462 803 ιιαί
487 732 539 800 τθν
561 758 602 814 γε
625 734 711 816 τνρδν
736 735 790 800 οὐκ
814 733 917 807 ἐῶντες
938 732 1037 809 ἤσθιεν

409 839 479 914 rode
506 843 535 904 τ’
555 838 649 922 ιίρναε
671 839 899 925 έξεφΟρσῦντσ,

137 943 270 1012 evidens
298 952 347 1011 est
375 945 550 1032 Musgravii
579 946 762 1014 emendatio
787 943 980 1027 ἔξεφρσῦντσ.
1017 945 1180 1010 Futurum
1205 942 1330 1026 εἰσφρή-

137 1053 244 1117 σεσθαι
278 1049 352 1118 tniit
381 1060 519 1118 aetatem
554 1049 639 1139 apud
672 1049 920 1118 Demosthenem
951 1069 982 1136 p.
1013 1054 1075 1126 95,
1109 1052 1160 1115 17.
1185 1046 1330 1126 ιίμαι-

137 1156 262 1232 τούτους
286 1158 584 1242 εἰσφρήσεσθαι
608 1160 731 1237 μᾶλλον
755 1157 772 1235 ἢ
798 1155 894 1237 ’κείνιρ
917 1156 1108 1238 παραδώσειν
1130 1156 1185 1232 τίρν
1207 1153 1307 1222 πθλιν.

183 1261 331 1329 Nondum
365 1283 416 1328 me
446 1262 587 1349 poenitet
616 1263 649 1327 in
679 1260 899 1350 Xenophontis
923 1260 1048 1328 Hellen.
1082 1261 1134 1328 Vl.
1165 1279 1196 1326 ν.
1223 1263 1277 1326 45.
1304 1259 1330 1324 εἰ

138 1369 310 1450 ταχθέντες
339 1369 371 1434 έν
404 1368 623 1450 Θερμοπύλαις
654 1364 795 1443 ι’ἰπαντες
824 1365 937 1435 εἰλνντσ
970 1366 1146 1450 μαχθμενσι
1169 1366 1332 1432 νίτιθανείν

136 1479 263 1554 μῖιλλσν
293 1475 310 1551 εἰ
343 1471 451 1555 ζῶντες
483 1473 728 1556 έπεισφθρεσθαι
759 1473 811 1539 τδν
833 1474 995 1556 βάρβαρον
1016 1483 1055 1557 τῇ
1081 1471 1228 1550 Ἐλλνίδι,
1258 1489 1332 1535 cor·

137 1581 259 1648 rexisse
283 1579 512 1663 ἐπεισφρέσθαι.
538 1576 748 1644 Reddendum
775 1599 845 1646 esse
869 1599 984 1647 censeo
1003 1577 1180 1662 εἰσφρέσθαι
1196 1559 1334 1643 Aristidi

136 1689 163 1750 1.
198 1705 229 1772 p.
259 1689 342 1763 tue,
377 1689 427 1752 16.
453 1683 507 1750 noi
527 1682 653 1750 editur:
680 1681 806 1764 ἰίμεινσν
831 1689 967 1754 Φωκεῦσι
998 1693 1146 1765 πολεμεῖν
1176 1685 1193 1762 εἰ
1224 1685 1331 1749 τοῦτον

136 1791 456 1872 εἰσφρήσεσθαι,
480 1787 535 1854 sed
560 1808 618 1875 pro
641 1787 781 1855 absurdo
804 1789 915 1858 inturo
939 1788 1330 1874 aoristuseiccppdrlcrest

136 1895 351 1982 reponendus.
386 1896 506 1964 lterum
529 1893 639 1961 eadem
664 1894 767 1961 inrme
792 1895 992 1963 restituenda
1016 1906 1065 1964 est
1088 1895 1223 1964 Aristidi
1248 1894 1272 1960 l.
1297 1914 1328 1981 p.

140 2006 215 2068 185.
240 2000 334 2077 οὕτως
357 2003 417 2081 eye
441 2009 526 2083 φνμι
550 2009 605 2076 τῆς
628 1998 747 2074 πόλεως
767 2003 829 2084 οὐχ
848 2000 937 2079 ἧττον
957 2004 992 2069 τί
1015 2003 1233 2086 ἐκπέμψαι
1257 2001 1330 2083 παρ’

135 2111 236 2186 αὐτῆς
261 2109 333 2184 »ind
353 2107 559 2192 εἰσφθρεσθαι
579 2105 649 2180 τοὺς
671 2105 831 2182 δεηθέντας
855 2111 928 2190 πρὸς
951 2111 1006 2185 τίρν
1030 2109 1117 2196 παρδι
1141 2113 1199 2174 τῶν
1218 2105 1330 2181 Ἑλλνί·
1439 2115 1442 2131 “

136 2238 195 2280 ono
219 2210 297 2280 εἰναι
322 2212 426 2297 χάριν.
471 2211 556 2279 Nihil
580 2221 629 2278 est
649 2212 861 2295 εἰσφέρεσθαι,
886 2212 941 2280 sed
964 2223 1171 2301 opponuntur
1191 2214 1276 2279 inter
1295 2232 1331 2278 se

136 2319 303 2402 ἐκπέμψαι
324 2321 355 2385 iu
373 2318 526 2386 colonium
543 2323 575 2384 et
588 2318 778 2401 εἰσφρθσθαι
800 2319 830 2386 iu
856 2319 975 2385 urbem.

186 2424 340 2513 Superest
372 2443 435 2492 una
467 2423 624 2510 quaestio.
670 2423 758 2506 Qtrae
789 2423 851 2490 iuit
873 2423 948 2491 oiim
975 2424 1154 2514 praesentis
1178 2423 1331 2509 temporis

137 2528 263 2596 formai
311 2529 477 2616 Nusquam
507 2528 649 2595 iocorum
676 2527 773 2596 huius
798 2530 952 2618 temporis
976 2528 1044 2594 vcia
1068 2537 1126 2596 aul
1158 2529 1330 2615 vestigium

138 2637 315 2723 reperitur.
362 2634 570 2712 Philoxenus,
596 2635 651 2721 qui
688 2633 726 2701 de
762 2633 867 2701 rer'bis
902 2633 1125 2722 monosyllabis
1159 2655 1258 2722 agens
1292 2633 1332 2700 de

139 2741 238 2807 verbo
263 2751 358 2831 ΙΦΡΩ
379 2740 552 2818 disseruit,
584 2739 719 2807 fortasse
745 2759 784 2807 ex
806 2737 952 2824 nnaiogiu
972 2746 1098 2807 tanturn
1118 2741 1330 2823 σκ-έφρει,

138 2885 186 2899 -
218 2849 373 2932 εφραίμνν
400 2884 446 2898 -
477 2847 583 2930 φριίσιι
625 2865 720 2912 snum
754 2855 842 2913 ΦΡΩ
873 2856 1076 2914 commentus
1106 2852 1166 2913 est.
1210 2847 1329 2914 dorisli

138 2963 250 3020 aulem
283 2953 386 3021 formu
418 2991 463 3004 -
495 2952 617 3036 έφρνκα
639 2961 673 3019 et
700 2988 745 3004 -
775 2951 913 3036 έφρνρσαν
936 2957 969 3016 ui
991 2989 1036 3002 -
1056 2957 1170 3035 φρῆναι
1201 2959 1234 3019 el
1265 2972 1330 3020 me·

139 3057 232 3124 dirim
256 3098 300 3109 -
323 3057 454 3143 φρέσθαι
480 3067 514 3127 et
549 3057 759 3145 imperativus
790 3094 831 3106 -
861 3061 937 3140 φρει
967 3064 1000 3124 et
1028 3059 1255 3126 coniunctione
1284 3095 1330 3112 -

139 3169 207 3250 φρῶ
238 3172 271 3232 et
304 3163 509 3254 perticipium
530 3200 576 3214 -
593 3164 681 3247 φρείς
713 3170 805 3230 extra
834 3181 960 3230 omnem
992 3164 1244 3231 controversiam
1273 3185 1330 3254 po·

139 3270 204 3337 sita
228 3278 315 3337 sunt.

188 3376 273 3443 llaec
294 3376 395 3462 igitur
416 3383 493 3442 sunt
516 3382 663 3444 veterum
685 3374 897 3442 Graecorum.
935 3373 1105 3461 Seqniores
1125 3375 1330 3462 antiquitatis

139 3482 296 3570 reliquias
327 3481 409 3548 male
440 3487 651 3568 reeoquentes
679 3479 854 3546 commenti
879 3487 956 3546 sunt
978 3480 1135 3548 aoristum
1159 3481 1328 3566 εἰσέφρησεν

139 3599 170 3656 et
198 3588 370 3674 εἰσέφρνσα
393 3585 538 3668 έμαντθν.
575 3584 664 3668 Quod
689 3593 798 3652 autern
824 3586 921 3654 semel
946 3584 1030 3672 epod
1056 3586 1260 3655 Aristotelem
1280 3608 1328 3655 re·

141 3696 269 3782 peritur
300 3692 501 3776 εἰσπιφριίναι
530 3701 641 3781 aperte
672 3699 796 3778 pugnat
826 3709 900 3758 cum
932 3690 1076 3778 antiquis
1101 3691 1214 3760 formis
1238 3694 1329 3760 in·-

140 3807 218 3882 φρες
242 3799 430 3883 σί-φρείς
452 3806 485 3866 et
507 3807 557 3865 est
577 3796 656 3864 adeo
677 3802 731 3863 τσῦ
751 3802 877 3880 πσννρσῦ
904 3794 1078 3878 κθμματσρ.

188 3904 224 3971 iu
250 3903 518 3992 supplicibusve
544 3907 620 3971 tuo.

674 4005 719 4073 σσί
744 4006 775 4074 δέ
798 4005 962 4089 oporicen
985 4007 1103 4090 μένειν,

377 4114 533 4196 Ἀδραεε,
558 4111 652 4193 κνίμνί
674 4113 719 4192 μὶν
743 4113 960 4195 ’ναμίριννσθαι
983 4115 1088 4198 unixae

379 4220 440 4294 τιίι
463 4219 533 4295 σιθρ.

142 4323 332 4392 mendosum
366 4335 414 4392 est
441 4325 690 4406 luculentaster,
722 4324 807 4411 qnod
838 4327 871 4393 iu
904 4347 939 4394 ea
965 4328 1098 4415 reponi
1123 4348 1185 4397 non
1210 4337 1331 4418 potest,

142 4438 174 4496 et
199 4431 293 4498 unice
317 4450 429 4500 verum
454 4441 487 4500 el
511 4432 557 4500 rei
582 4429 858 4500 accommodatum
884 4442 931 4500 est
955 4433 1202 4519 έξεμθργννσθαι.
1236 4436 1329 4524 Apud

1150 4544 1182 4591 ar
