3178 4972
756 379 779 460 d

170 582 218 652 loa
241 583 421 653 ineruditos
445 583 613 651 hominum
638 582 725 652 aliud
750 583 915 670 agentium
940 583 1106 665 fallebant,
1129 585 1185 654 sed
1208 588 1252 654 ita
1276 587 1362 656 lalle·

171 691 267 770 bant,
300 699 335 758 ut
370 693 438 778 ipsu
470 691 548 757 vitia
574 689 649 758 hinc
674 700 750 756 nate
770 699 859 755 certa
880 692 1014 777 vestigia
1040 712 1134 759 verae
1159 693 1306 760 lectionis
1329 706 1362 764 et

170 799 347 884 imaginem
377 795 549 884 quamdam
584 799 779 871 retinerent,
812 795 981 863 obscuram
1014 806 1046 863 et
1070 797 1248 884 fugientem
1275 801 1361 867 illam

172 904 303 991 quidem
328 902 384 970 sed
409 923 491 990 quae
513 912 608 970 acute
627 902 835 970 cernentibus
857 902 959 969 oculis
980 923 1113 983 eorum,
1135 905 1192 991 qui
1212 907 1361 993 resipsas

173 1017 206 1076 et
229 1018 354 1076 certum
368 1007 509 1100 :dicendi
534 1029 628 1075 usum
653 1017 802 1084 teneant,
827 1014 956 1094 agnosci
981 1019 1014 1077 et
1039 1011 1208 1098 pristinam
1224 1011 1361 1098 liguram

171 1117 315 1202 recipere
339 1115 439 1201 possit
463 1124 495 1180 et
520 1134 671 1201 expressa
697 1133 862 1201 apparere.

217 1221 296 1288 Nam
322 1229 545 1308 praeterquam
568 1218 654 1307 quod
675 1220 1116 1307 distrahendaconiungunt,
1140 1222 1362 1308 coniungenda

173 1327 375 1403 distrahunt,
397 1346 478 1414 quae
504 1347 555 1394 res
582 1327 737 1393 mirificas
762 1327 873 1392 turlras
897 1326 974 1394 dare
998 1327 1094 1406 solet,
1124 1329 1178 1394 sed
1204 1328 1274 1394 sine
1300 1328 1364 1394 ullo

174 1432 292 1499 damno
315 1433 441 1518 antiqui
466 1434 667 1499 monumenti
693 1429 776 1496 ludit
799 1431 935 1498 lectores
955 1433 1066 1506 rninus,
1084 1443 1213 1512 acutos,
1238 1435 1362 1501 littera·

174 1559 247 1606 rum
273 1538 393 1604 formas
418 1557 517 1624 paene
537 1538 660 1604 similes
682 1543 819 1602 autnon
842 1537 979 1604 multum
1001 1539 1174 1606 dissimiles
1188 1539 1361 1607 ridiculum

173 1645 207 1711 in
233 1644 362 1710 niodum
389 1646 525 1711 miscere
546 1645 661 1710 solent.
694 1655 721 1710 A
742 1663 781 1708 ao
803 1654 831 1710 Δ
853 1663 893 1710 an
915 1655 946 1711 A
966 1645 1186 1732 sitscriptum
1209 1657 1264 1712 aut
1285 1649 1363 1714 scri·

173 1749 313 1817 bendum
338 1769 397 1815 nec
421 1752 529 1815 sriunt
553 1771 611 1816 nee
636 1751 799 1836 cogitant,
824 1750 977 1817 similiter
997 1753 1116 1838 passim
1139 1763 1162 1818 Γ
1183 1760 1215 1818 et
1236 1761 1265 1818 T
1286 1772 1363 1820 con·
1490 1797 1494 1802 -

174 1854 315 1922 tundunt
339 1864 370 1922 et
396 1865 437 1932 e,
468 1865 514 1933 Θ,
545 1865 593 1934 0,
621 1865 664 1935 C,
689 1865 719 1922 et
746 1866 789 1932 z,
813 1865 862 1936 T,
888 1864 919 1922 et
945 1866 990 1934 Η,
1014 1867 1062 1934 Ν,
1086 1867 1152 1937 TI,
1178 1867 1245 1938 tT,
1269 1867 1361 1940 etl,

172 1973 214 2040 Γ,
246 1971 275 2027 Τ
300 1969 332 2028 el
356 1970 402 2041 K,
436 1972 497 2041 lc,
530 1969 640 2038 etM‚
665 1973 745 2040 ΛΛ,
769 1972 951 2042 ΑΛ,ΛΛ,
977 1972 1041 2042 NI,
1066 1973 1097 2031 el
1121 1974 1169 2040 N,
1193 1974 1238 2030 nt
1263 1975 1295 2031 el
1319 1977 1362 2046 Ξ,

173 2071 1364 2156 Zetlt,H,T1‚TT,1T,r1,11*‚et²1‘,T,deniqueomnes

174 2173 231 2240 lros
255 2193 380 2240 errores
402 2173 625 2260 coniungendo
649 2182 680 2240 et
706 2173 869 2240 miscendo
893 2193 991 2260 prope
1015 2181 1202 2262 innumeros
1228 2174 1361 2245 iaciunt.

219 2279 403 2345 Nascuntur
435 2299 473 2345 ex
507 2279 566 2345 lrac
590 2277 736 2344 socordia
758 2289 814 2344 aut
839 2289 981 2347 rrrcnstra
1008 2281 1256 2361 vocabulorum,
1280 2304 1364 2371 quae

173 2383 265 2451 iacile
290 2383 329 2450 ab
353 2384 503 2451 omnibus
528 2394 745 2471 procurantur
770 2385 845 2471 quia
872 2383 987 2452 iallunt
1011 2390 1194 2468 neminem,
1219 2399 1275 2456 aut
1299 2389 1361 2456 alia

173 2511 211 2558 ex
235 2490 308 2556 aliis
333 2498 455 2556 mutata
482 2500 611 2577 repente
637 2491 738 2558 lorum
763 2491 858 2556 rerlra
888 2491 1005 2558 Graeco
1028 2507 1194 2580 apparent.
1230 2497 1364 2564 Animus

173 2598 228 2684 qul
251 2595 356 2662 luerat
381 2597 570 2682 necopinato
596 2599 692 2663 vertit
717 2599 748 2662 iu
774 2601 935 2686 fortianum
960 2597 1059 2685 litque
1082 2601 1166 2682 τύχη
1192 2623 1230 2670 cx
1250 2604 1364 2685 ψυχή,

173 2711 355 2790 sequuntur
378 2704 513 2784 εὐτυχίας
533 2741 574 2754 -
596 2703 757 2787 εὐψυχίας,
782 2706 920 2796 εὐτυχῶς
942 2707 1167 2788 -εὐψύχως,
1193 2717 1300 2776 celera
1321 2706 1362 2773 ad

174 2807 308 2876 eandem
344 2829 501 2876 normam.
551 2807 584 2875 Sl
617 2830 768 2896 magnum
795 2820 845 2876 est
864 2810 911 2875 nil
933 2811 1058 2889 mirari,
1083 2813 1215 2900 iniquus
1240 2817 1281 2879 sit
1305 2815 1363 2899 qui

174 2913 258 2981 hanc
278 2915 403 2982 laudem
425 2916 566 2982 librariis
586 2915 665 2983 nolit
686 2916 859 3002 impertiri.
886 2915 1084 2984 llicuntura
1107 2919 1231 2987 lironrs.
1254 2921 1362 2986 Hiero.

175 3022 229 3088 tlt.
251 3025 293 3087 29
317 3023 348 3086 in
373 3021 491 3108 praelio
510 3021 701 3108 nepubulsse
720 3027 778 3087 τῶν
800 3029 972 3102 ςρςιτςωτῶν
981 3025 1059 3097 τινὲς
1076 3027 1260 3108 εὐτυχῶς
1278 3029 1363 3106 eyn·

174 3125 335 3210 νιζόμενοι,
360 3127 488 3194 llmsmo
511 3137 623 3194 contra
650 3129 708 3194 lruc
730 3129 879 3194 reinerum
901 3128 1071 3196 ridebatur
1090 3133 1363 3218 etdrvxc‘lcrepo·

174 3235 262 3312 suit,
289 3231 344 3299 scd
370 3241 493 3299 veteres
515 3235 562 3299 sic
587 3253 690 3320 neque
714 3236 857 3319 cogitant
883 3253 986 3322 neque
1007 3234 1192 3322 loquuntur.
1228 3238 1364 3304 llomani

174 3337 294 3408 milites
317 3337 357 3405 de
382 3358 470 3404 more
493 3340 640 3421 εὐψύχως
666 3350 898 3427 pugnauerant.
924 3339 1017 3428 dpud
1037 3342 1174 3410 eundem
1196 3313 1283 3410 urbd
1294 3363 1362 3410 ma·

171 3465 233 3531 gna
259 3454 291 3511 et
315 3444 466 3531 opulenta
491 3446 523 3538 in
550 3466 631 3512 unas
656 3446 749 3513 aedes
773 3447 977 3513 contrahitur
1001 3446 1057 3514 lll.
1087 3453 1138 3515 tt.
1163 3453 1180 3527 ἡ
1204 3449 1293 3524 πόλις
1318 3451 1362 3525 εἰς

173 3553 328 3620 indecore
347 3546 456 3618 oleon
474 3559 642 3633 cernerer,
662 3552 746 3640 quod
767 3555 823 3640 qui
846 3573 906 3619 non
930 3553 1036 3640 capiet
1051 3574 1176 3622 roccum
1190 3555 1363 3643 dyeorpro·

175 3657 272 3726 babit.
308 3655 392 3724 Nihil
411 3665 460 3723 est
482 3656 636 3724 adversus
657 3657 714 3724 hus
736 3678 862 3725 errores
882 3660 961 3725 satis
982 3667 1089 3725 tutum
1112 3660 1161 3727 rel
1184 3664 1361 3729 munitum.

173 3762 244 3850 lpse
265 3781 413 3828 summus
436 3763 554 3828 lurrrca
580 3764 612 3829 in
639 3783 772 3830 nummo
797 3763 936 3831 Cretensi
958 3766 1055 3832 vertit
1079 3768 1308 3834 inerticulam
1331 3777 1365 3835 et

173 3877 261 3934 ΖΛΝ
280 3870 478 3949 Κρηταγενής
500 3869 556 3956 qui
578 3866 682 3936 luerat
704 3879 836 3958 repente
855 3870 914 3937 ndu
934 3869 1039 3939 lactus
1058 3883 1126 3953 est,
1148 3874 1211 3941 rid.
1226 3873 1364 3942 Enuuec.

173 3975 212 4041 Ii.
227 3972 265 4041 tt.
281 3973 319 4040 ll.
338 3995 370 4062 p.
385 3979 461 4041 301.
483 3975 538 4061 nui
551 3975 608 4040 retr
631 3975 775 4042 doricam
796 3975 931 4043 lormam
949 3999 1004 4065 pru
1016 3979 1080 4046 Zeta
1092 4000 1162 4046 esse
1174 3981 1364 4046 comminis-

173 4082 272 4160 citur,
286 4101 381 4168 quam
397 4101 491 4149 neom
503 4080 583 4148 vidit
593 4093 625 4148 et
639 4102 732 4149 nemo
746 4083 874 4150 ridebit.
900 4083 1119 4152 librariorum
1135 4095 1242 4152 autern
1256 4087 1289 4152 io
1305 4085 1364 4154 hoe

174 4208 292 4274 genere
309 4209 453 4266 errores,
473 4207 669 4275 quamquam
692 4209 825 4255 numero
846 4210 956 4258 carere
978 4190 1129 4258 ridentur
1143 4201 1174 4259 et
1189 4191 1361 4259 verborum

174 4295 221 4360 sic
246 4292 493 4382 depravatorum
524 4295 709 4362 varietatem
736 4315 806 4362 esse
830 4295 1007 4364 credideris
1033 4297 1262 4386 propemodum
1291 4296 1364 4363 infi-

173 4401 297 4482 nitam,
319 4411 426 4470 tamen
447 4404 479 4468 in
501 4398 671 4490 permultis
689 4403 836 4469 cernitur
854 4402 909 4470 illa
928 4401 1275 4484 errandi'constantiu,
1301 4423 1364 4492 qua
