3178 4972
795 372 844 419 ΧΠ

224 534 308 618 ὁδόν,
332 541 625 626 interpretationem
647 539 800 608 Vetemm
824 561 898 607 cum
925 542 1145 610 emendatione
1168 564 1293 630 semper
1315 563 1421 610 conso-

223 659 339 738 ciebit,
360 679 496 746 quorum
513 667 686 748 utrumque
705 683 761 748 per
780 683 813 727 se
833 663 981 751 indigens
997 663 1135 731 alterum
1154 663 1287 730 ulterius
1298 663 1419 730 auxilio

222 786 305 868 eget.
340 780 413 846 Non
435 783 543 848 minus
565 788 675 868 peccet
698 785 754 868 qui
770 787 917 870 corrupte
934 789 1055 852 temere
1075 787 1302 872 interpretatur
1321 806 1418 872 quam

222 903 278 988 qui
305 922 380 968 sene
406 902 584 969 inconsulto
615 903 754 970 vellicet.
790 903 937 970 'lentium
966 911 1014 971 est
1039 908 1115 972 vitii
1138 929 1253 995 genus,
1278 910 1313 971 in
1335 907 1420 992 quod

222 1043 313 1108 saepe
335 1024 474 1088 iuniores
497 1024 658 1110 implicari
680 1025 791 1105 video,
813 1029 869 1112 qui
886 1025 994 1092 locmn
1012 1030 1168 1094 vitiosum
1187 1031 1274 1094 nacti
1292 1023 1420 1096 lewinus

222 1149 254 1208 et
277 1145 454 1210 temerariis
477 1145 736 1212 correctiunculis
758 1167 872 1214 vexere
891 1146 1019 1213 malunt
1039 1169 1136 1234 quam
1155 1151 1314 1215 intactum
1325 1149 1419 1216 relin-

222 1285 331 1350 quere,
369 1271 401 1330 et
435 1285 526 1352 seepe
559 1268 685 1332 vitiosis
719 1269 885 1334 vitiosiore
917 1269 1131 1334 substituunt:
1167 1271 1227 1336 hoc
1260 1291 1334 1337 vero
1370 1276 1418 1336 est

221 1384 495 1454 eunominianis
515 1389 619 1465 κακά,
639 1394 672 1454 11
690 1387 775 1456 male
793 1391 1002 1477 imperiteque
1021 1391 1177 1458 medendo
1196 1411 1313 1480 augere
1333 1411 1418 1457 mor-

221 1508 310 1574 bum.
345 1508 433 1575 Haec
454 1511 525 1596 ipse
546 1531 596 1574 111
618 1515 682 1588 111,
702 1531 782 1596 quae
798 1513 883 1598 apud
900 1511 1021 1578 multos
1040 1515 1139 1579 etism
1154 1514 1293 1579 seniores
1312 1517 1414 1578 artem

222 1625 376 1696 Criticem
406 1633 440 1694 in
468 1636 666 1696 contemtum
696 1632 830 1698 adduxit
859 1639 891 1699 et
921 1631 1190 1720 praeclarissimae
1217 1635 1264 1700 rei
1286 1639 1415 1700 tentum

221 1751 362 1818 invidiae
384 1749 542 1818 conflavit.
578 1751 615 1816 ln
638 1749 798 1819 Ciceronis
820 1752 889 1820 loco
911 1753 1086 1820 ridiculum
1105 1757 1139 1820 in
1159 1755 1293 1821 modum
1309 1755 1418 1842 depra-

222 1884 313 1952 veto,
345 1894 442 1959 quem
472 1894 567 1959 supre
596 1873 783 1952 attulimus,
814 1889 894 1961 pror
921 1883 949 1938 ct
978 1897 1023 1939 me
1050 1892 1120 1942 aer.
1151 1893 1221 1941 11111
1246 1899 1418 1959 pomonam

223 1993 320 2060 foisse
351 1992 535 2082 Melospina
565 1996 701 2060 correxit
731 1993 870 2060 scilicet:
902 2002 930 2060 et
959 2019 1004 2060 me
1036 2011 1216 2063 Mesmemr
1245 2019 1417 2079 9111111111

213 2115 337 2201 fuisso,
366 2115 461 2201 idque
492 2115 531 2180 de
560 2137 593 2180 11
624 2112 808 2182 Ciceronem
838 2118 979 2182 iocatum
1010 2138 1076 2183 esse
1099 2118 1236 2203 putavit.
1273 2117 1310 2184 ln
1332 2115 1417 2185 Sosi-

222 2237 306 2320 patri
328 2256 422 2302 versu
446 2235 634 2322 depravato:

390 2357 482 2424 ’ἀλλὰ
507 2357 885 2440 circumcingemus
909 2359 962 2426 aei
987 2356 1103 2434 πάντες
1127 2357 1239 2440 σχεδόν

391 2474 469 2544 εἶναι
494 2477 761 2561 patremmeum
784 2479 865 2545 odiis
891 2478 1022 2554 εἰδότες,

221 2598 285 2664 fuit
313 2601 369 2685 qui
398 2599 556 2680 πέπραται
585 2606 748 2686 reponeret
773 2605 806 2666 et
828 2603 1002 2666 sententiae
1024 2606 1057 2666 et
1078 2607 1182 2667 metro
1205 2621 1323 2667 novam
1345 2621 1414 2688 per-

220 2722 338 2786 niciem
356 2720 493 2788 efferens.
518 2721 676 2788 Personus
693 2720 854 2788 tineosos
872 2724 1007 2809 reperit,
1029 2728 1061 2787 et
1078 2721 1211 2788 millena
1230 2721 1416 2787 huiusmodi

221 2863 260 2908 ex
288 2841 477 2930 Principum
503 2839 697 2908 Criticorum
719 2844 844 2928 scriptis
867 2841 978 2930 colligi
1000 2849 1141 2928 possunt.
1177 2841 1310 2908 Discunt
1331 2841 1416 2908 mihi

221 2985 259 3028 ex
289 2964 340 3028 his
371 2966 502 3030 iuvenes
531 2985 628 3048 quem
656 2962 855 3049 praeclarum
885 2966 928 3029 sit
950 2963 1139 3030 emendandi
1162 2962 1358 3049 praesidium
1379 2963 1415 3026 in

220 3089 287 3149 arte
308 3083 590 3172 Pelaeographica,
615 3104 695 3169 quae
718 3083 785 3149 sole
806 3083 978 3170 palmarias
1003 3083 1238 3150 emendationes
1257 3104 1320 3149 non
1337 3083 1415 3149 facit

220 3211 253 3269 et
283 3207 423 3284 invenit,
452 3205 507 3272 sed
530 3209 630 3270 certas
653 3209 793 3291 praestat
815 3209 847 3270 et
871 3204 1075 3271 demonstret.
1111 3205 1183 3271 Non
1204 3207 1281 3270 satis
1304 3209 1352 3269 eet
1373 3203 1414 3268 ed

219 3327 315 3391 crisin
333 3325 469 3392 feliciter
486 3325 693 3392 exercendem
712 3331 745 3391 et
764 3346 872 3412 sapere
891 3331 923 3392 et
942 3325 1074 3414 linguae
1094 3347 1191 3392 usum
1211 3327 1413 3392 acrstionem
1494 3299 1504 3306 .

218 3467 347 3513 omnem
376 3449 611 3514 accuratissime
640 3451 746 3512 tenere
770 3452 803 3512 et
824 3449 859 3512 in
881 3452 1012 3533 promtu
1033 3448 1164 3513 habere:
1189 3467 1268 3533 opus
1290 3452 1338 3512 est
1361 3466 1414 3511 ve-

217 3573 320 3634 tustos
349 3566 480 3635 Codices
510 3571 642 3654 scriptos
668 3567 725 3632 diu
754 3573 787 3633 et
812 3567 956 3634 multum
984 3589 1125 3634 versasse
1132 3616 1141 3647 ,
1174 3575 1206 3634 et
1237 3567 1415 3632 scribarum

216 3693 378 3757 inscitiam
408 3697 440 3756 et
471 3690 648 3757 socordiam
678 3692 853 3755 sexcenties
882 3691 934 3756 ἐπ’
966 3691 1131 3773 αὐτοφώρῳ
1155 3688 1413 3776 deprehendisse,

217 3819 249 3878 et
278 3814 397 3899 passim
427 3811 550 3878 vidisse
573 3831 704 3878 noscens
734 3813 855 3878 vitium
885 3816 918 3876 et
947 3811 1138 3899 gliscentem
1166 3810 1291 3889 lobem,
1324 3816 1356 3874 et
1377 3813 1415 3872 ut

216 3953 301 3999 error
328 3953 467 3999 errorem
495 3933 620 3998 trahere
652 3938 684 3998 et
713 3951 823 4018 parere
853 3930 969 4010 solent,
993 3939 1026 3997 et
1049 3951 1129 4018 quae
1150 3932 1267 3998 menda
1289 3936 1329 3996 111
1352 3949 1415 4014 quo

215 4054 372 4120 scribendi
406 4075 537 4142 genere,
573 4075 611 4118 ex
645 4053 761 4139 quibus
795 4052 888 4142 siglis
922 4052 1158 4140 compendiisve
1190 4055 1350 4129 oriantur,
1382 4055 1415 4114 et

216 4175 487 4262 quemadmodum
505 4180 598 4243 vetus
614 4175 771 4260 scripture
786 4177 930 4260 primum
945 4174 1059 4240 leviter
1076 4173 1187 4239 effecte
1203 4159 1416 4238 correctorum

214 4298 397 4366 temeritate
423 4301 497 4364 ruat
519 4298 553 4362 in
575 4297 683 4382 peius,
707 4301 740 4360 et
762 4298 933 4383 antiquum
956 4275 1082 4362 dicendi
1105 4315 1206 4384 genus
1229 4294 1270 4360 ad
1291 4295 1415 4380 sequio-

214 4441 286 4484 rum
315 4417 547 4507 negligentiam
576 4415 765 4504 refingatnr,
798 4423 837 4481 et'
854 4417 975 4483 insulse
998 4417 1169 4482 sciolorum
1194 4416 1412 4509 additamenta·
