3160 4972
822 361 894 432 402

272 565 353 632 tium
392 563 474 628 lrano
513 560 638 629 tabulae
677 557 891 629 Menandreae
927 558 1119 644 particulam
1157 561 1188 626 in
1225 581 1315 626 suern
1348 561 1453 628 Eunu-

271 670 368 736 chum
396 667 601 735 transtulisse

409 774 506 841 Cnlaar
533 773 700 841 Menandri
723 781 788 838 ast:
811 772 845 838 in
869 793 904 838 ea
928 781 972 836 est
993 772 1153 858 parasitus
1179 771 1292 848 Galae,

408 889 437 947 et
464 879 556 947 Miles
579 880 755 969 aloriosus:
780 900 832 944 eos
856 899 889 944 se
910 897 972 942 non
995 889 1087 964 neunt

403 1007 555 1074 personas
580 987 777 1052 transtulisse
798 985 833 1050 in
858 983 1048 1050 Maenalium
1071 1004 1171 1050 mam.

320 1091 402 1159 Prol.
436 1091 519 1158 Eun.
546 1112 590 1158 rs.
616 1097 671 1160 50.
722 1092 816 1158 Hune
839 1091 945 1177 insutu
971 1089 1097 1168 locum,
1127 1091 1221 1157 ouius
1245 1109 1353 1158 reram
1379 1093 1457 1159 sori·

273 1208 400 1287 pturanr
437 1199 642 1285 quaerimus,
676 1197 770 1264 habet
803 1197 974 1263 Terentius
1002 1197 1034 1261 in
1067 1194 1224 1262 Eunucho
1250 1198 1307 1264 lll.
1339 1203 1371 1266 2.
1405 1204 1457 1266 tt.

272 1304 383 1391 ltaque
414 1324 453 1370 ex
478 1305 621 1371 Terentii
648 1302 769 1370 Latinis
795 1301 987 1385 vera-‚leutio
1008 1301 1173 1368 Menandri
1200 1302 1382 1390 indaganda
1407 1325 1455 1370 no

272 1410 377 1478 biset
402 1408 588 1498 reperienda
614 1411 686 1477 erit.
734 1410 878 1477 Terentii
901 1406 979 1474 liaeo
1003 1418 1096 1476 sunt:

276 1517 333 1583 Gn.
363 1516 433 1596 lla,
460 1516 518 1592 lta,
544 1513 601 1594 lad,
630 1516 657 1581 T
655 1517 705 1583 dr.
727 1516 804 1604 quid
825 1514 934 1580 rides!
962 1514 1020 1580 Gn.
1043 1513 1127 1580 istud
1149 1515 1231 1602 quod
1252 1515 1336 1582 dixti
1357 1517 1454 1584 modo:

363 1636 393 1693 et
415 1625 499 1692 illud
521 1625 559 1690 de
583 1621 704 1689 llltodio
726 1622 845 1688 dictum
868 1641 939 1686 cum
961 1621 994 1685 in
1018 1630 1153 1686 metatam
1175 1623 1267 1687 uenit.

318 1732 354 1798 lu
380 1730 547 1798 Menandri
571 1729 699 1796 senario
723 1727 874 1794 mendum
898 1735 949 1793 est
969 1735 1000 1792 et
1023 1725 1056 1791 ln
1078 1728 1181 1814 primo
1200 1727 1356 1795 vocabulo
1376 1739 1408 1797 et
1428 1730 1456 1796 in

274 1836 407 1903 ultinto:

409 1951 578 2009 ΓΕΛΩΤΙ
603 1940 676 2023 πρὸς
699 1939 751 2007 τὸν
777 1938 908 2020 Κύπριον
933 1946 1279 2006 ΕΝΗΘΟΤΜΕΜΟΟ.

319 2047 402 2130 Quid
435 2057 483 2114 est
517 2045 711 2133 legendum?
755 2043 960 2111 Manifestum
996 2043 1055 2110 lton
1086 2043 1215 2132 qnidam
1252 2053 1317 2124 est,
1351 2067 1461 2135 nempe

270 2163 453 2221 ΓΕΛΩΤΟ
478 2161 510 2220 el
534 2155 890 2219 'eNNOOTMGNOQ

453 2262 561 2338 γελῶ
582 2258 624 2326 τὸ
649 2261 721 2339 πρὸς
745 2259 797 2324 τὸν
820 2257 949 2339 Κύπριον
974 2255 1249 2336 ἐννοούμενος.

320 2363 415 2430 Rideo
444 2365 528 2430 tttact
557 2365 596 2431 de
629 2363 742 2451 Cypria
765 2363 883 2428 dietum
907 2383 976 2428 oraru
1001 2362 1035 2428 in
1059 2371 1191 2429 mantem
1214 2365 1309 2430 uertit.
1359 2365 1459 2434 Simul

273 2469 313 2536 ab
347 2471 416 2558 ipsn
447 2470 638 2550 Menandro,
661 2478 705 2546 ,ut
729 2467 839 2548 rides,
870 2467 1082 2539 oonllrrnatur
1106 2469 1241 2537 Bentleii
1266 2471 1458 2549 emendatio,

274 2575 309 2643 lo
335 2574 426 2644 libris
450 2584 500 2643 est
523 2579 625 2644 eninr:

455 2693 484 2748 et
505 2683 588 2750 illud
611 2682 650 2750 da
678 2681 798 2748 llltadin
820 2681 939 2748 dirtnrn
961 2681 995 2746 in
1015 2689 1150 2746 montem
1174 2683 1258 2748 uenit
1387 2742 1393 2750 .

319 2788 480 2858 Bentleius
511 2827 552 2840 -
585 2789 701 2856 dietum
732 2787 814 2855 CUM
844 2787 879 2850 is
911 2795 1043 2854 mentem
1072 2789 1156 2852 venit
1179 2787 1346 2874 reposuit,
1377 2788 1456 2877 quod
1549 2857 1550 2868 ¹

271 2916 358 2964 nuno
393 2915 431 2964 ex
464 2894 630 2962 Menandri
662 2893 847 2972 ἐννοούμενος
879 2902 1006 2961 eertum
1039 2901 1087 2959 eat
1120 2901 1153 2960 et
1184 2892 1327 2964 evidens.
1378 2893 1457 2977 Quid

271 3011 379 3069 autern
412 3021 449 3068 eo
482 2999 612 3070 homine
640 2999 754 3077 lanias,
788 3000 842 3086 qui
877 3018 933 3088 pro
970 3007 1305 3068 eunoorntettoc
1335 3000 1458 3072 dederit

271 3106 484 3187 ἐννθούμενοςὲ

319 3318 367 3384 Ex
392 3314 501 3383 eodem
526 3315 689 3384 Plutarchi
714 3316 796 3383 libro
820 3314 934 3382 addam
956 3325 989 3384 et
1011 3317 1150 3386 alterum
1174 3317 1279 3387 tooun
1303 3323 1459 3407 perversis

271 3425 439 3490 hominurn
464 3420 632 3493 doctorum
659 3424 856 3494 coniecturis
879 3421 1105 3490 deformatum.
1153 3423 1287 3510 Legitur
1312 3447 1383 3513 pag.
1405 3433 1457 3494 59.

271 3541 311 3599 Α.
344 3532 376 3596 in
410 3550 487 3596 nora
521 3529 675 3598 llerolreri
707 3529 846 3606 editione
868 3531 931 3598 sio:
955 3529 1123 3612 ἀβέλτερον
1146 3532 1182 3598 ri
1205 3535 1259 3608 τοῦ
1283 3534 1389 3608 Βίωνος
1415 3534 1457 3598 »el

271 3639 322 3706 τὸν
352 3638 447 3720 ἀγρὸν
480 3633 611 3714 ἔμελλες
642 3636 845 3720 ἐγκωμιάζων
878 3635 1003 3720 εὔφορον
1035 3643 1130 3702 ποιεῖν
1158 3636 1210 3702 nul
1235 3637 1458 3721 sempronius

271 3746 311 3812 ἂν
341 3742 668 3826 οὶμοορτοὶυενυ,ἒδο’κενς
692 3748 780 3810 τοῦτο
804 3749 894 3812 πονῶν
917 3747 1041 3825 μᾶλλον
1064 3745 1081 3820 ll
1104 3743 1253 3812 ,οκοὶππονν
1278 3747 1330 3812 naal
1355 3745 1458 3828 πράν-

272 3877 364 3934 μοοποο
395 3849 494 3934 ἔχων·
527 3852 559 3917 οὐ
590 3851 687 3918 τοίνυν
718 3850 780 3916 οὐδ’
804 3851 972 3932 ἀνθρώπους
998 3848 1112 3923 ἄτοπος
1136 3849 1175 3916 ἂν
1197 3850 1261 3928 οἶνος
1283 3852 1412 3920 ἕποοονῶν
1435 3852 1457 3916 el

271 3967 335 4031 τοῖς
364 3955 587 4034 ἐπαινουμένοις
620 3955 777 4038 ὠφέλιμος
809 3952 863 4038 iau
892 3955 945 4022 naal
978 3955 1158 4038 πρόσφορος.
1208 3957 1357 4041 Pugnant
1383 3956 1457 4024 haue

273 4062 480 4132 vehementer
512 4083 587 4130 auru
613 4063 723 4130 Bionis
747 4063 918 4127 sententia.
968 4061 1003 4128 ln
1030 4061 1120 4128 libris
1145 4070 1194 4129 est
1217 4061 1367 4143 ἄνθρωπος
1390 4061 1458 4129 ἄτο-

273 4192 329 4242 πος
352 4168 392 4233 ἂν
416 4167 462 4244 εἴη
476 4168 688 4252 -ὧφέλνμδς
712 4169 758 4237 iet
782 4168 835 4234 naal
859 4166 1044 4251 πάμφορος,
1074 4187 1155 4254 quae
1179 4167 1242 4236 allo
1270 4167 1363 4237 ntttdo
1385 4174 1458 4236 sunt

273 4273 482 4360 corrigenda,
508 4274 562 4341 sed
584 4284 753 4361 praeterea⁴
774 4272 963 4342 mendosum
989 4285 1037 4340 ost
1062 4283 1166 4346 Totc
1191 4283 1457 4342 θΠΑΙΝΟΤΜΕ-

273 4389 397 4460 Note,
422 4383 455 4458 in
480 4399 543 4468 quo
567 4381 644 4448 latet
668 4390 740 4449 Tre
766 4389 1124 4450 eHAINOTMeNOC.
1161 4381 1236 4448 Bion
1262 4381 1402 4450 dixerat:
1426 4381 1456 4448 nl

273 4488 370 4554 τοίνυν
400 4487 462 4553 ott·
492 4483 644 4569 ἄνθρωπον
675 4486 791 4561 ἄτοπος
823 4487 862 4554 ἂν
887 4487 949 4562 elna
973 4488 1103 4556 ἕποοννῶυ
1127 4487 1157 4556 sl
1178 4513 1224 4562 τις
1245 4487 1454 4569 tanntnens
1544 4557 1545 4594 1
