3160 4972
836 343 908 416 452

282 535 539 616 ξυνεπαινοιίντων
569 539 975 622 μάχεσθαι-Παγώνδας
1000 537 1013 604 ί
1037 537 1190 606 Αίολοίδου
1213 538 1408 620 βοιωταρχῶν
1429 539 1457 601 ἐκ

284 648 396 724 Θηβῶν
418 645 492 724 μετ’
518 645 719 728 'caecitatem
741 651 794 713 τοῦ
818 645 1039 730 Λυσιμαχίδου
1052 683 1098 698 -
1113 644 1213 714 ἔπειθε
1236 646 1306 718 τοὺς
1327 643 1457 716 Βοιωτοὺς
1525 677 1526 736 η

283 749 359 816 ἰέναι
381 751 431 816 ἐπὶ
455 753 525 824 τοὺς
549 753 735 830 Ἀθηναίους.
777 753 823 820 lle
845 772 980 819 numero
1006 750 1273 818 Boeotarcharum
1300 751 1388 817 video
1410 749 1460 814 lao-

285 857 388 921 mines
410 855 519 924 doctos
544 860 629 926 inter
653 879 687 926 se
711 858 893 924 dissentire.
919 858 977 924 llic
999 857 1089 924 locus
1109 857 1251 924 declarat
1272 857 1371 926 inisse
1384 855 1460 930 Xlll.

284 981 422 1048 quorum
447 963 508 1030 duo
530 965 770 1048 βοιωταρχοῦοιν
794 965 827 1030 la
852 964 984 1044 Θηβῶν,
1010 964 1153 1030 undecim
1178 985 1215 1032 ex
1240 964 1377 1031 caeteris
1398 963 1461 1028 lloe·

283 1069 367 1134 oliae
399 1069 606 1151 civitatibus;
641 1091 779 1158 namque
807 1067 891 1136 hanc
924 1071 988 1136 vim
1015 1068 1110 1138 lrabct
1134 1089 1285 1157 praesens
1310 1071 1343 1136 iu
1367 1068 1396 1137 οί
1414 1078 1462 1136 el·

286 1183 356 1240 CIN
379 1171 496 1244 ἕνδεκα.
1230 1233 1232 1241 ,

225 1311 227 1314 ·
331 1278 364 1346 Sl
398 1281 564 1368 Pagondae
588 1285 669 1352 civis
698 1291 730 1350 et
757 1283 789 1348 in
815 1283 952 1369 imperio
976 1280 1096 1369 collega
1121 1281 1330 1350 Ariantltldas
1350 1283 1382 1348 in
1405 1279 1463 1346 dis·

284 1385 489 1456 suadentium
524 1410 658 1456 numero
690 1387 824 1466 luisset,
857 1406 988 1454 necesse
1019 1395 1089 1454 crat
1122 1387 1263 1455 scribere
1294 1383 1462 1455 ol'HcAN

283 1489 390 1562 ἕνδεκα
417 1503 448 1562 ct
475 1495 554 1562 nihil
579 1494 737 1562 attinebat
761 1491 985 1560 Arianthidam
1012 1493 1190 1560 nominare.
1226 1493 1320 1560 Nunc
1346 1492 1463 1580 Thucy·

283 1597 375 1665 dides
407 1602 576 1688 perspicue
607 1600 808 1668 demonstrat
842 1597 1040 1685 reliquarum
1075 1600 1108 1666 in
1140 1600 1265 1682 Boeotia
1289 1599 1461 1666 civitatium

284 1704 496 1774 Boeotarchas
527 1728 594 1774 rssr
625 1706 789 1784 undecim,
822 1723 903 1792 quos
927 1724 1038 1772 omnes
1063 1714 1131 1771 tum
1157 1725 1297 1793 pugnam
1327 1705 1397 1772 lieri
1419 1723 1463 1768 re·

284 1811 397 1878 tuisse:
423 1812 538 1880 deinde
558 1815 635 1880 daos
655 1810 879 1878 'thebanorum
897 1809 1098 1894 βοιωτάρχας
1119 1819 1374 1891 commemorat,
1398 1829 1463 1898 quo

285 1934 357 1982 rum
383 1917 464 1986 alter
487 1919 652 2006 Pagondas
675 1937 840 1986 summurn
866 1915 899 1982 in
924 1936 1035 1984 omnes
1059 1918 1232 2006 imparium
1256 1917 1405 1984 habebat.

330 2021 415 2088 Satis
446 2024 501 2090 dio
534 2045 590 2092 nos
619 2022 804 2092 luditicatus
835 2029 883 2089 est
906 2023 1025 2090 sciolus
1049 2024 1103 2110 qui
1128 2023 1242 2104 ξυνέβη
1268 2021 1464 2110 interpolavit

283 2129 367 2216 apud
401 2129 546 2219 Thucyd.
578 2130 633 2200 IV.
662 2134 717 2196 99.
752 2126 920 2209 νομίζοντες
942 2130 998 2204 την
1020 2130 1077 2208 μὲν
1099 2131 1282 2212 Ὠρωπίαν,
1306 2131 1339 2196 εἰν
1364 2126 1463 2214 droit

284 2239 400 2318 νεκροὺς
425 2239 455 2305 tv
477 2239 620 2322 μεθορίοις
643 2247 699 2314 τῆς
722 2236 833 2322 μοίχης
858 2235 1022 2316 γενομένης
1047 2238 1165 2304 acirim
1191 2235 1350 2327 (ξυνέβη),
1384 2234 1463 2308 'ala-

283 2344 373 2412 ναίοιν
405 2345 490 2414 κατὰ
521 2346 557 2412 τὸ
586 2346 715 2422 ὑιοιίκοον
735 2339 822 2410 είναι.
871 2341 1007 2408 lllratus
1027 2341 1105 2429 quid
1129 2351 1214 2410 esset
1235 2343 1266 2410 ἐν
1291 2339 1309 2424 ἦ
1332 2341 1403 2414 τοὺς
1424 2364 1463 2404 νε·

283 2453 369 2534 ιιροὺο
392 2454 531 2531 teletae,
558 2450 655 2540 (quod
680 2450 753 2537 quis
778 2447 884 2536 paullo
907 2446 1032 2516 doctior
1057 2449 1230 2517 mirabitur
1241 2447 1267 2536 l)
1292 2469 1385 2534 opem
1404 2443 1464 2512 tulit

284 2556 419 2624 scilieet.
456 2559 583 2624 Poterat
615 2558 732 2623 dixisse
765 2557 795 2621 ἕο
827 2553 893 2637 plot
919 2554 1011 2636 νεκροὶ
1040 2552 1152 2621 ἔκειντο
1175 2575 1213 2622 ex
1238 2571 1296 2621 sua
1319 2571 1462 2640 persona:

284 2663 398 2730 maluit
426 2685 464 2732 ex
499 2663 724 2732 Thebanorum
745 2662 866 2737 ‚dicere
896 2662 926 2728 ἐν
959 2656 977 2744 pl
1006 2661 1077 2734 τοὺς
1108 2661 1225 2744 νεκροὺς
1245 2663 1387 2738 κεῖσθαι,
1418 2653 1463 2724 sed

282 2768 395 2851 ξυνέβη
420 2773 537 2838 astolon
563 2771 596 2836 in
621 2769 681 2838 hae
706 2789 740 2834 re
765 2767 870 2834 locum
898 2765 1022 2834 nullum
1047 2765 1152 2833 habet.

329 2876 477 2966 Thucyd.
512 2878 568 2944 IV.
608 2879 681 2942 114.
713 2876 774 2942 οὐδ’
806 2873 844 2942 ἂν
875 2877 961 2956 σφῶν
992 2870 1235 2954 πειρασομένονς
1261 2874 1377 2960 αὐτοὺς
1401 2875 1464 2960 [τῶν

281 2983 547 3069 Λακεδαιμονίαν]
578 2983 673 3050 δοκεῖν
702 2977 960 3057 ἧσσον-εὔνους
992 2979 1031 3046 dev
1063 2979 1154 3062 οφίοι
1184 2977 1338 3060 γενέσθαι.
1376 2981 1464 3046 trote

281 3091 434 3175 coniungi
465 3098 600 3177 possunt
632 3089 663 3154 lu
698 3088 841 3154 oratione
873 3087 1017 3152 animosa
1047 3088 1136 3164 ἡμεῖς
1161 3087 1187 3152 ol
1210 3083 1462 3165 Λοκεδαιρςίνιοο,

281 3202 374 3279 σφεῖς
397 3197 422 3262 el
445 3192 684 3275 Λακεδαιμόνιοι
707 3203 740 3260 et
764 3195 837 3259 sian.
863 3190 917 3257 sed
944 3189 1105 3258 nonnullis
1130 3199 1202 3278 post
1226 3211 1402 3278 pronomen
1424 3191 1463 3254 ia·

283 3301 445 3388 terpositis
471 3300 545 3366 talia
570 3302 711 3366 inserere
735 3299 907 3365 sciolorum
931 3305 1001 3378 est,
1030 3298 1085 3384 qui
1111 3295 1222 3384 putide
1246 3305 1278 3363 et
1302 3296 1464 3384 pueriliter

282 3408 470 3495 pronomina
495 3407 752 3494 interpretantur
776 3405 808 3472 in
835 3401 981 3471 Scholiis.
1003 3404 1110 3482 ὑμεῖοι
1137 3405 1162 3469 ol
1176 3404 1310 3479 αθηναῖοι
1323 3397 1463 3480 δηλονότι,

282 3523 314 3584 et
337 3513 454 3582 similia
480 3515 611 3600 passim.
1525 3569 1526 3590 ,

330 3620 476 3710 Thucyd.
502 3621 557 3686 IV.
590 3625 663 3686 115.
692 3620 726 3684 τί
759 3619 789 3683 δὲ
818 3616 931 3696 οίνιηροα
955 3615 1057 3696 λαβὸν
1079 3615 1183 3698 μεῖζον
1204 3612 1301 3696 οίχίος
1325 3613 1464 3694 ἐξαπίνης
1525 3699 1526 3708 ἦ

282 3727 469 3810 καοερριίγη.
506 3727 588 3791 Vera
618 3723 713 3790 lectio
743 3732 792 3791 cst
822 3733 1018 3806 καοερΡΤΗ,
1048 3721 1219 3804 κατερρύη,
1249 3723 1383 3800 cerruit,
1407 3717 1464 3787 col·

283 3839 406 3926 lapsum
430 3843 486 3900 est.

329 3939 476 4030 Thucyd.
491 3939 542 4006 lV.
561 3943 635 4004 117.
657 3936 862 4004 scribendum
874 3935 954 4009 'esc
967 3933 1012 4002 ἔτι
1026 3933 1178 4018 Βρασίδας
1191 3933 1333 4018 εὐτύχει,
1352 3935 1463 4023 procis.
1525 3917 1526 3922 ί

329 4047 475 4136 Thucyd.
501 4047 555 4112 IV.
584 4049 656 4112 120.
680 4047 713 4112 οὐ
738 4043 810 4126 πρὸς
832 4047 866 4108 νο
892 4040 1022 4108 ἔλασσον
1045 4039 1171 4122 νομίζων
1193 4040 1358 4124 τρέψεσθαι
1381 4038 1462 4128 [ἀλλ’

281 4160 331 4226 ἐπί
356 4160 411 4232 την
436 4156 523 4240 ναῦν]
549 4153 601 4218 καί
627 4150 775 4233 ἐντούτῳ
799 4149 892 4215 αὑτὸν
916 4147 1083 4214 διασώσειν.
1120 4146 1236 4214 Bellula
1259 4143 1462 4234 oppositioni

281 4263 497 4336 ἔλασσον-η
523 4264 615 4336 ναῦς,
640 4257 736 4345 idque
761 4277 817 4344 pto
842 4258 859 4334 al
883 4257 1011 4338 τριήρης.
1049 4253 1256 4343 Thucydides
1276 4252 1360 4320 idem
1382 4252 1461 4319 dixe·

281 4380 329 4439 rat
357 4366 561 4456 paucioribus
588 4363 708 4429 verbis.

328 4474 474 4561 Thucyd.
502 4471 555 4538 IV.
583 4473 657 4534 tua.
684 4469 774 4551 ίρνίιν
798 4468 968 4548 ποιούμενοι
991 4470 1017 4534 εί
1039 4467 1090 4533 καί
1112 4468 1137 4534 ol
1159 4467 1189 4533 ἐν
1209 4474 1280 4542 ταῖς
1301 4465 1395 4544 νιίοοις
1412 4461 1460 4540 ἤδη
