3208 4972
793 351 863 422 232

231 541 274 623 τῷ
298 543 380 624 ποτῷ
399 549 431 608 et
447 541 519 608 sim.
548 541 715 614 dicuutur.
760 544 821 628 Qui
851 554 926 614 ante
952 541 1054 612 multa
1078 543 1207 612 saecula
1229 563 1266 612 ex
1291 545 1423 613 Peuma·

230 665 280 712 eur
304 647 377 712 uiu's
408 645 574 734 aliquanto
600 651 831 738 integriortbus
858 663 890 720 et
915 671 1050 718 nurnero
1073 661 1104 718 et
1130 653 1274 720 oratione
1300 651 1428 720 deseri·

230 753 295 838 psit
319 752 495 820 celebrium
525 756 669 825 virorum
690 757 960 846 apophthegmata
990 759 1038 846 (in
1058 759 1228 826 Pcurxnonr
1251 757 1427 826 liorolibuc

233 878 263 946 p.
289 862 354 924 eol
376 859 418 950 r.)
446 880 523 928 usus
546 871 595 930 est
618 863 736 932 codice
756 864 857 931 nihilo
874 863 1109 942 emendatiore,
1131 863 1216 931 unde
1236 863 1315 932 baec
1335 885 1426 932 sum·

234 962 293 1030 sil:
327 971 387 1031 τῶν
416 965 450 1033 δέ
478 969 605 1051 ρητθρον
635 971 705 1046 τοὺς
734 970 824 1052 μέγα
850 970 990 1051 βοῶντας
1013 970 1106 1051 ἔλεγε
1130 971 1168 1038 δι’
1192 970 1351 1038 οἵτθένειαν
1372 973 1424 1038 ἐπί

232 1071 287 1146 τὴν
317 1072 454 1153 κρανγην
485 1076 524 1149 τίς
557 1077 680 1156 χυλοὺς
713 1077 896 1158 ἀναβαίνειν
927 1079 979 1161 ἐφ’
1010 1076 1124 1156 ἵππον,
1160 1075 1244 1144 unde
1281 1079 1423 1164 primum

232 1195 345 1244 revoca
378 1177 472 1246 ἵππον
496 1201 554 1270 pro
581 1179 696 1260 ἵππιον,
728 1184 811 1270 quod
848 1181 1030 1250 inconsulto
1055 1182 1243 1250 Sturnrusrus
1267 1184 1424 1270 arripuit:

232 1282 316 1370 quod
348 1293 456 1352 autent
487 1287 576 1368 με’γα
610 1289 750 1368 βοῶντας
783 1288 870 1356 dedit
907 1289 1067 1366 Graecus,
1099 1289 1210 1356 elicuit
1243 1308 1282 1355 ex
1318 1288 1425 1355 verbis

231 1392 394 1478 corruptis
418 1395 611 1460 sententiam
637 1394 924 1483 qualemcumque:
957 1396 989 1461 in
1014 1396 1056 1477 τῷ
1085 1395 1164 1475 βοᾶν
1187 1393 1323 1475 μεγαλα
1343 1419 1423 1478 χριο-

231 1497 338 1577 μένονς
363 1497 437 1566 lnlel
464 1502 506 1583 τῷ
534 1500 613 1580 βοοῖν
632 1501 964 1583 μεγαλαυχουμένους.
1000 1503 1290 1583 Μεγαλαυχεῖτθαο
1313 1522 1424 1588 οιιρνοτ·

231 1603 311 1684 dire,
335 1607 396 1672 sibi
422 1607 565 1693 placere,
598 1607 718 1697 passim
753 1607 884 1694 legitur.
933 1607 1037 1674 Paene
1066 1607 1207 1695 perierat
1235 1610 1267 1674 in
1292 1607 1424 1676 Lucrino

231 1714 272 1788 9,
303 1717 359 1790 tl,
384 1717 416 1778 4.
448 1712 501 1778 nbi
524 1713 618 1800 vulgo
647 1713 801 1781 edebatur
824 1715 853 1782 εί
874 1715 1059 1796 τιιῖμιίτηρ
1091 1713 1314 1796 έμεγαλαίχει
1337 1715 1422 1782 τίτε.

233 1813 388 1884 Codicum
413 1819 557 1885 omnium
585 1818 833 1906 antiquissimus
858 1819 880 1884 B
904 1821 995 1908 peius
1022 1823 1119 1888 etiam
1145 1819 1326 1903 θμαλαύχει
1349 1819 1424 1888 τθτε

232 1921 340 2002 dedit,
367 1943 452 1990 unus
482 1923 505 1990 F
528 1943 635 1991 ueram
659 1923 828 1992 lectionem
850 1927 1110 2010 ἐμεγαλαυχεῖτο
1134 1927 1285 1994 serravit.
1332 1925 1422 1995 ldeur

232 2027 366 2094 uerbum
392 2027 628 2096 restituendum
666 2030 794 2098 uidetur
826 2032 955 2100 chroru
988 2035 1019 2099 in
1054 2031 1129 2120 llcp.
1155 2033 1239 2100 vltt.
1264 2053 1293 2120 p.
1306 2035 1372 2100 nee
1393 2051 1421 2100 a.

232 2136 286 2201 οὐκ
315 2133 354 2202 ἵιν
390 2135 536 2203 πείθοιντο
579 2137 604 2203 οἵ
635 2137 701 2219 περί
739 2142 843 2206 ταῦτα
886 2137 1038 2221 ζητητικοὶ
1079 2137 1422 2224 μεγαλοφρονούμενοι,

229 2242 305 2328 quia
337 2241 435 2308 turici
472 2239 621 2309 dicebaut
654 2251 841 2311 constanter
872 2264 984 2312 omnes
1015 2243 1105 2325 μέγα
1134 2251 1273 2330 φρονεῖν,
1297 2244 1421 2328 μεῖζον,

229 2345 358 2428 μέγιςον
390 2355 531 2433 φρονεῖν,
565 2357 599 2416 ul
630 2353 792 2429 ταπεινὸν,
824 2351 949 2433 ομικρθν
976 2356 1115 2436 φρονεῖν,
1149 2370 1254 2438 neque
1277 2366 1421 2432 μεγαλο-

230 2461 350 2538 φρονεῖν
370 2462 400 2520 et
422 2452 652 2522 multominus
679 2459 995 2541 concorporentur,
1025 2455 1110 2545 quod
1133 2455 1226 2546 plane
1246 2456 1421 2524 barbarum

230 2567 279 2627 est
302 2568 334 2627 et
359 2559 455 2626 aerbo
477 2561 630 2643 χαίρομαι
652 2562 866 2630 simillimum.
915 2562 1066 2630 Graeculi
1090 2561 1241 2630 dicebant
1264 2563 1420 2644 μεγαλα,

229 2667 342 2751 μείζω,
365 2667 487 2747 μέγιςα
515 2674 652 2752 φρονεῖν,
676 2677 708 2735 et
733 2670 921 2757 saepissime
944 2676 1211 2753 μεγαλοφρονεῖν,
1244 2668 1326 2736 uude
1350 2688 1421 2757 pas·

230 2775 291 2840 situ
316 2772 438 2840 laetum
464 2781 513 2840 est
538 2783 573 2840 ut
594 2775 674 2841 istae
698 2773 807 2843 sordes
831 2775 967 2843 labentis
993 2774 1185 2842 Graecitatis
1198 2776 1229 2841 in
1244 2774 1422 2863 antiquita·

229 2883 273 2947 tis
297 2889 504 2947 monumenta
529 2900 563 2946 se
595 2880 817 2960 insinuarent,
841 2901 934 2968 saepe
957 2901 975 2948 a
1000 2881 1129 2949 Critiois
1152 2881 1321 2971 expulsae,
1350 2901 1422 2948 sae·

230 2987 304 3076 pius
338 2984 558 3072 excellentiae:
594 2995 625 3052 at
672 2992 967 3070 μεγαλοφρονοῦμεν
1003 3007 1095 3054 nemo
1130 2995 1179 3055 est
1210 2989 1265 3076 qui
1301 2983 1422 3055 dixerit

229 3112 403 3179 umquam,
424 3089 632 3178 quamobrem
653 3093 953 3174 μεγαλανχοθμενοι
979 3094 1197 3171 restituerim,
1228 3113 1292 3181 quta
1317 3093 1420 3162 torma

230 3198 330 3265 Pulso
364 3217 438 3263 cum
469 3197 605 3264 caeteris
631 3197 781 3265 omnibus
810 3200 940 3287 saepius
971 3201 1093 3280 utitur,
1129 3209 1164 3266 ut
1200 3199 1232 3265 in
1265 3199 1324 3266 boc
1349 3200 1420 3288 ipso

230 3323 326 3394 opere
357 3303 396 3368 de
426 3301 501 3390 Rep.
525 3302 580 3369 lll.
615 3326 645 3393 p.
670 3307 734 3370 395
760 3325 787 3370 o.
820 3313 957 3386 γυναῖκα
988 3308 1059 3387 πρὸς
1092 3307 1174 3381 θεοὺς
1206 3304 1360 3387 ἐρίζουσάν
1381 3331 1420 3373 τε

228 3412 280 3480 καί
306 3409 623 3494 μεγαλαυχουμένην.
671 3409 861 3498 Exentplum
886 3421 1031 3480 vetustae
1052 3411 1307 3500 interpolationis
1332 3411 1417 3479 idern

230 3518 330 3585 Porro
361 3515 580 3608 suppeditabit
609 3517 641 3582 ιἰι
673 3515 811 3606 Lepidus
842 3516 895 3584 xl.
931 3539 958 3604 p.
985 3523 1046 3586 951
1083 3541 1111 3584 ι.
1144 3520 1248 3600 πατὴρ
1278 3513 1328 3585 οὖν
1359 3513 1419 3601 dap

229 3626 280 3694 καί
314 3627 415 3707 μήτηρ
447 3623 463 3700 οἵ
492 3624 606 3691 τούτων
634 3623 765 3705 πατέρες
797 3624 814 3701 ἣ
846 3621 977 3706 μητέρες
1007 3625 1037 3690 έν
1068 3624 1147 3710 οἵκίρο
1171 3634 1289 3692 κεῖνται
1312 3625 1418 3704 κειμη-

223 3748 287 3799 ·λιοι
327 3728 525 3813 οἵτειρηκίτες
561 3730 643 3814 γιίρρ
680 3729 788 3808 μηδείς
825 3729 1007 3808 διανοηθήτω
1046 3731 1120 3798 ποτὲ
1155 3729 1298 3811 ἄγαλμα
1332 3730 1417 3812 αὐτῷ

228 3842 359 3905 τοιοῦτον
384 3835 506 3920 ἐφέςιον
527 3833 643 3917 ἵδρυμα
673 3835 703 3901 έν
734 3835 815 3922 οἵκίρι
838 3834 919 3919 ἔχων
948 3839 1071 3914 μᾶλλον
1094 3834 1191 3916 κιίριον
1222 3833 1343 3903 έοεσθαι
1364 3836 1420 3904 ἐὰν

230 3945 265 4020 δη
289 3943 374 4009 κατα
405 3938 513 4022 τρίπον
544 3965 584 4020 γε
614 3943 700 4023 ὀρθῶς
728 3942 805 4008 αὐτὸ
837 3941 985 4025 θεραπεύη
1018 3943 1032 4008 θ
1062 3941 1254 4021 κεκτημένος.
1279 3943 1336 4029 qui
1360 3939 1418 4008 ad·

228 4049 372 4117 monitus
403 4066 465 4112 non
497 4047 613 4113 sentiet
645 4049 676 4113 ἐν
704 4048 784 4132 οἰκία
815 4069 884 4115 esse
913 4049 1240 4134 interpretamentum
1271 4047 1417 4114 vocabuli

227 4157 349 4241 ἐφέςιον
372 4160 404 4220 et
427 4154 512 4234 ὀρθῶς
534 4153 702 4221 uerborum
724 4155 809 4221 aurci
833 4153 961 4238 τρίπον,
989 4154 1129 4222 nondum
1154 4153 1232 4242 quid
1251 4154 1293 4221 sit
1315 4153 1417 4223 nitide

225 4272 257 4332 et
281 4261 446 4348 eleganter
469 4258 611 4326 seribere
641 4279 680 4328 ex
716 4261 861 4327 Pnrrorus
888 4273 921 4328 et
952 4261 1133 4328 Atticorum
1169 4260 1306 4328 lectione
1338 4262 1418 4328 satis

108 4420 111 4426 .
224 4367 399 4457 perspexit.
449 4362 509 4446 Qui
534 4367 666 4443 sentiet,
698 4365 782 4456 apud
813 4367 971 4435 Seouerou
997 4367 1028 4434 iu
1054 4367 1167 4434 Ftortt.
1194 4366 1332 4434 lellll.
1359 4371 1415 4436 bl.

225 4481 364 4543 ueterem
401 4491 470 4539 esse
510 4471 787 4564 interpolationem
833 4474 1019 4561 comperiet.
1068 4473 1190 4545 ludam
1227 4493 1265 4541 ex
1301 4472 1414 4544 iisdem
