3086 4974
655 328 724 406 525

94 535 203 613 practer
236 531 361 591 tentent
393 521 476 608 apud
509 523 647 590 Graecos
673 541 784 590 oriones
808 523 927 609 legitur
953 541 1054 610 ueqtre
1077 522 1117 590 ed
1144 523 1284 598 clarente

94 639 246 702 oetatem.
293 628 383 696 Plato
406 638 543 715 utroque
566 627 720 696 rocolrulo
741 629 811 713 ὄναρ
834 638 867 696 et
891 625 973 711 ὄταρ
996 629 1183 716 saepissime
1207 651 1284 700 neue

94 746 162 816 cet,
188 735 272 804 unde
297 737 329 802 in
354 734 615 822 trequentiseimo
630 737 784 814 omnium
810 755 870 803 neu
894 755 964 802 csse
988 736 1095 822 coepit
1119 755 1220 824 usqne
1243 737 1282 806 ad

93 841 278 930 decrepitae
302 842 418 912 aetatis
444 840 637 920 Graeculos,
670 843 725 928 qui
750 843 914 910 tamenin
939 861 1057 908 novum
1082 862 1224 912 errorem
1249 864 1285 914 ee

96 948 272 1016 induerunt
304 957 337 1014 et
364 949 435 1030 δναρ
457 957 488 1014 et
513 944 596 1030 ὕπαρ
626 947 776 1020 adverbia
809 969 878 1016 esse
904 948 1084 1016 nescientes
1109 950 1202 1037 quusi
1227 969 1285 1016 uo·

95 1057 182 1122 minu
206 1061 315 1121 essent
341 1054 607 1141 praepositionem
633 1053 793 1122 addebant
817 1057 890 1122 κατ’
911 1053 980 1137 ὄναρ
1000 1053 1144 1121 dicentes
1164 1063 1196 1120 et
1216 1057 1284 1120 καθ’

95 1157 187 1242 ὕπαρ.
225 1159 305 1228 Hine
328 1179 444 1245 grates
466 1166 524 1231 rin
542 1161 711 1232 ὀὄττονιςῶν
734 1160 883 1247 querelae
906 1170 938 1227 et
962 1160 1041 1226 irae.
1079 1159 1161 1226 dudi
1181 1159 1285 1250 turp·

95 1265 229 1335 nichum
263 1267 296 1332 iu
329 1265 529 1334 Polemonem
563 1264 746 1354 sophistam
780 1266 1004 1346 invehentem,
1039 1267 1094 1354 qni
1119 1272 1192 1334 κατ’
1215 1265 1285 1349 ὄναρ

96 1373 221 1440 dixerat
247 1393 276 1460 p.
302 1377 377 1438 tet.
400 1371 477 1436 odeo
496 1393 610 1459 mopere
629 1395 680 1440 rer
699 1386 744 1440 ert
765 1373 898 1462 (inquit)
918 1373 1084 1440 cerdonem
1101 1373 1286 1462 intelligen-

96 1481 158 1555 tie,
193 1476 268 1547 ὄτον
299 1502 340 1558 γε
372 1477 406 1553 tl
438 1477 490 1544 καὶ
520 1479 564 1544 ‘rol
589 1476 670 1561 ὄκρα
702 1486 761 1546 τῶν
787 1480 942 1556 Ἑλλήνων
976 1481 1131 1546 τταΙοντα
1164 1480 1285 1562 operer.

97 1583 247 1652 Mendose
267 1582 350 1671 apud
369 1583 564 1672 Hesyclriurn
590 1585 821 1652 circumfertur
845 1583 939 1652 Καθ’
964 1582 1086 1668 ὄταρ;
1111 1587 1184 1654 κατ’
1203 1585 1284 1668 ὄναρ.

99 1689 182 1757 Bella
221 1690 444 1776 interpretatio
483 1701 515 1758 et
550 1691 710 1760 decredere
740 1689 868 1777 dignep
892 1689 947 1756 sed
980 1699 1016 1757 tu
1043 1691 1180 1758 emenda
1211 1702 1283 1758 ΚΑΙ

96 1795 179 1878 ὄταρ
203 1807 274 1864 ΚΑΙ
297 1795 383 1876 trop:
411 1804 445 1864 nt
468 1795 592 1867 dicitnr
614 1797 674 1866 οὔθ’
698 1795 781 1879 ὄταρ
804 1795 870 1864 οὔτ’
888 1795 973 1878 ὄναρ,
998 1807 1027 1864 et
1050 1797 1284 1882 contropatio·

94 1901 188 1986 ὄταρ.
235 1903 328 1971 Nunc
361 1902 523 1970 Platonem
555 1903 726 1972 audiamur
749 1912 782 1970 et
806 1901 949 1970 maculae
973 1901 1092 1990 aliquot
1119 1903 1284 1989 absterge·

94 2031 207 2088 emus,
242 2010 271 2080 ei
301 2008 378 2096 quid
420 2007 651 2078 homunciones
681 2011 713 2077 in
746 2011 869 2078 rariore
905 2008 1059 2078 uocabulo
1093 2018 1281 2096 peccarunt.

94 2115 184 2184 Plato
215 2115 254 2182 de
278 2114 374 2204 Lepp.
409 2136 438 2201 p.
458 2119 541 2182 969.
568 2115 601 2181 Β.
626 2114 716 2190 ὄντας
741 2118 772 2183 δὲ
796 2115 1002 2200 ἔσαινσχεδόν
1036 2112 1143 2199 ὄνεαρ
1167 2118 1283 2184 droce-

93 2221 298 2302 τελεσροόνον,
322 2218 356 2288 εὖ
378 2223 495 2303 σμικρῷ
520 2220 645 2304 redoleo
668 2223 818 2304 ὄννόρατορ
838 2221 877 2297 ὄρ
899 2225 942 2304 τῷ
965 2221 1050 2303 λόγῳ
1075 2221 1282 2305 ἐφηψάμεθα.

96 2329 295 2415 Agnoscisne
324 2328 531 2396 Homericum
564 2326 670 2410 ὄταρ
701 2329 807 2398 ἐσθλὸν
826 2327 845 2396 ὄ
863 2351 908 2395 τοι
939 2327 1161 2406 erumpere
1189 2326 1281 2396 ἓταιό

95 2439 132 2502 In
168 2431 297 2508 Politice
329 2453 357 2519 p.
384 2439 462 2502 ete.
487 2443 525 2502 E.
549 2431 599 2500 i'oc
624 2431 728 2516 ὄταρ
759 2436 827 2502 ὄντ’
850 2434 1001 2516 ὄνεόρατορ
1025 2436 1099 2513 ἡμῖν
1122 2433 1282 2514 γίγνηται.

95 2539 132 2606 lu
162 2537 322 2606 Theaeteto
346 2561 375 2625 p.
403 2545 482 2608 tetes
498 2559 527 2606 o.
552 2538 675 2620 τότερον
700 2541 885 2620 καθεύδομεν
909 2542 962 2608 καὶ
985 2539 1093 2608 ταντα
1111 2535 1133 2606 el
1154 2538 1283 2606 διανοοό·

95 2645 178 2726 μεόα
200 2643 411 2726 ὄνειρόττσραεν
435 2647 453 2723 ἢ
476 2645 691 2728 ὄγρνγόραμόν
710 2671 746 2714 τε
768 2645 822 2712 καὶ
843 2644 947 2728 ὄταρ
971 2647 1121 2723 αλλήλοις
1140 2643 1283 2724 διαλεγό·

95 2751 196 2832 μοόα;
235 2751 269 2817 ln
303 2749 433 2817 Pdilebo
466 2772 497 2840 p.
522 2757 565 2818 20
590 2773 615 2817 e.
647 2752 749 2832 λόγον
783 2752 858 2820 orori
890 2776 978 2819 τιναν
1011 2751 1115 2818 erinon
1146 2751 1283 2825 ὄκοόσαρ

94 2857 185 2940 ὄναρ
210 2858 227 2932 ἢ
252 2855 304 2922 καὶ
329 2858 559 2940 ὄνρνρροορόις
582 2863 632 2924 νῦν
656 2858 738 2924 ἐννοῶ
760 2859 830 2939 cepi
848 2881 884 2928 τι
906 2859 1009 2935 νῖδινῆο
1029 2857 1082 2925 καὶ
1101 2857 1282 2940 Φροννὶσοονρ.

95 2967 216 3032 iterum
247 2964 279 3036 in
311 2961 446 3030 Politice
475 2983 507 3050 p.
531 2967 595 3032 277
625 2983 654 3030 o.
685 2963 847 3032 κινδυνεύει
878 2965 942 3046 rep
973 2968 1058 3044 ἡμῶν
1086 2961 1197 3037 ἕκατον
1225 2956 1283 3030 οἷον

95 3069 166 3153 ὄναρ
195 3069 279 3144 elliu
311 3066 441 3138 ὄταντα
465 3068 558 3136 σαντ’
581 3064 623 3138 αὖ
646 3070 744 3137 ταόλιν
767 3069 866 3152 ὄστερ
890 3069 995 3152 ὄνεαρ
1018 3074 1151 3150 ἀγνοεῖν.
1198 3067 1284 3136 ilaec

95 3177 207 3244 omnia
227 3195 306 3242 euna
329 3183 361 3242 et
385 3176 510 3262 integre
534 3187 630 3255 eunt,
655 3175 710 3243 eed
737 3177 768 3241 in
793 3175 887 3244 libris
910 3177 949 3242 de
973 3174 1072 3264 depp.
1097 3196 1126 3262 p.
1156 3179 1229 3244 100.
1254 3194 1283 3242 ι.

95 3286 164 3352 καθ’
189 3281 280 3350 teon
305 3281 335 3348 δὲ
359 3277 419 3348 οόὄν
442 3284 500 3349 arod
524 3283 679 3360 recolorari
705 3279 807 3365 ὄταρ
832 3282 1029 3376 [ὄρρνγοροόρ]
1049 3279 1190 3364 ὄνσόριοξε
1207 3303 1284 3356 nco·

95 3390 256 3466 τενόαενος
279 3389 373 3465 αὐτό,
397 3387 533 3456 audisne
558 3390 837 3475 interstrepentenr
863 3388 1018 3456 ecioluml
1043 3386 1098 3454 sed
1124 3385 1209 3456 fallet
1230 3405 1285 3452 ue·

96 3497 227 3564 minem.
264 3493 421 3562 Similiter
444 3496 483 3561 dc
508 3495 574 3583 ttep
613 3515 641 3582 p.
668 3501 744 3562 ott.
770 3517 798 3560 e.
822 3489 858 3562 αό
881 3494 1022 3578 τρότερον
1045 3494 1102 3572 μὲν
1125 3490 1194 3573 ὄναρ
1218 3489 1285 3558 ἐλύ-

98 3626 162 3670 οντο
197 3602 241 3691 [ἒν
272 3599 370 3689 deep]
400 3599 453 3670 ὄτε
487 3597 521 3677 ἦν
547 3601 641 3675 αὐτὸς
666 3600 711 3666 ἔτι
732 3602 789 3667 riori
813 3601 912 3680 νόριοις
936 3625 971 3666 τε
995 3599 1049 3666 καὶ
1074 3597 1167 3680 τατρδ
1191 3597 1286 3675 δομο-

97 3708 300 3789 κρατοόμενοσ
331 3708 362 3773 ἐν
392 3709 512 3790 ἑαυτῷ,
544 3705 749 3790 τνραννενόεὶς
778 3706 809 3772 δὲ
842 3707 894 3774 ὄντ’
925 3705 1032 3789 ἔρωτος
1063 3701 1121 3777 οἷον
1144 3701 1286 3781 introiere

98 3812 241 3892 etymo
260 3812 392 3880 ''ONAP
414 3814 541 3884 'Tune
565 3817 697 3887 τοιοῦτον
717 3811 767 3878 αεὶ
788 3811 970 3892 γενόμενος.
991 3810 1045 3880 uti
1065 3811 1095 3877 ἐν
1115 3805 1197 3890 deep
1217 3814 1288 3894 puel

96 3917 166 3999 ὄναρ
198 3916 321 3986 illatum
354 3917 558 4006 displicebit,
593 3927 628 3986 ut
662 3918 792 4005 opinor,
825 3920 922 3986 etiam
956 3916 1038 3994 illie,
1068 3913 1187 4003 quibus
1224 3931 1287 3980 non

96 4022 201 4111 placet
231 4024 388 4112 quaedam
419 4024 546 4111 plenior
574 4023 658 4090 dicto
689 4024 836 4092 roeecari.
874 4023 978 4092 Nimio
996 4021 1196 4110 plemnaeo
1218 4018 1287 4107 qui·

96 4131 168 4198 dem
193 4140 271 4198 stunt
294 4140 327 4198 et
352 4131 437 4198 ultro
462 4129 583 4218 aliquid
608 4129 722 4197 eluit.

141 4235 340 4306 Concludam
365 4237 453 4304 nunc
476 4235 581 4304 locum
605 4235 829 4305 emendatione
854 4235 1010 4325 lociapnd
1026 4233 1236 4303 Plutarchum
1251 4233 1285 4297 in

100 4343 215 4412 ttoreo
242 4364 312 4430 cap.
338 4349 393 4412 32.
425 4344 496 4418 τοὺς
522 4342 656 4418 πολλοὺς
680 4343 865 4424 διετάραττε
888 4343 941 4410 καὶ
966 4343 1134 4424 διέβαλλεν
1152 4342 1195 4414 ’ὥς
1218 4337 1288 4419 ὄναρ

95 4450 285 4533 ἑλονόερόΛΟ
312 4450 460 4532 iporeae,
488 4449 567 4534 ἔργῳ
595 4450 627 4516 δὲ
656 4449 901 4532 ὄτοτερνρριόνοορ
932 4450 1084 4534 τατρόδονν
1115 4445 1168 4513 καὶ
1192 4447 1286 4526 ἱερῶν.
