3086 4974
668 349 740 423 ent.

112 554 160 620 θεν
181 529 327 626 τοιαύτην
355 545 481 632 ἔχοντες
511 548 567 624 τὴν
592 546 701 626 δόξαν,
723 550 763 622 ἀς
787 546 849 630 ἀρα
879 549 893 614 ό
917 549 1111 630 Δημοσθένης
1135 549 1218 617 οὐδὲν
1242 546 1301 615 πύ-

112 683 188 726 τοτε
211 657 326 739 εἴρηκεν
351 655 425 738 ὑπὲρ
449 655 606 721 Φιλίππου
624 655 722 728 ουτάς
745 656 832 735 μετά
855 656 1061 738 Φιλοκράτους
1074 654 1204 738 --,όςις
1224 655 1301 724 ούτοι

113 765 265 832 διάκειται
288 762 364 841 μήτ’
386 756 557 841 ἀπογνώτω
576 761 670 840 μηδὲν
690 764 771 841 μήτε
790 765 1002 842 καταγνώτω,
1023 764 1091 847 πρὶν
1112 764 1152 830 ἀν
1172 764 1299 848 ἀκούσῃ.

113 869 237 959 Ecquid
262 889 341 956 opus
366 878 435 934 eret
466 867 573 935 (tinore
597 868 778 955 opinionem
805 889 901 955 qnam
928 873 1001 957 quis
1026 869 1065 936 de
1090 889 1125 936 en
1152 889 1185 937 re
1210 869 1305 936 domo

113 975 259 1044 attulerit
296 975 455 1059 superiore
486 984 623 1061 tempore
660 983 848 1062 conceptam
888 975 1008 1043 fnisse?
1053 977 1143 1043 inter
1173 972 1236 1049 όςις
1271 984 1305 1042 et

115 1091 241 1150 οΤΤΩ
278 1081 419 1148 orhitror
456 1077 505 1146 ούν
536 1077 620 1170 (οῨ)
654 1080 830 1159 excidisse,
871 1081 954 1168 qnod
990 1083 1208 1170 interponitur
1250 1079 1305 1148 ubi

114 1197 183 1276 post
215 1187 391 1273 longiorem
413 1185 583 1254 verborum
606 1189 781 1254 circuitum
802 1189 980 1255 sententiae
1002 1188 1090 1255 htum
1113 1189 1303 1256 resumitur.

115 1294 234 1362 Deinde
258 1294 339 1373 μήτε
361 1293 489 1374 temnet
512 1293 606 1372 μηδὲν
629 1293 711 1373 μήτε
731 1297 882 1378 καταγνῷ
904 1315 1076 1382 reponam,
1101 1298 1178 1383 qnia
1203 1297 1303 1362 omni·

115 1399 174 1467 hus
197 1401 243 1465 itn
267 1410 314 1466 est
342 1419 411 1465 mos
435 1397 561 1474 diesne.
589 1419 650 1466 non
676 1402 845 1480 ἀπορνύτνι
870 1409 902 1468 et
926 1402 1131 1482 καταγνώτω.

160 1506 195 1573 ln
221 1508 239 1591 S
263 1509 318 1572 62.
343 1504 518 1588 εἰσέρχεται
552 1506 751 1596 [βουλευτὴς]
779 1509 822 1582 eie
846 1507 882 1573 τό
905 1507 1120 1590 βουλευτήριον
1144 1507 1302 1588 Δημοσθέ-

116 1637 166 1687 νης
188 1611 258 1678 ούτε
280 1614 391 1695 naxon
423 1613 487 1678 οὔτ’
518 1613 698 1694 ἕτιλαχύν,
729 1615 804 1679 ἀλλ’
836 1613 870 1679 ἐκ
901 1621 1100 1695 παρασκευῆς
1124 1615 1301 1697 πριάμενος.

117 1717 198 1800 Quin
223 1717 398 1785 Aeschines
416 1727 510 1804 negot
536 1717 782 1786 Demosthenem
808 1727 988 1786 senatorem
1012 1719 1131 1800 tuisse,
1157 1720 1210 1788 sert
1230 1741 1304 1788 eum

118 1821 211 1890 metis
240 1822 364 1893 ertihns
396 1824 428 1889 in
462 1825 586 1891 curiam
622 1826 792 1913 irrepsisse
815 1826 1028 1906 criminatur,
1065 1827 1212 1913 sequitur
1234 1828 1308 1908 βου-

116 1931 228 2008 κεντθρ
260 1949 298 1996 ex
332 1929 575 2018 interpolatione
606 1951 675 1999 esse
697 1940 822 1998 netum.
872 1931 1049 1999 Emendate
1072 1933 1231 2021 scriptum
1256 1941 1305 2000 est

119 2040 136 2124 §
164 2041 241 2105 125.
277 2038 417 2104 εἰσελθὼν
452 2039 496 2114 εἰς
530 2038 565 2104 τό
600 2038 813 2120 βουλευτήριον
848 2037 901 2104 καὶ
937 2037 1197 2121 μεταςκσάμενορ
1233 2038 1304 2112 τούς

115 2144 248 2219 ἶθιύταο.

162 2250 198 2318 ln
226 2256 242 2339 §
270 2250 554 2319 essentessent
581 2249 725 2332 πρέσβεις
750 2249 976 2335 αύτοκράτοραο
1004 2253 1190 2324 ἀποτίλλειν
1213 2252 1305 2335 περὶ

118 2361 254 2441 εἰρήνης,
280 2359 432 2445 prosint
441 2382 456 2440 ρ
480 2367 522 2434 τῇ
531 2381 546 2431 ς
569 2360 696 2440 εἰρήναν.
739 2357 891 2424 nrtteuto
914 2358 1004 2424 loeus
1030 2379 1091 2425 non
1116 2367 1182 2437 est,
1207 2367 1239 2426 et
1263 2357 1306 2425 ie·

118 2467 185 2554 gati
208 2466 247 2532 de
272 2485 366 2553 paee,
391 2485 453 2531 non
475 2485 534 2552 pro
559 2483 635 2551 paee
659 2465 848 2530 mittuntur.

165 2572 240 2638 Post
264 2590 381 2660 penne:
406 2573 420 2637 t
444 2570 501 2652 μέν
523 2595 563 2651 γε
586 2573 641 2645 τάν
664 2567 805 2648 ἐξουσίαν
827 2568 917 2636 ἔδακε
940 2575 993 2637 τοῦ
1013 2571 1097 2654 δεῦρο
1116 2572 1233 2655 κύρυκα
1251 2572 1305 2639 καὶ

118 2677 264 2760 πρέσβεις
290 2677 486 2758 πέμπεσθαι,
520 2677 534 2741 ό
565 2675 596 2741 δὲ
626 2685 665 2760 τῇ
689 2675 842 2762 πρεσβεύοι
865 2677 1037 2744 σπένδεται.
1086 2675 1201 2745 Omnis
1227 2678 1305 2746 heeo

119 2785 230 2870 spuria
262 2793 352 2851 sunt:
390 2803 523 2872 prorsus
554 2791 631 2849 snnt
664 2803 919 2870 supert¹aoanea;
952 2783 1033 2850 mate
1065 2783 1222 2850 Groeenm
1256 2795 1305 2852 est

119 2891 297 2968 πέμπεσθαι
328 2910 386 2978 pro
417 2890 567 2970 πόμπειν;
591 2888 707 2956 falsum
732 2899 782 2956 est
804 2892 859 2964 rin
883 2890 1021 2969 ἐξουσίαν
1045 2891 1136 2958 ἔδακε
1161 2910 1218 2978 pro
1242 2890 1306 2957 ἐκθ-

119 3011 228 3063 λευοεν
252 2998 374 3064 ἑλέσθαι
399 2997 474 3064 δέκα
497 2995 643 3079 πρέσβεις
664 2995 769 3070 οἵτινες
793 2994 952 3074 ἀξιώσουσι
972 2997 1024 3062 τόν
1048 2997 1201 3064 Φθλιππον
1224 2997 1307 3080 δεῦρο
1381 3071 1385 3080 ,

118 3104 264 3186 πρέσβεις
286 3103 491 3183 arachnen,
515 3101 600 3190 qnod
626 3122 688 3168 non
712 3110 762 3168 est
785 3101 893 3170 hercle
918 3103 1014 3170 idem.

164 3209 199 3276 ln
226 3213 243 3296 ς
268 3213 324 3276 66.
349 3211 374 3276 ot
398 3210 424 3276 δ’
446 3206 628 3289 ἀποδόμενοι
654 3209 722 3295 [καὶ
748 3209 1080 3302 κατακοινωνήσαντες]
1102 3211 1145 3278 τά
1168 3218 1225 3287 τῆς
1248 3209 1306 3279 τό·

117 3330 194 3390 hene
218 3316 333 3397 ἰσχυρόν
358 3315 505 3394 mendene
537 3317 627 3398 ἀρνός
659 3310 736 3390 ἦσαν
761 3313 849 3394 ἀξια.
901 3314 1039 3383 Verbum
1071 3327 1305 3385 κατακοινωνεῖν

119 3431 247 3509 praeter
272 3419 356 3488 hune
386 3419 491 3488 lonnm
524 3422 622 3489 semet
655 3429 783 3487 tentum
807 3421 926 3507 legitur
950 3422 1033 3509 opud
1061 3423 1305 3492 Barnosthenem

118 3529 191 3609 τορός
213 3527 377 3606 Ζηνόθεμιν
401 3547 472 3615 pag.
493 3531 580 3607 689,
607 3532 639 3596 6.
666 3533 762 3614 ᾑρεῖτο
785 3529 878 3604 αύτθο
903 3528 1044 3611 κερδάναι
1070 3530 1087 3608 ni
1118 3554 1307 3598 κατακοινοι·

117 3635 214 3711 νήσας
236 3634 354 3710 τούτοις
379 3641 435 3710 τῆς
458 3635 614 3718 possetne
644 3635 770 3706 τούτους
793 3643 918 3711 ποιῆσαι
942 3636 1081 3719 μερθταο.
1128 3635 1185 3702 nst
1209 3660 1308 3704 κοινα·

119 3749 179 3808 νεῖν
198 3740 403 3827 participare,
424 3750 546 3828 portem
569 3741 666 3809 alieni
687 3742 864 3827 impertiri,
889 3749 921 3808 et
946 3743 1031 3810 κατά
1052 3743 1213 3830 signifieat
1237 3743 1308 3810 doio

118 3845 203 3914 molo
227 3845 258 3912 tt
286 3845 373 3926 fieri,
398 3857 504 3930 eontra
535 3848 672 3935 officinm
695 3858 724 3915 et
747 3845 866 3935 fidem,
892 3849 983 3915 utin
1008 3857 1184 3929 κατελεεῖν,
1210 3873 1309 3918 κατα·

116 3953 300 4039 χαρίζεσθαι
339 3961 371 4018 et
403 3955 477 4021 sim.
525 3953 703 4043 Sed·nprrd
737 3954 928 4022 Aeschinem
959 3955 1136 4023 absurdum
1173 3958 1306 4024 verbnm

115 4071 179 4136 est;
211 4060 267 4148 poi
293 4059 432 4126 vendidit
467 4079 528 4126 non
560 4069 662 4148 potest
693 4061 764 4128 eins
798 4061 843 4127 rei
875 4081 972 4148 qnnm
1006 4059 1149 4129 vendidit
1181 4072 1306 4151 partem

115 4167 210 4236 atteri
235 4166 408 4253 impertiri.
456 4166 582 4248 Qtnmto
610 4165 727 4234 metius
751 4176 782 4234 et
807 4167 915 4234 nerins
938 4178 988 4234 est
1012 4161 1036 4235 ἀ
1059 4167 1240 4250 ἀποδόμενοι
1263 4169 1306 4236 rh
1350 4183 1355 4190 '

114 4282 171 4351 τῆς
195 4273 313 4346 πόλεως
338 4269 468 4354 θσχυρά.
933 4278 936 4287 ’

162 4379 197 4446 itt
223 4383 241 4466 §
268 4383 322 4445 70.
347 4380 392 4458 μθρ
416 4378 499 4458 μόνον
522 4379 595 4458 μηδ’
618 4379 830 4464 ἀπαράσκευοι
854 4381 1091 4463 πολεμθσαιμεν
1114 4371 1136 4445 ἀ
1160 4383 1212 4446 νῦν
1233 4381 1307 4459 ύμῖν

114 4487 226 4554 παθεῖν
245 4483 379 4564 συνέβη,
400 4485 632 4570 corrigendum
650 4483 664 4552 ό
682 4507 739 4575 pro
758 4484 800 4566 ἀ,
826 4485 902 4575 quie
919 4487 959 4556 tle
977 4509 1040 4554 ααο
1053 4495 1137 4554 nerto
1153 4505 1187 4552 re
1200 4503 1309 4552 sermo
