3204 4978
730 350 798 425 acl

161 547 220 615 boo
233 545 330 614 verbo
349 545 467 612 iormas
487 546 638 634 antiquas
657 554 688 612 et
704 545 818 632 probas
837 544 986 612 ascribis
1002 547 1130 613 tentari.
1157 547 1351 637 Saepissime

160 653 244 744 apud
281 655 453 720 dsurronu
488 655 543 738 qni
576 656 606 718 tv
637 661 701 726 τοῖς
733 655 819 734 ἱεροῖς
851 653 955 732 λόγοις
988 653 1028 718 ad
1060 652 1224 719 lastidinm
1251 675 1351 741 usque

160 769 391 828 commemorat
423 778 520 846 qnam
550 780 644 846 saepe
669 759 802 838 laverit,
831 758 950 826 lormae
975 759 1149 827 deteriores
1172 760 1351 841 λουόμενος,

158 869 322 946 λούεσόαι,
349 864 515 946 ε’λονόμην,
535 875 565 932 el
592 867 774 937 λελοῦσόοιι.
799 868 981 945 λελουμένος
1001 888 1017 932 a
1041 866 1182 933 librariis
1206 868 1353 934 invectae

160 983 256 1052 sunt,
276 973 348 1041 ride
364 973 510 1040 Druonar.
527 971 566 1037 ad
587 993 617 1058 p.
632 977 715 1050 274,
733 977 783 1038 18.
808 971 1014 1058 Negligeuter
1028 973 1159 1039 Baculus
1173 971 1234 1040 lab.
1252 979 1306 1052 71,
1320 978 1351 1040 8.

388 1079 537 1162 πρόσωπα
560 1078 585 1143 δ’
609 1079 709 1144 αὑτῶν
733 1077 854 1154 ἐξέλοιιε
878 1078 930 1144 καί
955 1079 1087 1157 κνήμας.
1133 1151 1135 1158 ,
1160 1129 1164 1137 .

161 1206 301 1273 πείσοιντο
325 1185 413 1269 νίζειν
445 1183 505 1250 boc
531 1193 654 1251 veteres
676 1184 843 1262 dicebaut,
869 1193 900 1250 et
923 1184 1028 1263 όξέλον
1054 1184 1208 1252 debuerat
1233 1185 1352 1254 dicere.

209 1290 257 1359 tt
283 1312 355 1379 pag.
383 1294 436 1358 86.
472 1291 588 1373 Νίφειν
612 1290 818 1357 scribendum
843 1311 931 1369 esse,
954 1295 1016 1356 ubo
1041 1292 1155 1376 νείφειν
1181 1292 1354 1359 coufirma-

164 1398 209 1465 bit
243 1399 373 1466 Punrrus
405 1396 454 1463 Nl
462 1402 537 1478 ψοιι
574 1397 683 1486 (scrib.
719 1385 853 1484 illinenda
887 1399 995 1480 μακρά
1028 1399 1045 1474 ἡ
1077 1399 1179 1480 πρώτη
1204 1401 1353 1479 συλλαβὴ

162 1503 255 1572 ίπότε
279 1504 328 1570 ἐπὶ
353 1509 479 1587 νιφετοῦ
503 1504 656 1572 τάττεται
680 1504 734 1570 καί
758 1503 891 1584 ἔνιψεν
914 1504 966 1568 καί
992 1504 1128 1587 ἐνίφόν
1154 1508 1246 1584 sipi.
1278 1505 1355 1571 Είλ-

161 1627 226 1678 λειν
246 1620 278 1678 et
297 1607 379 1678 είλοιι
406 1619 437 1677 οι
465 1612 642 1699 οοιιιροείοο
670 1629 763 1697 saepe
793 1609 878 1696 apud
905 1609 1079 1676 llcsromurr
1104 1610 1274 1697 leguntur,
1300 1611 1354 1677 cni

162 1715 261 1783 redde
279 1717 441 1784 είσίλλειν;
463 1717 620 1798 είσάμειν,
645 1717 833 1782 εἰσελαύνειν
857 1736 915 1804 ρει)
935 1719 1084 1793 είσιιλεῖν,
1106 1728 1139 1784 el
1157 1716 1354 1795 ἐξίλλεινε

163 1825 312 1903 ἐκβαλεῖν
333 1845 391 1912 pro
417 1824 562 1903 ἕξειλεῒν,
586 1835 619 1892 et
639 1826 856 1891 κατίλλειν
881 1845 937 1912 pro
965 1833 1139 1903 uncertain,
1158 1833 1195 1897 ¹et
1221 1839 1354 1892 συνολ-

161 1929 334 2011 nterea:
371 1931 587 2016 σνςμεφόμενα
623 1951 681 2020 pro
712 1931 935 2010 τννειλόμενα,
972 1938 1004 1996 et
1037 1932 1221 2004 σννίλοιςε
1259 1953 1354 1996 συνει·

161 2037 263 2113 λίσαι
295 2057 354 2126 pro
384 2040 538 2112 ουνείλοις.
587 2037 670 2104 Vera
695 2037 797 2104 forma
822 2037 1024 2124 conspicitur
1047 2056 1134 2104 nnnc
1160 2039 1192 2102 in
1218 2035 1355 2124 pulcbro

106 2157 111 2166 ’
164 2141 321 2209 Eunrrmrs
344 2146 472 2210 senario
496 2144 535 2210 de
560 2143 722 2232 Sphinge:

390 2251 479 2332 οὐράν
503 2250 634 2318 6πίλασ’
658 2250 716 2316 ὑπὸ
740 2249 919 2317 λεοντόπουν
942 2250 1056 2330 βάσιν,

166 2353 220 2420 ubi
254 2353 286 2420 in
321 2355 412 2422 libris
443 2365 492 2423 est
527 2357 699 2433 ὑπόλλασοι
730 2365 761 2423 et
792 2357 944 2433 dalnec'.
979 2375 1091 2422 verum
1116 2355 1197 2420 vidit
1223 2355 1357 2422 Vaccus·

165 2481 272 2526 unctus
304 2463 335 2528 io
366 2462 465 2530 Dietr.
500 2485 531 2551 p.
557 2467 631 2530 195.
670 2465 874 2529 dorsrormm
907 2464 938 2528 iu
973 2461 1071 2528 lionis
1103 2483 1149 2528 vs.
1180 2466 1264 2528 1066
1298 2482 1356 2550 pro

165 2567 278 2650 όακίοιο
309 2569 566 2652 περιειλλόμενοο,
580 2569 676 2637 redde
700 2571 913 2652 περιιλάμενοο
933 2591 970 2636 ex
994 2571 1100 2636 Puoru
1125 2571 1350 2638 annotatione:

165 2674 493 2756 capramolente:
527 2676 816 2760 περιειλνσάμενοι,
849 2676 933 2763 quod
964 2697 1003 2742 ex
1037 2676 1090 2742 ille
1113 2677 1181 2742 loco
1206 2685 1351 2743 sumtum

164 2789 230 2856 est,
273 2790 308 2848 nt
346 2792 480 2849 centena
516 2804 555 2850 ex
592 2785 801 2850 dmsroeutns
837 2782 989 2849 vocabula
1025 2783 1058 2848 iu
1095 2783 1204 2850 Paoru
1239 2780 1354 2850 benico

164 2889 234 2954 siue
275 2896 386 2974 poetae
423 2891 551 2956 nomine
587 2891 790 2976 explicantur
821 2910 858 2956 ex
903 2890 1048 2977 antiquis
1079 2888 1234 2966 scholiis,
1270 2907 1352 2976 quae

165 2995 273 3061 neseio
308 2994 394 3062 uode
428 2999 558 3064 Puorrns
594 3007 709 3065 unctus
743 3006 792 3066 est
825 2996 928 3064 multo
964 2995 1096 3062 meliora
1132 2997 1265 3063 uostris.
1314 2995 1351 3061 ln
1406 3075 1416 3092 ⁶

149 3099 320 3168 -Eumernrs
345 3101 465 3168 Helene
490 3123 536 3170 vs.
558 3109 634 3170 169.
1363 3095 1369 3106 ”

414 3202 437 3274 ά
460 3211 504 3288 μίν
528 3209 679 3291 προσείλει
702 3217 796 3294 χεῖρα
820 3211 892 3290 μηδ’
917 3210 982 3276 older
1005 3209 1081 3294 βίον,

164 3311 335 3400 tegendam
379 3313 519 3381 arbitror
554 3317 599 3396 μίι
636 3314 784 3399 πρόοιλλε
821 3325 924 3398 χεῖρα.
974 3315 1054 3382 Vide
1088 3315 1286 3407 Purpureum
1322 3315 1354 3381 in

165 3419 441 3488 Beurnm'rlneed.
466 3421 492 3488 Ι.
518 3442 549 3509 p.
577 3427 636 3502 19,
665 3428 716 3490 11.

164 3573 168 3582 .
212 3525 258 3593 nd
293 3547 364 3615 pag.
390 3532 429 3595 91
465 3527 548 3595 addo
579 3529 760 3616 exemplum
789 3549 826 3596 ex
853 3531 1048 3607 Plurimae,
1073 3529 1148 3616 qnia
1173 3529 1263 3596 locus
1287 3527 1356 3621 dig·

168 3634 322 3700 nissimus
348 3634 432 3702 lectu
466 3645 534 3712 est,
559 3656 597 3702 ex
622 3637 703 3702 libro
726 3636 764 3702 de
788 3631 935 3722 Sollentia
967 3636 1163 3702 Anr'mclinm
1189 3639 1354 3722 [19661.
1393 3591 1515 3710 ‘liridi

166 3740 341 3818 Κλεομένης
383 3743 396 3807 ί
427 3742 581 3821 βασιλεὺς
626 3745 711 3824 παρά
755 3740 846 3809 πότον
887 3743 1121 3821 εὐδοκιμοῦντοο
1158 3739 1356 3824 άιιροάματοο

165 3847 320 3930 όμοιτνόείς
351 3849 377 3913 εί
410 3850 454 3929 μίν
484 3849 635 3932 Φαίνεται
667 3849 829 3915 σπουδαῖον
858 3848 1017 3915 ἐκέλευσεν
1052 3847 1181 3922 εἰιείνονς
1215 3859 1357 3926 σκοπεῖν,

164 3954 287 4021 αὑτὸν
310 3954 373 4036 γάρ
396 3956 426 4020 ἕν
451 3957 670 4036 Πελοποννήσῳ
693 3956 745 4022 τὸν
768 3960 834 4021 νοῦν
858 3953 952 4036 ἔχειν.
997 3953 1139 4020 Ειιιοιιείο
1165 3957 1257 4030 αὐτός
1282 3955 1357 4036 γάρ.

211 4061 257 4127 bd
291 4082 322 4148 p.
353 4069 424 4129 111.
460 4061 560 4136 Μόνος
592 4061 701 4128 eodem
736 4061 829 4136 modo
854 4061 935 4128 male
972 4061 1102 4147 irrepsit
1139 4061 1171 4127 in
1211 4064 1359 4130 Pmronrs

162 4167 236 4236 libr.
263 4167 301 4235 X.
334 4167 374 4234 de
402 4166 477 4254 Rep.
505 4189 534 4255 p.
554 4172 631 4236 601.
665 4190 693 4234 n.
719 4168 843 4250 πότερον
866 4173 989 4254 μάλλον
1016 4169 1109 4235 αὐτόν
1133 4169 1185 4236 οίει
1210 4179 1249 4253 τῇ
1273 4169 1359 4253 λόπμ

162 4274 342 4360 μαχεῖσθαί
373 4299 410 4341 τε
440 4274 492 4364 νομί
524 4276 689 4341 άντιτενεῖν
713 4271 788 4342 ότοιν
810 4279 919 4356 όράται
946 4277 1003 4342 ὑπὸ
1027 4282 1086 4342 τῶν
1111 4276 1219 4355 ίμοίιον
1242 4277 1259 4354 ἣ
1284 4273 1359 4344 όταν

162 4384 195 4449 όν
233 4380 357 4466 ἐρημίᾳ.
377 4379 494 4469 [μόνος]
526 4382 619 4456 αὐτὸς
652 4384 721 4448 καθ’
755 4381 848 4447 αὑτὸν
885 4382 1053 4461 plorarem
1088 4384 1143 4448 ubl
1180 4383 1240 4450 atii
1270 4384 1359 4462 μόνοι

164 4487 274 4565 αὐτός,
300 4487 355 4556 alii
380 4486 475 4559 οὗτοι
499 4485 587 4566 μόνοι
610 4487 784 4568 exiribent,
808 4508 871 4580 qno
897 4507 977 4558 novo
1002 4488 1123 4560 indicio
1147 4486 1236 4558 lrnus
1260 4496 1361 4574 patet.
