3086 4974
853 361 925 438 556

296 564 504 642 ποιήσασθαι,
529 563 594 630 imo
618 581 692 627 uero
715 559 826 644 ccixrs'
851 560 899 630 άν.
929 558 1098 638 neonus,
1122 559 1235 640 credo,
1262 560 1339 628 mihi
1359 557 1451 625 insulse

296 671 470 756 repetitum
506 669 579 751 πρίς
615 666 876 748 Λακεδαιμονίοος
913 664 1132 734 inducendum
1165 686 1257 746 esse,
1291 675 1323 734 et
1350 665 1452 738 σπονδὰς
1487 735 1488 738 ,

294 776 444 842 ποιεῖσθαι
468 795 537 842 esse
561 777 660 854 satis,
687 794 748 840 non
774 773 906 846 σπονδάς
929 779 984 840 τοῦ
1008 772 1154 852 πολέμου.

341 881 376 946 in
403 884 421 968 §
445 885 522 950 174.
547 889 602 958 τῆς
629 882 745 963 εἰρήνης
766 881 1004 960 ἐπεθυμήσαμεν
1024 880 1197 958 Ἀνδοκίδην
1218 879 1246 945 δ’
1264 879 1453 962 ε’κτίμψαντες

293 989 366 1069 πρὸς
398 988 468 1061 τοὺς
492 987 753 1067 Λακεδαιμονίους
778 987 830 1054 καί
851 987 923 1060 τοὺς
947 986 1160 1068 συμπρέσβεις
1182 987 1300 1068 εἰρήνην
1324 987 1371 1062 ἔτη
1391 984 1454 1066 τριί·
1487 1020 1488 1044 ι

294 1117 389 1160 κοντα
421 1093 599 1175 ήγάγομεν,
629 1085 645 1168 ii
676 1093 729 1162 τίν
763 1095 858 1174 δῆμον
882 1093 1000 1175 ὑψηλὸν
1027 1089 1104 1175 ήρεν.
1139 1091 1174 1160 si
1197 1095 1273 1180 quis
1297 1104 1329 1161 ei
1352 1091 1417 1160 haec
1434 1100 1454 1156 ei

293 1198 517 1287 praecedentia
540 1209 573 1266 et
595 1219 632 1267 ec
657 1220 739 1287 quac
763 1209 946 1288 sequuntur
969 1200 1187 1286 composuerit
1209 1219 1287 1267 cum
1313 1195 1455 1268 Andocidis

293 1325 375 1394 quae
405 1304 510 1374 fertur
535 1305 686 1374 Oratione
709 1307 775 1389 περὶ
798 1315 855 1384 τῆς
880 1306 954 1389 πρὸς
978 1307 1239 1385 Λακεδαιμονίους
1263 1305 1392 1389 εἰρήνης,
1412 1311 1455 1368 su·

294 1414 352 1480 iim
378 1412 613 1482 animadvertet
637 1413 775 1480 aiterum
797 1411 838 1480 ah
857 1410 961 1480 altero
979 1431 1038 1480 sua
1059 1413 1214 1480 sumsisse
1234 1420 1268 1482 et
1283 1413 1396 1490 ennio
1412 1426 1455 1474 na·
1487 1407 1488 1450 ἰ

293 1516 441 1586 niicstam
470 1519 601 1588 tenebit.
638 1520 797 1607 Compone
822 1517 901 1586 mihi
923 1538 997 1586 cum
1024 1519 1064 1584 iis
1087 1537 1170 1605 quae
1193 1537 1296 1606 supra
1316 1515 1455 1602 adscripsi·

294 1643 367 1692 tnns
392 1624 469 1693 haec
495 1623 674 1694 Andociden
700 1645 731 1713 p.
756 1629 817 1705 hh,
846 1630 885 1692 12
910 1625 1151 1706 ἐπεθυμήσαμεν
1173 1626 1271 1692 πάλιν
1295 1633 1356 1702 τῆς
1371 1623 1457 1705 sicini

294 1731 346 1796 καί
372 1731 516 1814 ήρίἰησαν
540 1729 624 1799 δίιια
637 1729 741 1814 άνδρες
761 1729 795 1810 ἐξ
817 1733 984 1809 ’Λίηνιιίοιν
1010 1731 1157 1800 άπάντιιν
1179 1731 1328 1814 πρέσβεις
1351 1733 1391 1804 εἰς
1412 1740 1456 1796 Aa

293 1836 462 1916 κεδαίμονα
485 1837 553 1922 περί
574 1837 689 1919 εἰρήνης
712 1821 950 1922 αὐτοκράτορες,
973 1835 1012 1905 ὧν
1033 1837 1069 1916 siv
1092 1839 1144 1906 καί
1169 1838 1346 1916 Ἀνδοκίδης
1365 1838 1378 1903 ἰ
1396 1831 1456 1902 τιίτ·

294 1967 349 2018 πος
375 1943 389 2008 ἰ
417 1943 577 2025 ήμίτερος.
601 1939 681 2011 οιίτοι
705 1947 778 2023 ήμίν
802 1944 916 2026 εἰρήνην
939 1945 1121 2021 ἐποιήσαντο
1141 1943 1216 2034 (leg.
1231 1943 1391 2032 ἒτσίησαν)
1408 1941 1457 2022 τρίι

295 2047 556 2128 Λακεδαιμονίσυς
588 2047 640 2124 ἔτη
672 2050 852 2131 τριάκοντα,
877 2058 910 2118 et
936 2059 1006 2136 post
1030 2069 1144 2138 pauca:
1169 2049 1249 2127 αὕτη
1276 2055 1295 2130 ή
1316 2049 1406 2135 εἰρήνη
1424 2046 1457 2110 rh

295 2155 389 2236 δῆμον
412 2155 463 2222 τὸν
485 2154 652 2232 Ἀθηναίων
671 2153 788 2239 ὑψηλὸν
808 2152 868 2238 ήρε.
892 2155 974 2238 Quid
996 2155 1145 2224 videtur?
1172 2165 1365 2226 tenemusne
1380 2154 1456 2220 iurem

296 2259 577 2330 manifestarium?
612 2259 851 2347 Gomponenrus
881 2269 913 2330 ct
944 2283 981 2329 ea
1011 2281 1093 2350 quac
1117 2262 1203 2352 apud
1229 2261 1455 2344 Andocideup

296 2374 356 2447 23,
383 2373 426 2436 to
451 2367 604 2454 leguntur
626 2385 700 2436 cum
724 2367 764 2434 iic
787 2387 869 2456 quae
895 2368 987 2436 modo
1006 2389 1045 2436 ex
1063 2368 1221 2438 Aeschine
1241 2367 1456 2458 descripsimus

298 2473 478 2542 Andocides
503 2474 604 2560 igitur
627 2473 690 2540 sic:
715 2476 803 2552 ήνίκα
826 2475 923 2542 τοίνυν
947 2471 981 2551 νίν
1000 2477 1057 2554 μὲν
1081 2475 1095 2541 ἰ
1120 2473 1256 2556 πόλεμος
1282 2479 1359 2558 ήμΐν
1377 2477 1404 2542 ἰν
1419 2471 1456 2538 Εἰ

295 2581 387 2668 βοίρι,
412 2579 552 2663 Μέγαρα
574 2581 606 2648 δί
630 2579 756 2662 εἰχομεν
781 2579 833 2646 καί
858 2580 972 2661 Πηγάς
996 2581 1048 2648 κιιί
1072 2581 1221 2666 Τροιζῆνα
1241 2583 1360 2664 εἰρήνης
1382 2577 1457 2647 isch

295 2689 443 2768 μήσαμεν
467 2688 519 2754 καί
543 2685 722 2758 Μιλτιάδην
745 2686 797 2752 τὸν
820 2689 955 2774 Κίμοινος
980 2689 1059 2778 (ino
1084 2707 1158 2756 vero
1183 2690 1314 2768 Κίμοινα
1334 2688 1385 2756 τίν
1401 2694 1457 2753 ein·

295 2793 414 2882 τιάδον)
441 2793 663 2875 οἰσρακισμίνον
685 2793 737 2860 καί
760 2792 834 2861 ἰντα
854 2795 885 2860 ἒν
902 2797 1072 2878 Χερρονήσῳ
1088 2784 1331 2876 κατεδεξάμεθα
1348 2793 1384 2862 δι’
1404 2787 1457 2858 etri

295 2905 384 2969 τοῦτο
414 2897 554 2982 πρόξενον
584 2898 658 2966 ὄντα
681 2898 934 2980 Λακεδαιμονίαν
955 2897 1035 2976 dnos
1059 2899 1246 2983 πέμψαιμεν
1268 2902 1302 2976 ἐς
1327 2893 1458 2970 mid·

295 3031 376 3086 μονα
407 3005 717 3089 προκηρυκευσόμενον
747 3005 814 3087 περὶ
848 3005 999 3074 σπονδῶν.
1024 3007 1076 3074 καί
1100 3006 1171 3076 τίτε
1196 3009 1268 3089 ήμῖν
1289 3007 1387 3090 εἰρήνη
1407 2997 1457 3080 ini*

296 3136 362 3180 νετο
383 3112 454 3195 πρὸς
479 3110 741 3191 Λακεδαιμονίους
766 3109 819 3188 ἔτη
843 3121 992 3180 ΠΕΝΤΕ
1014 3113 1067 3180 καί
1089 3112 1289 3193 ἰνεμείνοιμεν
1312 3107 1457 3194 Audire-pe

295 3217 428 3292 ταύταις
451 3225 522 3291 ταῖς
547 3217 690 3307 σπονδαῖς
718 3215 770 3293 ἰτη
795 3217 1009 3300 τριακαίδεκα.
1059 3217 1216 3286 Vanitati
1240 3216 1321 3284 haec
1346 3213 1418 3282 mihi
1437 3209 1457 3274 n

297 3331 437 3392 mentem
470 3319 554 3409 quod
587 3320 627 3388 ad
655 3320 827 3390 Caecilium
859 3321 940 3390 dicit
962 3323 1072 3390 Cicero
1096 3324 1127 3390 in
1154 3323 1306 3408 Diues-5
1334 3325 1387 3390 te.
1410 3312 1457 3378 εἰει

295 3430 407 3496 horum
437 3427 520 3494 nihii
550 3428 678 3506 metuis,
710 3427 792 3494 nihii
822 3429 952 3515 sopitos,
975 3427 1057 3496 uitet
1080 3428 1217 3508 dodorus,
1240 3437 1270 3494 ct
1294 3425 1457 3515 sequitu

296 3556 409 3604 uerene
442 3555 549 3611 nereus
573 3533 925 3602 onericus-ediscere
943 3534 1081 3621 potueris
1100 3535 1262 3622 praeclare
1285 3543 1315 3600 tc
1336 3537 1457 3620 praenotett

295 3644 328 3710 io
350 3643 502 3710 iodicium
524 3649 687 3708 emturum
711 3639 883 3706 arbitreris.
921 3638 1096 3706 Aeschines
1119 3659 1246 3726 quoquc
1269 3657 1322 3706 res
1342 3658 1361 3705 a
1381 3635 1459 3704 maio

295 3749 385 3816 rihus
416 3746 579 3837 praeclare
610 3756 717 3833 gestas
747 3752 958 3811 enarraturus
992 3763 1029 3811 cx
1061 3763 1175 3810 verens
1203 3764 1312 3821 ιιιοιιιι
1336 3754 1458 3810 ονιιτιοιιι

296 3875 378 3943 quac
408 3853 502 3922 vehet
532 3852 716 3939 descripsit.
752 3849 862 3936 Neque
890 3859 938 3917 est
962 3868 999 3916 ea
1023 3869 1075 3916 res
1098 3848 1293 3936 infrequens.
1323 3847 1458 3915 ‘nereo

295 3960 352 4026 ciii
374 3962 448 4028 item
471 3961 551 4026 doni.
586 3959 820 4046 Componamus
844 3963 952 4022 autem
976 3955 1073 4022 etiam
1096 3953 1159 4020 aiia
1183 3971 1301 4041 pauca:

397 4065 576 4133 Andocides
600 4084 631 4151 p.
659 4067 722 4142 24,
748 4067 780 4129 d.
1022 4058 1194 4128 Aeschines
1224 4066 1241 4147 ς
1269 4064 1343 4126 175.

343 4179 458 4255 πρῶτον
476 4173 533 4252 μὲν
550 4173 601 4238 τίν
621 4171 753 4252 Πειραιᾶ
768 4168 843 4234 ἒτει·
935 4169 966 4233 ἐν
988 4167 1021 4234 δὲ
1039 4167 1136 4250 τούτῳ
1156 4169 1197 4250 spi
1215 4164 1311 4250 χρόνῳ
1322 4161 1426 4242 §reexi-

341 4280 482 4360 χίτοιμεν
502 4275 640 4358 ἐντούτῳ
662 4277 705 4358 τῷ
727 4272 842 4356 χρόνῳ,
936 4297 1037 4352 ταμεν
1070 4273 1121 4340 τίν
1151 4275 1281 4354 Πειραιᾶ
1312 4270 1365 4337 καί
1396 4263 1426 4332 τί

342 4381 412 4450 εἶτα
447 4386 482 4451 τὸ
518 4383 634 4464 μακρδν
670 4387 775 4460 τεῖχος
809 4378 845 4444 τὸ
935 4377 1166 4462 βάρειςντιῖχσς
1179 4377 1424 4462 ᾠκοδομήσαμεν,

342 4487 473 4569 βόρειον,
497 4487 566 4554 riori
590 4487 621 4553 δὲ
637 4483 843 4568 τῶντριήρων,
