3150 4972
823 316 870 388 88

255 509 349 590 εἶνεςι
376 520 484 598 νεῦροι,
507 511 604 590 elnac:
629 514 752 594 παγίς,
776 510 878 596 Εἶοοςε
903 511 1048 594 πτωχός,
1072 509 1160 578 dabit
1186 511 1268 580 idem
1293 508 1429 594 εἷθῦφοιλ·

254 637 325 703 λον,
350 623 489 702 stacio,
523 622 628 701 εἷλοος,
660 625 839 700 εἰλιγγιοῖν,
871 621 970 696 allide,
1000 617 1062 684 alia
1089 619 1199 686 multa.
1237 619 1340 686 Etiam
1365 615 1431 681 ltre-

255 749 325 796 vem
352 727 490 796 vocalem
517 731 563 794 sic
588 728 788 813 corrumpit:
816 726 884 792 εἴσω
905 727 933 791 ei
956 735 1005 792 est
1024 727 1084 802 ito,
1108 727 1253 793 εἰσείοισιν
1272 736 1304 792 et
1323 725 1431 795 εἷσείοιι

255 833 444 902 scribuntur
473 834 559 900 card
588 841 719 917 ςοιχεῑον
742 853 801 898 suo
827 833 903 898 loco.
955 830 1040 898 ldem
1071 837 1234 898 contrario
1257 851 1364 899 errore
1388 849 1433 894 re·
1544 877 1545 903 2

255 940 340 1027 cepit
362 941 449 1023 ἴδοιμι
476 941 607 1022 βρῶμοι,
640 940 723 1021 ἷθοῳι
756 937 879 1015 εὐθέως,
911 938 1258 1017 iccoris152'o‘poradslr,
1283 939 1359 1004 leder
1383 955 1433 1024 pro
1544 1001 1545 1008 ¹

253 1048 367 1127 εἰκοσι,
391 1046 513 1126 incarn:
547 1047 682 1127 ι’μοὶσιοο,
716 1045 837 1124 iconas:
863 1044 1038 1124 prorepat,
1068 1045 1175 1110 icaro:
1206 1046 1356 1124 ὡμοιώθη,
1378 1044 1433 1108 irc·
1544 1089 1545 1097 ι

253 1154 364 1235 ripae,
399 1173 438 1219 ne
468 1153 584 1234 Ξοωνείοι
615 1149 744 1237 quidem
777 1151 901 1216 dulritat
933 1149 1075 1236 recipere
1104 1159 1135 1216 et
1159 1149 1278 1216 iro'rcsr:
1312 1148 1364 1224 ἕως
1387 1146 1432 1214 ἄν.

256 1257 267 1324 Ι
294 1280 379 1325 ιιιισ
403 1268 451 1324 est
477 1259 575 1324 istum
602 1256 732 1323 consule
759 1265 829 1323 utra
852 1256 1014 1341 scriptura
1034 1256 1076 1322 sit
1097 1254 1214 1342 ubique
1232 1259 1345 1342 potior.
1373 1253 1433 1320 Non
1544 1295 1545 1324 1

253 1374 302 1432 est
329 1373 434 1430 taurian
460 1365 530 1430 eius
556 1363 682 1430 inscitia
716 1364 873 1448 insignior
902 1382 997 1448 qtram
1024 1360 1239 1448 reliquorum,
1264 1363 1319 1448 qui
1344 1359 1435 1438 λέξεις

253 1469 466 1536 condiderunt
491 1479 523 1536 et
548 1469 691 1554 linguam
725 1481 866 1536 veterem
900 1466 1087 1553 aequalibus
1119 1469 1324 1554 interpretati
1354 1475 1434 1532 sunt.

255 1576 498 1652 Ηιιιοοιιιτιοι,
519 1574 603 1662 apud
624 1595 718 1661 quern
741 1579 825 1655 νῑψον
847 1594 903 1662 pro
923 1581 1024 1656 νεῖψον
1045 1573 1187 1639 diximus
1206 1572 1436 1661 reponendum,

254 1681 322 1768 ipse
346 1684 393 1748 sic
418 1701 528 1748 errare
554 1681 671 1769 potuit,
695 1679 965 1766 quemadmodum
991 1681 1112 1745 erravit
1133 1681 1164 1745 in
1187 1681 1283 1762 Δείνῳ
1303 1679 1370 1746 cirri
1389 1681 1436 1742 τοῦ
1544 1749 1545 1756 ¹

252 1789 377 1865 δεινιὶσει
403 1808 461 1875 pro
486 1787 552 1869 δι’νῳ
576 1796 607 1853 et
632 1786 740 1862 δινήσει
765 1797 798 1852 et
822 1787 854 1850 in
879 1787 1015 1860 Κεινὲοις.
1041 1783 1081 1851 cl.
1106 1795 1137 1851 et
1163 1805 1193 1853 ν.
1218 1785 1351 1866 Σείριιοι.
1385 1781 1435 1848 lli·
1544 1857 1545 1866 ῳ

254 1915 314 1962 nus
338 1895 433 1962 etiam
460 1914 555 1981 quam
588 1893 656 1970 tris,
690 1892 792 1957 doctis
823 1889 989 1968 videlicet,
1020 1891 1108 1957 credi
1134 1900 1236 1976 potest
1259 1891 1434 1956 scribarum

253 2001 372 2068 nationi
398 2001 543 2066 omnium
569 2018 677 2065 rerum
712 1999 891 2084 imperitae.
940 1997 1132 2084 Saepissime
1157 1997 1279 2064 iuvabit
1303 1998 1335 2063 in
1362 2006 1435 2062 tem·

253 2127 329 2194 pore
355 2106 540 2172 meminisse
567 2105 698 2192 perinde
724 2123 794 2170 esse
821 2114 1046 2170 utrumnam
1072 2105 1141 2170 rsit
1166 2105 1326 2191 seriptum
1352 2104 1381 2168 in
1404 2101 1434 2167 li·

251 2211 318 2279 lrris
342 2222 372 2278 et
401 2211 518 2299 ultique
541 2211 631 2278 nobis
652 2212 730 2296 ipsis
750 2229 820 2276 esse
841 2209 1012 2276 ridendum
1036 2218 1108 2275 utra
1129 2209 1264 2276 lectione
1285 2211 1330 2277 sit
1349 2228 1433 2296 opus.
1544 2263 1545 2292 2

252 2316 342 2404 Apud
377 2318 527 2384 Ηιιιιιιιιιιι
560 2316 688 2384 landent
720 2317 857 2400 γείνεοιι,
893 2316 1078 2395 γεινόμενοι,
1115 2315 1278 2397 γεινομένῳ
1316 2333 1435 2382 cessere

250 2422 430 2490 emendatis
456 2422 645 2490 lectionibus
665 2425 809 2501 γίγνεοιι,
833 2422 1024 2502 γιγνόμεθα,
1048 2423 1239 2504 γιγνομένῳ,
1263 2430 1296 2487 ai
1318 2423 1372 2510 qui
1392 2441 1434 2486 re·

249 2529 356 2596 stituit
381 2529 541 2595 Bennraus
567 2549 629 2594 ncn
650 2538 775 2595 constat
797 2528 857 2594 sibi
881 2531 911 2593 in
935 2527 1064 2593 Lucrino
1085 2548 1217 2594 servans
1238 2534 1298 2594 43.
1325 2538 1352 2593 1.
1371 2525 1434 2592 ind·

248 2659 292 2702 σοι
323 2635 362 2701 οἰν
391 2631 487 2701 οιῦτοοι
518 2636 680 2712 ἔσινιὶσινσι
709 2635 926 2715 γεινομένῳ
956 2636 1067 2716 tadeo.
1115 2633 1266 2700 Ntennnnn
1295 2633 1435 2702 creditur

249 2743 281 2807 in
311 2739 468 2808 Tderiocie
492 2761 536 2812 rs.
563 2745 617 2808 50.
642 2741 762 2808 dixisse
786 2741 971 2822 ιῳειοφοὶγος
998 2759 1054 2826 pro
1078 2761 1337 2817 recomparans,
1362 2739 1435 2805 satis

248 2847 316 2934 ipse
335 2849 497 2914 commisit
518 2858 740 2934 peccatorum,
761 2865 824 2934 quc
847 2847 955 2912 minus
974 2847 1110 2912 aliorum
1132 2847 1220 2912 vitiis
1237 2855 1286 2912 est
1302 2865 1433 2931 nrgmn·

248 2954 328 3022 dus:
363 2953 494 3020 dederat
525 2952 709 3037 κμοφοὶγος,
743 2963 778 3018 ut
810 2971 904 3038 saepe
935 2950 1013 3033 κριός
1047 2950 1122 3017 abiit
1159 2955 1189 3018 in
1221 2951 1336 3034 κρειδς,
1370 2949 1435 3016 ride

249 3060 502 3126 vicennium
527 3059 565 3125 ad
593 3059 709 3126 Piceo.
736 3079 781 3123 vs.
808 3063 861 3124 id.
911 3055 1031 3123 dddarn
1066 3077 1164 3158 unupn
1189 3079 1226 3126 ex
1254 3057 1434 3133 dimanare,

248 3166 280 3230 in
306 3185 386 3252 quo,
413 3165 475 3229 nisi
500 3163 707 3231 veliementer
727 3163 836 3239 latior,
862 3185 917 3229 nos
939 3161 1125 3230 ludificatur
1146 3163 1248 3230 forma
1268 3162 1345 3230 hinc
1366 3171 1434 3230 irata

247 3273 376 3344 ὑσείσοιο
403 3269 459 3336 lll.
491 3275 551 3360 ¹..26
577 3279 608 3336 et
637 3270 671 3338 V.
704 3274 777 3336 103.
828 3270 970 3355 llingunt
1003 3267 1088 3336 docti
1116 3268 1252 3336 formam
1279 3271 1382 3354 ὑφέο,
1404 3269 1435 3332 io

245 3377 372 3442 insidiis
394 3375 526 3456 colloco,
560 3374 641 3442 nrale
666 3387 890 3461 comparantes
917 3374 1073 3442 Ηοιιιιιιιι
1095 3371 1186 3455 sica,
1212 3377 1306 3458 λόχον
1330 3371 1433 3452 εἷσον,

244 3480 374 3549 similia.
412 3481 473 3563 Qui
500 3483 530 3547 in
558 3480 686 3548 insidiis
712 3481 856 3547 collocati
883 3488 959 3546 sunt
979 3479 1134 3548 dicuntur
1155 3483 1281 3570 proprie
1303 3485 1434 3566 ὑφῆσθοιι

244 3588 293 3657 rel
318 3588 543 3666 ὑσοκοιθῆσθοοι,
575 3589 627 3654 cui
655 3586 750 3653 verbo
778 3585 988 3674 respondebat
1021 3585 1119 3671 ὑφίζω
1146 3598 1178 3653 ut
1204 3590 1354 3664 κοιθιῖσθοιι
1380 3586 1434 3653 Ιιι·

245 3695 297 3763 tet
321 3695 381 3761 silai
407 3693 653 3781 respondentem
679 3692 814 3759 sormam
837 3693 969 3776 κοοιζωε
998 3693 1098 3778 igitur
1124 3693 1302 3760 Hnnooorus
1326 3713 1433 3780 quem·

243 3799 416 3867 admodum
442 3799 465 3866 l.
494 3805 547 3866 89.
576 3801 708 3887 scripsit
731 3799 857 3866 κάτισον
880 3798 1041 3883 φιλοίνους
1066 3809 1097 3866 et
1119 3804 1172 3866 88.
1193 3802 1286 3867 αὐτὸν
1306 3797 1433 3876 κοέσισε,

243 3908 290 3974 sic
316 3905 381 3972 illic
406 3907 519 3978 ὑπίσοις
544 3916 575 3971 et
600 3907 765 3979 delectarer
790 3907 978 3991 scripserat.
1020 3905 1126 3972 llinus
1149 3907 1246 3973 etiarn
1272 3902 1434 3972 dubilebis

243 4013 269 4080 si
294 4011 414 4078 videris
439 4032 477 4078 ne
501 4012 610 4079 κοὶτισε
642 4011 771 4098 quidem
799 4013 868 4078 sine
894 4009 1036 4097 periculo
1066 4009 1181 4090 inisse,
1215 4031 1287 4080 nam
1310 4009 1433 4078 codices

242 4116 373 4206 perboni
400 4127 528 4184 κοισεῖσε
550 4130 581 4184 et
608 4120 734 4184 sciretne
753 4115 916 4183 exhibant.

288 4223 374 4290 Satis
407 4223 516 4312 procul
550 4245 607 4290 nos
633 4225 852 4292 Βιιιιιιιιιιιιιι
886 4223 1014 4306 acreda
1047 4222 1197 4303 abduxit,
1230 4231 1355 4292 revocat
1385 4241 1433 4288 me

240 4326 405 4403 Lucrinus,
439 4330 492 4395 cui
517 4349 554 4395 ea
580 4331 647 4418 ipsa
680 4329 860 4396 observatio
891 4331 1010 4416 poterit
1042 4329 1191 4416 prodesse
1216 4334 1276 4410 70,
1310 4335 1353 4396 33
1380 4323 1433 4394 uhi

240 4435 395 4502 dicuntur
428 4437 579 4502 convivae
613 4437 800 4523 pauperculi
834 4435 918 4520 apud
950 4435 1082 4502 divitem
1117 4437 1287 4530 coenantes
1313 4437 1344 4501 in
1372 4455 1432 4522 po-
