3150 4972
679 393 724 467 77

115 615 183 662 oens
204 593 367 682 operiebat.
417 592 628 658 Pnsnaenrras
650 593 733 679 apud
759 593 851 658 bara.
875 591 992 658 Aooed.
1013 590 1037 656 Ι.
1063 611 1092 678 p.
1113 595 1196 658 399:

282 699 378 771 οὐδεὶς
403 700 465 781 γάρ
490 699 611 780 ε’δέχετ’
634 695 695 765 οὐδ’
719 697 836 781 ἀνέῳγέ
860 722 910 778 μοι
936 698 1037 780 ἀάραν.

115 805 168 887 Qui
193 805 232 872 ab
263 803 452 872 Oratoribus
486 804 596 870 Atticis
617 813 649 871 el
674 807 812 872 Cornicis
835 814 867 871 et
892 804 1029 868 Patrona
1059 803 1172 870 Graece
1195 803 1292 870 disoit

113 910 195 978 iacile
219 911 276 978 boo
301 911 556 988 animadvertet,
581 910 666 978 dooti
691 911 894 978 Grammatiei
916 918 1119 976 notaverunt.
1144 911 1292 976 lucianus

113 1019 226 1105 ipsein
257 1019 468 1101 ψευδσσιῳιςή
505 1021 578 1103 58.
611 1019 656 1083 ita
690 1017 877 1083 ludificatur
907 1013 1143 1100 magis-tellum,
1178 1017 1293 1102 quise

113 1125 248 1210 quemvis
271 1124 497 1191 soloecismum
515 1123 624 1189 statim
646 1122 887 1210 deprehendere
908 1120 1062 1187 iactabat:
1089 1123 1106 1197 ή
1127 1123 1190 1204 γὰρ
1203 1124 1292 1205 θύρα

112 1233 212 1312 σχεδὸν
239 1231 390 1312 ἀνέῳγέ
414 1254 470 1296 σοι.
499 1268 538 1279 -
564 1231 632 1296 cirri
661 1230 760 1310 μάνσν.
788 1268 833 1280 -
858 1230 938 1296 ἀλλ’·
961 1225 1054 1294 εἶτον.
1078 1267 1122 1278 -
1145 1229 1228 1295 οὐδέν
1251 1253 1291 1308 γε

111 1333 155 1404 ὦς’
177 1337 231 1415 ἐμὲ
253 1337 375 1415 μαθεῖν.
399 1373 444 1386 -
467 1337 500 1402 οὖ
523 1337 587 1416 γάρ
611 1336 722 1415 ἔμαθες
745 1338 781 1403 τὸ
804 1334 1002 1417 ἀνέῳγεν;
1025 1373 1070 1384 -
1093 1337 1147 1400 οὐκ
1171 1335 1292 1414 ἔμαθον.

113 1445 147 1506 tt
169 1440 250 1508 idem
276 1441 375 1508 huius
407 1442 455 1508 rei
480 1442 651 1508 immernor
679 1443 869 1530 imprudens
894 1443 925 1506 in
951 1437 1120 1506 scribendo
1144 1441 1294 1528 aequales

113 1548 249 1632 sequitur
284 1552 345 1626 10,
378 1553 417 1624 4,
445 1552 459 1611 1
486 1553 539 1613 τοῦ
563 1549 730 1630 σκαφιδίου
753 1550 796 1615 τά
825 1545 1000 1629 ἀνεῳγότα.
1027 1549 1088 1624 49,
1125 1550 1167 1612 29
1203 1550 1292 1630 ἀνεῳ-

112 1652 174 1730 γόσι
195 1663 258 1728 τοῖς
283 1654 423 1732 σάμασιν
448 1660 479 1719 el
505 1657 559 1720 66.
585 1659 603 1718 4
629 1657 663 1733 ήν
688 1681 751 1728 τας
776 1657 948 1736 ἀνεῳγυῖαν
971 1652 1016 1718 ἔτι
1039 1655 1094 1729 τήν
1115 1654 1294 1735 aaronem

112 1760 356 1840 καταλάβωμεν,
382 1769 414 1826 el
435 1758 484 1824 bis
506 1759 585 1826 illud
607 1761 712 1847 ipsum
733 1762 865 1842 ἀνέῳγεν
890 1763 907 1836 ή
933 1759 1023 1840 ἀν’ρα,
1044 1764 1101 1825 45.-
1123 1763 1166 1826 50
1187 1772 1220 1826 et
1240 1765 1292 1826 32.

112 1864 219 1932 liudem
253 1865 348 1932 modo
379 1885 473 1952 saepe
505 1865 635 1933 meliora
670 1888 731 1932 nou
764 1867 909 1933 nesciens
937 1867 1085 1951 sequitur
1109 1865 1291 1943 deteriora,

113 1969 262 2058 plerisque
286 1971 437 2038 omnibus
458 1971 569 2038 eadem
596 1970 814 2059 peccantibus.

149 2075 229 2142 Nihil
264 2077 497 2165 propemodum
530 2098 664 2157 eoram,
698 2097 780 2166 quae
812 2079 845 2143 in
871 2077 1060 2144 Aenianum:
1086 2077 1291 2164 reprebendi·

114 2199 192 2256 mus.
225 2203 291 2248 non
324 2192 373 2249 est
396 2183 523 2250 idema
555 2184 687 2251 Loormo
711 2186 939 2258 commissum,
965 2184 1020 2268 qui
1048 2202 1291 2270 nonnumquam

113 2286 140 2351 in
160 2289 272 2356 iisdem
297 2291 523 2377 incorruptum
549 2310 642 2356 usum
668 2291 820 2378 autiquae
840 2290 969 2374 linguae
994 2291 1131 2369 retinet,
1157 2289 1293 2357 subinde

112 2392 145 2460 ad
167 2397 314 2462 vitiosam
349 2396 532 2484 aequalium
566 2396 832 2462 consuetudinem
858 2395 1011 2462 delleotit.
1062 2395 1202 2462 Verbum
1227 2421 1293 2476 γα-

112 2509 171 2576 μεῖν
203 2503 298 2570 babet
342 2503 427 2590 apud
465 2511 588 2570 veteres
620 2503 676 2569 bas
711 2501 849 2568 formas:
900 2508 1013 2583 γαμῶ,
1056 2509 1172 2581 γαμῶ,
1217 2501 1294 2581 ἔγη-

112 2629 169 2682 μα,
198 2609 379 2688 γεγάμηκα
409 2617 442 2676 et
473 2615 662 2690 γαμοῦμαι,
687 2610 786 2686 nubo,
810 2613 996 2688 perreriam,
1021 2609 1211 2687 ἒγημάμην,
1235 2633 1294 2688 γε·

112 2711 267 2794 γάμημαι;
300 2715 384 2803 apud
410 2716 573 2802 aequiores
604 2723 718 2795 γαμεῖ,
750 2717 904 2795 γαμήσει,
938 2713 1111 2793 ε’γάαησα,
1143 2714 1291 2794 γεγάμη·

112 2845 147 2884 ιια
168 2830 198 2887 et
216 2828 405 2903 γαμοῦμαι,
429 2823 653 2901 γαμηάήσσμαι
679 2821 727 2888 vel
752 2824 960 2900 γαμήσομαι,
984 2820 1166 2899 ἑγαμήάην,
1190 2844 1292 2899 γεγα·

114 2949 215 3005 νημαι.
265 2927 449 3014 Numquam
482 2937 606 2992 veteres
630 2929 766 3006 γαμήσει
791 2937 848 3018 aut
876 2927 1027 3008 ἐγάμησα
1052 2934 1108 2991 aot
1131 2927 1293 3005 ῖγαμήῖην

114 3040 162 3098 aul
182 3034 409 3114 γαμηάήσομαι
432 3041 489 3099 aut
508 3036 697 3114 γαμήσομαι
718 3033 881 3101 dixerunt.
931 3033 1101 3100 Atticistae
1130 3039 1161 3096 et
1188 3030 1292 3097 Lucru-

115 3155 162 3203 nos
181 3139 345 3206 interdum
375 3139 542 3225 antiquos,
574 3141 761 3226 saepissime
795 3141 944 3228 aequales
975 3147 1157 3227 sequuntur
1182 3159 1293 3206 erran·

115 3249 164 3308 tes.
209 3246 311 3332 Saepe
342 3247 479 3325 γαμήσει
510 3249 670 3325 occurrit,
703 3245 800 3313 semel
825 3253 921 3326 γαμῶ
944 3268 1077 3313 uxorem
1104 3247 1235 3325 ἀιιιαιιι,
1260 3248 1293 3312 in

118 3345 232 3418 Timone
252 3353 307 3438 (5,
333 3354 390 3437 52)
416 3353 504 3418 ἀλλά
526 3355 665 3432 γαμῶ,
691 3357 725 3430 ήν
750 3353 816 3433 διδῷ
834 3353 915 3431 θεὸς,
940 3355 969 3426 ἐς
991 3354 1089 3418 νέατοι
1111 3353 1164 3419 καῖ
1189 3355 1295 3420 παιδο-

114 3455 432 3534 ferramentorun
454 3478 517 3522 non
539 3466 616 3524 sunt
636 3459 792 3546 suspirati
814 3456 960 3524 loturum
982 3467 1095 3524 esseet
1116 3459 1294 3536 sicerasu,

115 3568 142 3625 at
162 3563 231 3631 vide
255 3563 332 3650 quid
358 3563 510 3628 contiuuo
535 3574 707 3652 sequatur:
734 3559 891 3630 orleteile
912 3566 937 3630 εῖ
962 3565 1169 3644 γαμήσεις
1188 3563 1251 3642 ἔτι,
1273 3562 1294 3631 ὦ

115 3663 209 3750 οὗτος,
233 3669 426 3746 τηλικαύτην
450 3673 523 3753 παρ’
547 3673 621 3750 ἐμοῦ
644 3671 769 3751 πληγήν
793 3668 967 3748 ααμβάνων
993 3670 1131 3755 (corrige
1156 3669 1301 3754 ratidai:

117 3771 170 3852 uui
191 3775 281 3842 modo
298 3782 395 3855 γαμεῖ
414 3775 557 3856 dixerat,
578 3785 716 3857 γαμεῖς,
739 3777 870 3862 opinor,
891 3775 1120 3849 sulriunxerat,
1139 3781 1173 3839 ut
1192 3775 1295 3841 solent

116 3879 137 3942 ιῖ
158 3881 368 3961 εἰρωνευόμενοι
399 3881 496 3947 elicui
528 3903 585 3948 sua
619 3885 721 3968 ipsius
754 3879 845 3947 verba
880 3883 1038 3947 occinere.
1086 3881 1296 3947 Peerarerint

117 3981 228 4052 librarii
251 3990 349 4054 etiarn
374 3988 446 4053 aliis
466 3986 544 4053 loeis
565 3988 705 4075 aliquid,
728 3997 834 4054 tamen
856 3989 984 4074 saepius
1010 3987 1040 4050 in
1066 3987 1137 4074 ipso
1160 3988 1295 4071 scripto·

119 4107 149 4154 re
170 4092 256 4180 eulpa
281 4093 437 4160 haerebit.
487 4094 582 4160 ilecto
609 4094 726 4180 legitur
749 4094 857 4174 ἔγημα
882 4097 1006 4174 8,16,
1034 4097 1046 4156 1
1084 4100 1115 4157 et
1139 4100 1240 4170 γήμσν
1263 4093 1294 4156 in

120 4213 204 4262 rersu
228 4199 412 4267 hexametro
441 4199 614 4265 desursum
647 4199 830 4286 impostoris
863 4203 920 4274 51,
953 4204 1013 4272 36;
1039 4205 1152 4264 eontra
1177 4199 1294 4283 passim

119 4305 243 4380 γαμήσιι
266 4317 297 4374 el
329 4307 481 4386 ἐγάμησα
512 4313 688 4391 apparent,
718 4313 754 4372 ul
777 4305 956 4385 γαμήσειας
981 4310 1020 4382 8,
1046 4310 1085 4382 6,
1112 4309 1143 4370 l.
1178 4310 1240 4380 61,
1265 4308 1296 4369 6.

121 4413 259 4500 rarique
284 4419 345 4492 50,
380 4416 432 4478 13.
458 4413 615 4490 γαμήσεις
640 4418 701 4489 61,
727 4417 758 4478 8.
782 4413 940 4491 γαμήσειν
964 4416 1023 4490 61,
1049 4415 1081 4477 9.
1108 4413 1171 4486 67,
1196 4415 1236 4489 7,
1266 4414 1295 4474 1.

123 4515 248 4592 γαμήσει
270 4523 333 4598 61,
371 4522 414 4584 22
443 4524 474 4584 et
498 4515 573 4584 alibi
606 4537 709 4605 saepe.
759 4518 856 4585 Reate
881 4525 990 4584 monet
1013 4516 1134 4582 Poauox
1157 4515 1211 4580 lll.
1239 4518 1293 4580 45:
1367 4571 1372 4582 ,
