3208 4972
826 357 896 428 190

264 554 311 618 θον
333 551 427 618 unice
454 549 588 638 probum
613 560 681 629 est,
708 561 744 617 ut
768 553 853 638 apud
879 554 1108 621 Anrsrormnru
1131 554 1191 622 Ac.
1220 559 1297 622 497.
1321 553 1454 623 λωτοδό·

265 683 320 734 της
345 657 430 724 παίει
456 655 579 741 ῥοπάλῳ
603 682 645 738 με
667 656 703 722 τό
726 665 827 726 νῶτον.
877 659 987 728 Obiter
1010 661 1043 725 in
1067 659 1245 748 Lysistratus
1269 682 1316 730 ιε.
1340 666 1416 728 656.

948 767 973 831 εί
997 766 1029 833 δέ
1053 769 1201 844 λυπήσεις
1224 767 1257 833 τί
1276 791 1319 847 με

435 868 512 952 τῷδέ
535 871 569 949 γ’
592 869 723 952 άψνὶκτῳ
748 870 879 951 πατάξω
903 873 946 954 τῷ
971 870 1091 956 κοθόρνῳ
1114 874 1169 948 την
1192 873 1314 953 γνάθον.

265 974 484 1041 animadverte
517 973 635 1061 duplex
660 977 787 1042 vitium.
812 1001 852 1056 γε
876 976 955 1042 nibil
981 965 1143 1064 significat
1165 987 1198 1046 et
1221 979 1381 1046 soloecum
1405 987 1454 1046 est

263 1075 314 1147 όδε
337 1080 480 1163 άψηκτος
504 1083 518 1146 i
542 1080 682 1163 κόθορνος.
730 1081 844 1150 Omnia
868 1103 946 1150 sana
970 1093 1066 1150 erunt
1090 1086 1116 1150 si
1143 1105 1292 1172 repones:

422 1188 498 1269 τῷδε
521 1188 674 1268 τάψηκτῳ
698 1188 832 1267 πατάξω
856 1215 908 1256 σου
932 1191 1052 1273 κοθόρνῳ
1075 1193 1130 1268 την
1154 1192 1274 1271 γνάθον.

264 1302 449 1380 comparata
481 1313 526 1358 vs.
560 1296 635 1359 ³60.
684 1292 745 1360 Sed
775 1294 814 1360 ad
844 1294 998 1362 Lucranuu
1024 1295 1138 1363 redeo:
1166 1299 1199 1362 iu
1224 1303 1240 1384 S
1269 1301 1319 1363 li.
1344 1297 1453 1364 είδέναι

264 1395 344 1472 ὅπως
378 1398 416 1466 άν
449 1399 493 1464 τά
524 1398 665 1467 κάλλιεα
699 1402 826 1477 οἰκηθείη
858 1399 947 1476 πόλις
980 1410 1045 1467 tam
1074 1403 1187 1470 vitiose
1215 1401 1336 1469 dicitur
1361 1413 1395 1470 ut
1417 1405 1452 1469 τό

264 1507 382 1586 ἀγαθόν
407 1525 463 1591 pro
486 1502 529 1572 εὖ.
554 1525 703 1590 expunge
726 1506 901 1572 articulum
927 1515 957 1572 et
986 1509 1103 1573 iterum
1126 1514 1143 1595 ς
1163 1513 1216 1576 30.
1241 1506 1271 1582 ές
1290 1534 1326 1575 τε
1339 1510 1453 1590 είρηνην

264 1611 316 1677 καί
352 1612 382 1685 ές
418 1611 553 1688 πόλεμον
590 1609 658 1700 [τόν]
693 1609 786 1692 άριςα
818 1615 1090 1694 παρεσκευασμένη
1123 1623 1155 1681 et
1189 1619 1249 1690 17,
1287 1622 1338 1680 ll.
1363 1615 1396 1692 ἢν
1420 1615 1453 1682 δέ

264 1725 339 1784 τοτε
375 1717 427 1782 καί
463 1717 534 1806 [τό]
572 1715 665 1799 άριςα
696 1717 826 1799 πράξης.
875 1718 908 1783 ln
943 1720 1097 1785 isocnnrrs
1128 1720 1344 1806 Αοοορορίιίοο
1377 1722 1394 1806 §
1422 1725 1452 1786 5.

265 1823 318 1904 όρῶ
345 1824 408 1904 γάρ
439 1829 497 1888 τῶν
528 1823 646 1890 πόλεων
675 1823 735 1897 τάς
767 1821 859 1904 άριεα
891 1822 1038 1906 πράττειν
1068 1824 1206 1905 οἰομένας
1236 1825 1305 1914 [τά]
1338 1827 1454 1896 κάκιςα

265 1927 510 2009 βουλευομένας,
542 1930 663 2013 optime
695 1929 740 1995 τόν
774 1929 908 1997 Urbinas
938 1932 1070 1998 omittit.
1118 1931 1154 1998 ln
1187 1937 1204 2018 §
1242 1937 1291 1998 19.
1322 1933 1376 1998 οὐκ
1401 1931 1455 1996 ἐῶν

266 2036 461 2117 περιπέττειν
491 2036 526 2101 τό
557 2039 695 2116 πράημα
725 2037 757 2100 έν
779 2047 841 2110 τοῖς
865 2036 970 2117 λόγοις
994 2037 1101 2124 inepte
1124 2035 1268 2104 abundat
1292 2037 1455 2124 praeposi-

269 2142 324 2208 tio.
372 2143 600 2206 berarmannus
623 2139 748 2207 dixerat
771 2142 803 2207 in
830 2141 924 2209 Ρίκιο
952 2148 1024 2210 tea.

464 2244 591 2325 όνόματι
615 2248 828 2328 περιπέττουσι
851 2251 907 2325 την
929 2247 1110 2329 μοχθηρίαν.

267 2371 363 2440 quern
389 2352 485 2418 multi
509 2353 628 2418 imitati
654 2363 742 2420 sunt.
790 2353 956 2420 bisarnum
981 2354 1097 2439 fragm.
1126 2358 1200 2422 106.
1227 2354 1357 2420 Μκιιιιιιι.

296 2464 299 2470 ’
459 2458 532 2525 τότε
554 2459 614 2532 τάς
637 2467 790 2539 γυναῖκας
813 2460 939 2528 δεδιέναι
962 2459 1087 2539 μάλιοα
1107 2459 1170 2536 δεῖ,

460 2561 535 2632 όταν
558 2590 588 2631 τι
612 2565 814 2649 περιπέττυσι
838 2575 901 2641 τοῖς
924 2575 1051 2649 χρηςοῖς
1073 2565 1187 2646 λόγοις.

268 2671 323 2740 ubi
352 2672 448 2760 vulgo
479 2671 733 2755 aspernarentur,
765 2672 850 2758 quod
883 2672 960 2739 bene
984 2672 1128 2738 correxit
1152 2670 1330 2738 Sncuasrus
1357 2671 1456 2736 Pmro

267 2780 306 2846 άο
336 2779 474 2868 Leuibus
503 2779 541 2846 x.
572 2799 602 2865 p.
627 2779 692 2844 886
717 2799 745 2843 u.
770 2777 887 2858 λόγοισι
911 2779 936 2844 δ’
961 2777 995 2847 εὖ
1017 2803 1080 2851 πως
1104 2778 1148 2852 είς
1168 2777 1203 2844 τό
1225 2777 1348 2844 πιθανόν
1371 2799 1456 2856 περι·

267 2886 468 2966 πεπεμμένα.
517 2885 714 2960 suavissime
748 2885 912 2950 lluuoraon
947 2883 1105 2953 Οοοονιοιιν.
1139 2887 1162 2954 Ι.
1195 2890 1248 2951 20.
1279 2881 1455 2964 προοποιοθ·

267 3017 359 3071 μευαι
394 2991 494 3068 ἡδοναί
526 2988 603 3057 εἶναι
644 2995 840 3073 καταφανεῖς
878 2991 1041 3069 γίγνονται
1076 2990 1123 3059 ότι
1146 2996 1245 3059 λῦπαι
1280 2987 1342 3070 άρα
1378 2985 1455 3064 ἦσαν

267 3099 387 3174 ἡδοναῖς
417 3096 699 3178 περιπεπεμμέναι.
732 3106 767 3162 ul
799 3095 878 3162 nihil
903 3096 1017 3164 horum
1044 3099 1310 3186 praepositionem
1336 3093 1455 3160 admit·

268 3203 324 3277 tit,
349 3202 395 3267 sic
422 3200 543 3266 Lucrtnn
566 3200 759 3282 περιπέττειν
782 3211 844 3276 τοῖς
868 3200 971 3282 λόγοις
996 3204 1244 3271 restituendum.

313 3308 347 3373 ln
384 3309 400 3390 §
436 3309 477 3371 23
510 3303 602 3386 κράνη
634 3307 665 3373 δὲ
687 3308 870 3386 ἐπικείμενοι
895 3309 1079 3390 παγγέλοια
1100 3309 1257 3392 κεχηνότα
1281 3304 1453 3386 παμμέγε·

267 3416 314 3487 θες
340 3413 456 3478 vitium
481 3413 564 3476 inest
588 3411 641 3478 sed
668 3413 770 3499 ipsius
797 3414 939 3493 buerant,
965 3417 1020 3501 qui
1046 3426 1152 3482 tamen
1178 3412 1327 3480 excusari
1350 3419 1454 3498 potest

267 3518 419 3606 quoniam
444 3537 554 3584 omnes
579 3526 647 3583 tum
675 3520 717 3584 ita
743 3519 906 3585 errabant.
954 3520 1102 3596 Veteres,
1126 3521 1181 3606 qui
1207 3519 1238 3584 in
1264 3517 1398 3584 dicendo
1421 3525 1455 3584 ct

266 3635 415 3692 natrrram
448 3642 557 3690 rernm
592 3623 696 3689 verbis
723 3624 903 3692 referebant
926 3634 959 3692 et
983 3625 1152 3693 verborum
1179 3643 1308 3693 sensum
1333 3623 1455 3710 perspi·

264 3731 409 3806 ciebant,
434 3729 578 3796 solebant
601 3729 709 3796 dicere
734 3729 859 3812 κράνος,
884 3733 1155 3815 περικεφαλαίαν,
1178 3732 1327 3809 πιλίδιον,
1351 3731 1454 3813 ςέφα-

265 3861 331 3912 νον,
356 3844 561 3919 προσωπεῖον,
586 3834 716 3917 τιάραν,
747 3836 884 3916 similia,
908 3837 1108 3921 περιτιθέναι,
1131 3840 1333 3921 περιτίθεσθαι
1357 3847 1389 3903 el
1421 3836 1453 3899 iu

267 3941 407 4029 perfecto
439 3943 640 4022 περικεῖσθαι,
666 3941 778 4007 vitiosa
803 3943 988 4028 sequiorem
1014 3946 1155 4021 συνήθεια
1178 3944 1283 4030 caepit
1306 3941 1358 4008 bis
1381 3940 1455 4008 sub·

265 4049 401 4114 stituere
433 4048 615 4124 ἐπιτιθέναι,
648 4048 853 4125 ἐπιτίθεσθαι,
878 4051 1060 4116 ἐπικεῖσθαι.
1088 4051 1257 4117 Atticistae
1282 4051 1453 4134 antiquum

264 4155 407 4220 obtinent
431 4163 463 4218 et
487 4153 683 4239 permiscent
702 4155 907 4240 antiquitatis
927 4165 1127 4223 constantem
1147 4176 1239 4224 usunr
1254 4176 1329 4223 cum
1344 4173 1454 4220 reeen-

264 4263 346 4328 ticre
378 4258 583 4346 negligentia.
632 4260 798 4339 Lucrinae,
831 4263 887 4346 qui
919 4263 951 4326 in
977 4262 1070 4344 κράνη
1095 4264 1277 4342 ἐπικείμενοι
1301 4282 1375 4328 cunr
1400 4279 1454 4325 ae·

263 4366 412 4452 qualibus
435 4375 544 4445 errat,
569 4364 653 4432 idem
679 4366 711 4430 in
737 4385 772 4432 re
795 4365 905 4432 eadem
932 4379 1019 4434 recte
1044 4370 1193 4436 imitatur
1215 4377 1340 4436 veteres
1361 4370 1378 4454 ς
1397 4369 1453 4432 52.

263 4477 367 4545 ἐκεῖνα
400 4474 444 4542 τά
478 4472 572 4556 κράνη
608 4472 801 4554 περιθήσεσθε
835 4472 878 4538 τά
913 4473 1096 4556 κεχηνότα,
1131 4483 1169 4541 ut
1199 4475 1233 4542 in
1263 4475 1365 4542 altero
1385 4473 1455 4539 locu
