3150 4972
817 354 886 426 118

253 547 361 617 cmnic
385 551 619 620 meretricium.
667 550 885 639 Sophisticum
916 572 1052 620 acumen
1076 549 1195 637 ubique
1219 558 1354 619 sectetur
1374 545 1419 614 sed

253 678 315 724 non
337 667 373 725 ut
394 660 529 747 ineptiat
550 667 581 724 et
605 658 683 724 nihii
704 657 800 724 dicct.
826 661 948 739 Θεσμθς
969 659 1110 739 θνθγκνς
1128 655 1205 731 θσιος
1218 655 1420 724 debeturscri-

252 763 302 829 bis
321 763 402 830 nihil
422 765 661 852 cogitantibus,
687 767 754 850 ipse
771 764 902 832 dederet
916 769 1026 845 θεσμὸν
1038 767 1179 844 οὶνσίγιιιςς
1192 766 1286 842 θεῖον,
1307 772 1339 829 ut
1350 759 1422 846 apud

252 869 413 938 i'ciroded
447 882 494 938 est
527 871 565 937 dc
588 869 725 957 Lepidus
749 871 819 938 xli.
847 893 877 959 p.
905 877 981 938 957.
1007 873 1040 937 c.
1068 872 1081 936 θ
1106 873 1181 944 θεῖος
1203 871 1257 938 κοί
1282 867 1421 948 revecti

252 975 359 1056 νθμος,
392 987 447 1043 eut
479 998 518 1045 ne
543 977 636 1062 lenge
660 977 755 1043 abeas
778 978 862 1064 apud
888 979 993 1064 ipsum
1020 981 1049 1063 §.
1075 983 1129 1044 48.
1154 979 1239 1051 θείοις
1263 977 1356 1056 νθμοις
1377 974 1421 1053 ip·
1538 1035 1539 1040 ,

252 1083 319 1148 σθέν
351 1085 386 1149 ἐκ
413 1085 561 1166 διαδοχῆς
591 1085 644 1167 ἐφ’
672 1087 756 1164 ἡμᾶς
780 1083 1015 1166 καταβεβηκός.
1063 1083 1165 1164 Qitam
1191 1103 1285 1170 saepe
1306 1080 1377 1154 θ’σιος
1397 1085 1423 1144 et

252 1189 326 1263 θεῖος
349 1189 482 1256 confusa
503 1189 624 1256 tuerint
644 1209 741 1276 supra
762 1191 972 1257 ostendimus.
997 1191 1032 1256 ln
1053 1191 1200 1256 Pcercrrs
1213 1186 1422 1274 Ευιίιρρίιιοσι

253 1315 285 1380 p.
319 1299 350 1361 6.
383 1296 421 1362 D.
446 1305 539 1363 vetus
567 1296 722 1362 indicium
748 1307 795 1362 est
820 1297 962 1363 eiusdem
990 1299 1035 1362 rei
1061 1297 1092 1362 in
1119 1295 1239 1362 scholio
1264 1296 1301 1362 ed
1325 1291 1422 1359 veria:

251 1398 359 1468 ποθντοι
381 1403 424 1468 τοὶ
449 1405 516 1469 θεῖοι
540 1399 630 1468 θ’σιοθ
654 1404 722 1473 dcc:
750 1401 911 1487 γράφεται
931 1403 984 1470 nai
1009 1400 1097 1468 ὅσιοι
1121 1399 1191 1468 dccci
1210 1403 1271 1480 ε’ςι,
1290 1398 1423 1487 quodne·

251 1508 427 1574 cessarium
453 1519 501 1575 est
526 1519 557 1575 et
583 1517 747 1596 receptum
772 1509 811 1575 ab
835 1509 996 1576 omnibus.
1045 1509 1199 1594 Suspicor
1223 1516 1256 1574 ct
1275 1506 1354 1594 apud
1373 1504 1423 1568 Χε·

250 1633 426 1680 rorecdree
458 1615 493 1680 σθ
524 1612 601 1680 θσισν
635 1615 892 1693 restituendum,
926 1616 976 1683 ubi
1011 1635 1097 1681 nunc
1129 1614 1163 1680 τὸ
1196 1616 1272 1680 θεῖον
1296 1615 1424 1699 apparet.

252 1717 354 1786 Locus
379 1729 427 1786 est
453 1721 484 1786 in
513 1720 684 1787 Hellecicic
705 1720 758 1788 iV.
786 1743 837 1798 ιιι,
863 1727 916 1789 20.
940 1720 1189 1802 προσελθσοινσθς
1214 1745 1293 1794 τινες
1314 1724 1367 1783 τῶν
1383 1715 1425 1779 ir·

251 1825 331 1892 πθων
361 1828 505 1906 λέγουσιν
535 1829 619 1911 cadrei
653 1828 830 1917 (Acestem)
864 1824 909 1894 ὅτι
932 1835 991 1894 τῶν
1014 1827 1169 1906 πολεμίων
1194 1829 1231 1900 cic
1256 1824 1426 1905 θνθοιθιιονσο

252 1934 307 1999 σὺν
329 1929 435 2008 θπλοις
461 1935 518 2000 ὑπὸ
541 1936 583 2016 τῷ
608 1937 661 2017 νεῷ
680 1937 739 2001 είσι
761 1935 814 2001 κοιὶ
840 1935 955 2016 ἠρώτων
978 1935 1010 2000 τί
1032 1935 1094 2018 χρὴ
1117 1942 1225 2000 ποιεῖν.
1246 1933 1260 1998 θ
1281 1932 1311 1998 δὲ
1330 1927 1426 2004 κοιίπερ

252 2029 365 2106 πολλοι
389 2039 562 2121 προιύμοινοι
592 2039 672 2126 ἔχων
697 2038 778 2120 θμυς
803 2045 855 2108 οὐκ
880 2040 1048 2108 ἐπελάθετο
1071 2046 1126 2107 τοῦ
1151 2040 1245 2117 θείου,
1271 2036 1428 2122 diligenter

252 2143 426 2212 videndum
452 2167 491 2211 an
517 2152 570 2213 τοῦ
595 2148 674 2214 ὁσίου
698 2149 741 2212 sit
765 2147 1019 2214 rescribendum.
1044 2146 1077 2211 ln
1103 2145 1201 2212 itiner
1224 2145 1427 2210 Cncrscsroec

252 2249 308 2319 lll.
336 2272 363 2337 p.
390 2256 442 2319 45.
467 2253 533 2320 οὐδὲ
556 2255 627 2326 τοὺς
651 2255 733 2327 θεοὺς
757 2255 952 2333 οὶνοοθνίμοισιν
975 2254 1042 2320 οὐδὲ
1065 2253 1182 2326 θυσίκις
1206 2251 1303 2318 cieret
1321 2248 1428 2330 χοίρειν

252 2363 310 2422 τῶν
340 2358 452 2424 οθδίιιισν
483 2361 603 2442 ἀνδρῶν.
637 2358 812 2440 ποιροθνομον
844 2359 949 2448 (codd.
983 2359 1070 2440 ποιρθι
1099 2358 1210 2442 μθνυν)
1234 2358 1267 2423 δὲ
1290 2363 1347 2423 σῶν
1368 2355 1428 2417 θεῶν
1541 2337 1542 2376 i

251 2464 427 2544 προσίεσθαι
461 2467 503 2531 τὰ
536 2465 698 2546 δεδομένα,
730 2487 787 2554 pro
816 2473 875 2532 τῶν
906 2469 976 2532 θεῶν
1001 2465 1170 2550 corrigunt
1191 2471 1250 2530 τῶν
1275 2463 1428 2544 θεοφιλῶν,

251 2569 391 2649 δικοιίων,
427 2572 557 2648 ἐσθλῶν,
587 2574 730 2653 ἀνορθῶν,
767 2572 827 2638 hcc
861 2571 972 2639 tudere
1001 2581 1071 2650 est,
1101 2571 1232 2636 Geccrds
1255 2575 1315 2636 τῶν
1338 2564 1429 2636 θσίυν,

255 2675 314 2742 hec
338 2685 388 2744 est
411 2677 595 2746 emendare.
645 2681 681 2746 ln
707 2680 869 2746 descedes
894 2681 1037 2745 oratione
1060 2677 1099 2743 dc
1122 2675 1161 2743 F.
1187 2675 1226 2742 L.
1248 2696 1281 2762 p.
1302 2679 1362 2747 45,
1381 2673 1428 2734 dt.
1542 2695 1543 2722 1

251 2785 306 2860 riri
337 2786 394 2863 μὲν
425 2783 473 2852 οὖν
505 2788 606 2868 οθρχίςν
636 2794 692 2862 τῆς
719 2787 867 2868 εροινείοις
891 2785 1011 2861 νούσης
1034 2787 1120 2853 ὄσίοιν
1143 2783 1195 2851 κοιί
1221 2783 1342 2848 δικοιίοιν
1363 2779 1430 2842 ἀπε·

250 2890 400 2970 φννιθμνν
432 2887 508 2959 εἶναι
540 2891 638 2958 codex
666 2911 749 2958 nnus
773 2892 857 2958 θείοιν
880 2891 931 2957 ecci
958 2893 1078 2959 δικοοίοιν
1103 2890 1242 2958 exhibet.
1291 2886 1431 2954 Obitere

251 2995 465 3062 Dudcsreedrs
486 2997 554 3063 icco
577 2997 615 3063 de
639 2997 677 3064 F.
702 2998 740 3064 L.
768 3020 796 3084 p.
823 3003 905 3078 441,
931 3005 961 3064 5.
986 3001 1034 3065 δεῖ
1057 2995 1166 3068 dccccv
1185 2999 1267 3077 ὑμῶν
1285 2995 1339 3069 τὴν
1356 2985 1432 3055 θσίιιν

253 3100 306 3166 mi
326 3105 392 3178 ’τῖον
423 3104 543 3169 dimitte
574 3109 681 3187 ψῆφον
705 3105 779 3187 ὑπὲρ
802 3113 858 3179 τῆς
882 3107 1025 3186 ποισριθος
1049 3106 1150 3172 θέσθοιι
1174 3103 1280 3170 exime
1304 3097 1430 3164 alterum

250 3208 326 3284 τίν,
361 3227 434 3273 flam
468 3227 531 3273 una
565 3208 642 3274 haec
674 3215 780 3293 ψῆφος
809 3219 859 3277 est
883 3210 1034 3292 terenda,
1060 3231 1122 3278 non
1147 3209 1229 3276 duae
1254 3210 1271 3284 ἡ
1296 3205 1365 3272 ictor
1387 3195 1433 3264 κοί

252 3317 269 3391 ἡ
296 3313 411 3381 ciceia.
460 3313 674 3382 Vehementer
697 3316 810 3383 afflixit
835 3317 1066 3384 eiusdemmodi
1090 3337 1180 3384 error
1204 3322 1237 3380 ct
1258 3311 1351 3400 piane
1368 3321 1433 3394 per-

252 3419 335 3486 didit
360 3423 463 3487 iocum
492 3423 659 3494 recreem
685 3424 716 3488 in
742 3423 800 3489 vll
824 3425 1009 3509 rapientium
1035 3424 1172 3490 σοπυίυίο
1196 3442 1226 3507 p.
1252 3423 1315 3486 152
1336 3415 1365 3481 d.
1387 3407 1433 3476 uhi

252 3527 350 3595 Soceri
375 3529 421 3595 sic
446 3528 617 3595 cavillatur
641 3531 802 3596 descruit:
829 3531 866 3595 σὺ
890 3530 920 3594 δὲ
943 3529 1034 3602 δεινὸς
1053 3525 1083 3595 εί
1101 3527 1233 3610 κορθκυν
1253 3524 1371 3591 ίπιιίειν
1388 3514 1433 3584 κοί

250 3643 388 3715 κολοιῶν,
413 3645 468 3713 σῆς
493 3637 524 3703 δὲ
548 3643 601 3703 σοῦ
625 3642 728 3721 φωνῆς
752 3639 805 3703 οὐκ
825 3637 959 3719 ἀκριβῶς
978 3635 1144 3714 ἐξοικοθεις.
1176 3635 1333 3701 Veiturii:
1357 3638 1435 3694 eccm

249 3742 350 3827 ipsius
381 3765 484 3810 vocem
518 3766 579 3809 ccc
602 3753 745 3810 accurate
767 3743 918 3809 exaudis:
941 3742 1024 3830 quod
1047 3744 1080 3808 in
1104 3762 1158 3809 ecs
1182 3742 1268 3827 ipsos
1293 3728 1436 3804 convenit

251 3845 377 3927 dicere,
402 3850 459 3935 qui
484 3851 530 3914 sic
555 3858 733 3916 verterunt.
783 3851 917 3917 disocus
937 3850 1046 3918 Soceri
1066 3848 1195 3916 videtur
1213 3865 1276 3912 non
1295 3843 1375 3911 setis
1394 3837 1435 3902 in·

254 3952 414 4023 teitexisse
438 3953 605 4020 oraculum
631 3954 691 4020 sibi
716 3956 845 4022 datum:

477 4060 622 4141 εθδοιιροον
646 4064 819 4145 πτολίεθρον
849 4064 910 4134 ἑνὸς
934 4063 1057 4144 κήρυκος
1081 4062 1212 4128 οθκοθειν.

254 4164 361 4232 Redde
395 4167 537 4233 Αοοιιιιει
568 4171 677 4235 ἀκοῦον
708 4179 739 4236 et
774 4169 951 4234 Pcdrceceo
974 4178 1029 4246 τῆς
1054 4169 1085 4233 δὲ
1111 4156 1197 4232 Θόῑ
1223 4161 1314 4250 (θεοῦ)
1339 4163 1437 4245 φονῆι

252 4275 307 4340 οὐκ
336 4273 470 4354 ἀκριβῶς
501 4273 667 4352 ἐξκκοθεις.
719 4273 916 4340 Vocabulum
948 4274 1012 4346 θείς
1040 4293 1057 4338 a
1082 4272 1198 4339 scribis
1222 4269 1377 4338 omissum
1401 4259 1438 4328 ed

252 4379 407 4446 Lucrercd
440 4399 490 4445 me
522 4378 664 4448 reducet.
697 4381 815 4448 Editur
838 4385 899 4458 60,
924 4385 955 4448 6.
980 4377 1014 4456 ἦν
1035 4381 1071 4456 di
1095 4380 1131 4444 τὸ
1155 4377 1204 4444 ἐπί
1229 4375 1325 4456 σσθσῳ
1349 4375 1363 4439 ἃ
1386 4369 1439 4450 μὲν

253 4486 337 4555 ποθνυ
361 4487 506 4560 ιθπίθοινος
530 4487 560 4550 ε’ν
583 4497 621 4572 σῇ
642 4488 794 4571 ὑποκρίσει
814 4488 951 4570 συνείρων
970 4481 1027 4555 οθον
1048 4485 1127 4561 είκὸς
1145 4487 1179 4552 ἐκ
1198 4486 1315 4552 πολλοῦ
1332 4480 1438 4556 θεκερο·
