3204 4978
854 391 926 462 302

287 583 439 671 frequens
467 595 516 652 est
549 585 721 653 admodum
754 587 839 678 apud
868 587 1035 675 sonoriores
1061 587 1221 673 imprimis
1253 588 1285 653 in
1314 589 1487 668 Ριιιειιιιι,

287 691 437 769 donnino,
488 691 581 758 Dione
629 691 749 762 Cassio.
811 693 915 761 Seme!
950 692 1009 759 hoe
1048 693 1163 758 uitium
1206 693 1237 758 in
1278 693 1483 761 Xrnoruonrs

286 803 437 882 apparet,
462 799 516 884 qui
541 798 573 863 in
601 799 676 864 isia
701 805 733 865 ei
759 798 972 886 Peloponneso
998 817 1091 866 usum
1118 800 1241 886 patriae
1263 797 1392 867 diaieeti
1414 820 1483 867 non

286 899 326 966 aia
350 903 437 967 onrni
463 902 533 970 labe
555 924 672 991 purum
697 925 826 972 servare
851 907 955 993 potuit
980 925 1037 993 per
1061 913 1108 972 tot
1131 925 1243 972 annos.
1293 905 1425 992 Legitur
1447 907 1482 973 in

287 1006 459 1075 Hettente'r
491 1009 514 1076 1.
541 1030 594 1077 ιιι.
622 1017 653 1078 5.
686 1014 719 1078 od
750 1015 814 1094 γὰρ
837 1013 984 1095 προύτέθη
1015 1011 1134 1094 σφθσι
1159 1010 1251 1091 λθγος
1282 1031 1340 1098 pro
1362 1013 1483 1086 αὐτοῖς.
1573 1023 1574 1036 ²

287 1112 438 1180 Eiusdem
465 1117 592 1201 generis
615 1124 667 1183 esi
688 1119 774 1196 μετθο
804 1117 853 1194 δέ,
875 1117 959 1205 quod
982 1116 1163 1184 sexcenties
1186 1116 1271 1204 apud
1294 1117 1483 1186 idraooorrur

287 1219 405 1304 iegitur
430 1241 486 1308 pro
518 1221 629 1290 ἔπειτα
656 1225 709 1302 δέ,
742 1233 774 1290 et
810 1221 958 1290 Lucienus
984 1225 1103 1310 passim
1130 1224 1293 1290 Heeoooro
1317 1222 1481 1309 subtegit,

286 1326 384 1393 sento!
404 1336 531 1395 ianittttt
556 1337 641 1398 reete
667 1335 724 1409 14,
745 1334 775 1394 4.
800 1329 886 1408 μετὰ
906 1330 958 1406 δέ,
984 1327 1121 1410 ὦξεθνε,
1146 1329 1243 1396 εἴσεαι
1267 1337 1326 1410 air
1350 1353 1385 1394 τε
1412 1329 1482 1413 πέρι

285 1433 338 1500 και
363 1435 464 1517 θέρος,
499 1439 575 1523 quia
609 1435 823 1526 Pythagoram
856 1434 982 1502 tndnoit
1013 1455 1073 1502 sua
1105 1434 1242 1502 diaieoto
1274 1436 1480 1524 toquentem,

287 1559 349 1606 nou
380 1541 451 1607 siue
482 1543 560 1608 vitio
591 1551 716 1620 tamen,
741 1561 814 1607 nanu
841 1541 1015 1608 ridieuium
1042 1539 1199 1629 estquod
1225 1545 1290 1628 §5.
1321 1542 1483 1630 praecipit

286 1647 378 1714 πέντε
415 1643 491 1712 ὅλοιν
532 1647 623 1716 έτέοιν
654 1648 778 1715 λαλέειν
811 1648 925 1727 μηδέν,
968 1646 1093 1713 volebat
1136 1646 1244 1714 dicere
1279 1648 1481 1731 έχερουθέειν,

287 1753 447 1818 dicentem
481 1751 558 1820 iacit
585 1755 749 1838 φλυηρέειν
775 1754 887 1833 μηδέν,
922 1773 994 1818 narn
1022 1753 1102 1819 nihii
1127 1753 1215 1820 aliud
1243 1751 1329 1840 apud
1354 1764 1482 1822 veteres

286 1866 396 1925 λαλεῖν
419 1859 581 1946 significat
604 1880 700 1946 quam
725 1868 878 1944 φλυαρεῖν
898 1868 928 1926 et
950 1858 1079 1926 inanem
1104 1858 1333 1947 loquacitatem
1357 1864 1480 1948 arguit.

287 1963 353 2031 iam
379 1965 453 2030 oiim
487 1968 512 2032 oi
545 1966 661 2032 ἰδιῶται
694 1973 726 2031 et
759 1964 885 2031 irarbari
919 1965 1039 2032 Graece
1064 1965 1278 2034 balbutientes
1302 1979 1482 2054 coeperunt

287 2079 397 2139 λαλεῖν
420 2091 478 2159 pro
499 2072 604 2152 λέγειν
622 2091 795 2159 ursurpare
813 2079 846 2138 et
866 2073 1011 2158 magistri
1038 2071 1230 2150 admonent,
1257 2071 1319 2140 vid.
1345 2074 1482 2142 Panum-

287 2200 367 2246 cnun
401 2179 534 2244 Bonnam
570 2177 685 2244 Aneed.
726 2198 756 2266 p.
788 2183 849 2254 tit,
883 2183 911 2244 5.
963 2177 1161 2245 Suauissime
1192 2180 1224 2246 in
1264 2180 1481 2248 inroraunsrr

289 2286 441 2352 Gdnroctt.
472 2284 538 2351 Vil.
565 2283 689 2371 pueruii
715 2283 753 2350 ad
778 2282 948 2370 garrulum
975 2294 1116 2371 patrem:
1140 2285 1293 2365 πατπθα,
1318 2296 1431 2353 λαλεῖν
1450 2314 1480 2355 τι

287 2395 360 2472 ἡμῖν
382 2390 462 2464 θποις
485 2389 524 2457 θον
549 2393 633 2470 ἡμεῖς
658 2388 748 2464 θπνος
778 2390 879 2472 λθβρ.
930 2391 1051 2457 Passim
1086 2411 1252 2479 perperam
1283 2393 1369 2472 μετθο
1388 2393 1421 2461 δέ
1447 2395 1478 2461 in

288 2500 392 2566 Attica
417 2497 560 2565 oratione
582 2498 731 2584 ponitur,
752 2503 788 2561 ut
812 2501 869 2576 10,
895 2499 936 2577 9,
963 2501 994 2562 2.
1018 2492 1105 2563 έιιθεν
1129 2500 1186 2576 niv
1209 2499 1259 2565 έπ1
1281 2500 1372 2581 θύρας
1389 2502 1479 2584 έφοθ-

285 2597 345 2672 των
382 2604 475 2684 μοθλα
513 2605 640 2682 πολλοί,
676 2603 781 2682 μετὰ
811 2604 850 2670 δέ
883 2603 1016 2669 παντοῖά
1047 2626 1099 2682 μοι
1130 2604 1208 2686 δῶρα
1242 2605 1414 2685 προσήγετο
1448 2616 1479 2675 et

289 2717 344 2789 14,
369 2715 401 2779 9.
425 2717 541 2793 πρῶτον
570 2711 627 2789 μὲν
656 2709 810 2791 τριβώνιον
837 2709 1016 2791 περιβαλῶ,
1048 2711 1159 2789 μετὰ
1182 2711 1221 2777 δὲ
1251 2721 1351 2779 πονεῖν
1375 2737 1480 2779 κατα·

286 2817 434 2898 repentae
460 2828 490 2884 et
519 2821 581 2896 46,
619 2823 669 2883 tt.
700 2816 736 2881 τὸ
767 2815 824 2895 μέν
855 2823 969 2898 πρῶτον
1001 2817 1143 2896 ἰλιγγιῶν
1176 2817 1252 2906 (leg.
1285 2818 1338 2885 nati
1361 2820 1397 2887 ri
1420 2821 1478 2901 μέν

286 2932 400 3007 πρῶτον
431 2922 588 3012 tatwino)
622 2923 679 2988 ὑπὸ
710 2928 764 2988 τοῦ
796 2920 929 3000 βοθθους,
962 2923 1068 3002 μετὰ
1101 2923 1138 2990 ti
1171 2923 1277 3006 ἔφερον
1307 2925 1360 2992 καὶ
1388 2931 1478 2994 τοῦτο

286 3034 424 3114 εὐμαρῶς
457 3039 488 3096 ei
523 3034 579 3108 15,
615 3034 647 3096 8.
680 3033 742 3106 52,
774 3032 807 3094 8.
834 3033 897 3106 54,
922 3033 954 3094 8.
982 3031 1042 3107 46,
1069 3033 1122 3096 24.
1149 3034 1210 3108 47,
1236 3035 1290 3098 54.
1316 3035 1376 3110 49,
1404 3039 1417 3098 l
1447 3041 1478 3098 et

286 3136 372 3204 aiibi.
421 3133 597 3203 iuielieiter
624 3132 798 3200 admodum
834 3133 992 3200 Barsines
1020 3135 1054 3200 in
1079 3134 1249 3202 Rdetomm
1277 3147 1477 3226 praeceptore

287 3250 350 3321 tit,
379 3249 429 3331 ¹.⁷·
447 3242 534 3321 μετὰ
552 3240 585 3306 δέ
608 3239 737 3306 retinxit
757 3241 789 3304 in
811 3240 898 3320 μέτει
921 3240 970 3316 δι’,
988 3239 1084 3327 idque
1105 3242 1245 3330 recepit,
1270 3242 1325 3310 sed
1339 3242 1475 3310 redemit

287 3351 374 3415 hune
397 3367 540 3415 errorem
562 3347 641 3412 hona
666 3347 866 3412 correctione
879 3347 910 3410 in
934 3353 995 3426 ιι,
1019 3351 1072 3414 20.
1093 3348 1145 3414 να)
1166 3351 1281 3432 πρῶτον
1304 3351 1361 3430 μὲν
1381 3351 1475 3424 αὐτὸς

285 3458 422 3533 αὐλῆσαι
447 3454 597 3535 πονήρως,
622 3453 728 3533 μετὰ
753 3452 794 3517 δέ
817 3451 997 3534 παραδόντα
1020 3455 1089 3528 τοὺς
1122 3457 1236 3528 αὐλοὺς
1262 3455 1362 3538 έκεθνιρ
1385 3457 1475 3536 θέξα·

286 3564 355 3630 σθαι
387 3563 460 3645 παρ’
493 3563 588 3627 αὐτοῦ
626 3560 662 3626 ri
694 3563 827 3638 σκῦτος,
864 3559 985 3647 optime
1017 3561 1101 3626 enim
1140 3562 1283 3648 reposuit
1316 3563 1402 3642 μετὰ
1446 3563 1476 3629 δὲ

286 3668 452 3752 παραδούς.
501 3664 742 3732 Eiusdemmodi
770 3673 819 3731 est
852 3665 970 3746 κιθρτα,
996 3665 1079 3752 qttod
1102 3669 1239 3753 pesstrne
1264 3668 1370 3735 verbis
1395 3671 1476 3736 ttri-

286 3778 333 3843 ois
358 3775 514 3841 inseritur
538 3779 597 3852 70,
620 3776 676 3838 24.
702 3771 736 3837 τὸ
761 3770 867 3838 λοὶσιον
888 3771 940 3837 καθ
962 3769 1063 3854 ιοοθρτα
1084 3775 1262 3854 έκιιεντοῦν,
1287 3784 1344 3841 atti
1364 3781 1424 3854 tto,
1446 3781 1474 3842 5.

286 3883 388 3966 αθρτα
410 3885 444 3948 ιθ
473 3879 638 3964 φρενήρης,
669 3876 754 3966 quod
784 3879 856 3964 quis
888 3898 950 3944 uon
980 3879 1106 3946 rideat?
1154 3880 1284 3948 lenibus
1309 3883 1474 3970 proprium

286 4000 334 4057 est
355 3989 516 4075 imprimis
537 3984 775 4072 antiquioribus
798 3985 912 4050 τιθέναι
932 4003 1049 4071 ponere
1071 3984 1125 4051 ubi
1149 3987 1247 4054 Attici
1269 3997 1366 4056 ποιεῖν
1390 3987 1476 4055 dioe-

288 4097 419 4162 inaniet
446 4095 582 4159 τίθεσθαι
607 4090 901 4158 autumentur:
926 4092 1078 4158 κοινανθαν
1100 4095 1249 4159 ποιεῖσθαι
1274 4092 1353 4160 dioit
1381 4093 1474 4161 ttae

287 4204 428 4277 niensis,
464 4203 604 4280 ξυνυνθοςν
642 4201 777 4266 τίθεσθαι
811 4200 920 4276 Ioues,
956 4201 1003 4265 sio
1042 4203 1139 4268 δαῖτα
1176 4202 1331 4278 τίθεσθαι,
1375 4201 1475 4278 θέσθαι

285 4312 418 4393 ἀγορήν,
451 4311 573 4385 θυσθαν,
612 4307 735 4389 γάμον,
776 4315 808 4372 ei
845 4306 981 4373 siderion
1012 4308 1136 4387 παῖδα,
1170 4308 1251 4387 vido,
1281 4311 1364 4383 θετὸς
1396 4309 1441 4375 ott
1466 4359 1475 4382 ,
1573 4313 1574 4386 i

285 4417 364 4490 θέσις
395 4436 454 4503 pro
485 4418 642 4490 ποεῖσθαι,
665 4411 806 4490 noterio,
838 4414 976 4490 ποέιςσις,
1009 4423 1041 4480 et
1073 4415 1261 4502 saepissime
1280 4415 1394 4482 τιθέναι
1418 4433 1474 4502 pao
1573 4393 1574 4412 ¹

286 4529 399 4602 ποιεῖν,
426 4531 462 4589 ut
493 4523 525 4589 in
556 4521 737 4588 notissimo:
769 4519 795 4586 ei
826 4519 858 4586 δέ
882 4543 936 4600 μιν
957 4520 1119 4602 αἰχμητὴν
1150 4519 1257 4588 ἔθεσαν
1278 4521 1359 4602 desi,
1381 4530 1416 4590 ut
1437 4517 1476 4586 de
