3208 4972
802 333 873 404 stu

230 534 363 611 χρυσοῦς
386 529 596 604 αναςθσεσθιιι
624 529 756 602 ἐλπίζων
784 533 908 594 veteres
939 545 1050 590 omnes
1073 523 1232 592 dixissent
1260 527 1424 602 τίσεσθαι,

233 634 289 704 sed
314 635 438 702 Lunum
462 643 494 702 et
525 634 708 723 aequalium
745 634 772 698 is
795 652 887 700 errnr
911 640 980 710 est,
1008 639 1165 718 utsupra
1190 631 1341 699 diximus.
1388 631 1424 698 ln

235 745 254 827 §
281 745 335 808 32.
362 743 541 809 θανατιῶντι
564 739 800 810 emendandum
828 747 878 805 esi
902 738 933 802 iu
953 738 1133 805 θανατῶντι.
1159 739 1308 804 θανατιῶι
1329 738 1425 804 Grae·

235 845 382 914 culorum
407 849 486 915 vitio
517 856 629 915 nntium
662 855 730 926 est,
761 866 841 934 qnos
872 843 1076 932 decipiebant
1106 844 1228 911 formae
1251 845 1423 923 μαθντιῶι,

234 953 396 1031 βινητιῶν,
419 954 579 1036 οθριρτιῶν,
609 973 748 1042 quartum
773 952 900 1018 diversa
926 951 1007 1018 relic
1031 959 1092 1016 est.
1140 951 1174 1016 ln
1200 954 1218 1036 ς
1245 955 1297 1016 55.
1321 950 1426 1032 χρυσῶ

235 1057 294 1141 βίορ
317 1069 435 1142 χρυσῆν
458 1061 582 1142 κορῶνιιν
614 1061 780 1135 ἐπιθεῖναι,
813 1059 878 1124 imo
903 1076 978 1122 veru
1001 1056 1162 1138 κορωνίδα,
1189 1065 1224 1124 ul
1248 1075 1359 1123 omnes
1382 1056 1427 1121 ln·

236 1172 385 1252 quuntur
409 1173 442 1232 et
467 1165 614 1241 hucmuus
638 1169 706 1254 ipse
731 1170 792 1242 lh,
817 1167 871 1229 26.

282 1268 319 1335 ln
349 1269 506 1359 Fups‘ts'cis
537 1277 597 1349 69,
627 1277 654 1339 l.
686 1271 868 1352 θττοιμένυν
894 1269 1082 1351 ἀνθρωπείαν
1109 1267 1276 1348 hepatem,
1301 1268 1428 1353 corrige

237 1381 364 1459 σαρκῶν.
403 1385 436 1444 ei
468 1378 500 1444 in
543 1377 605 1445 fine
638 1381 734 1464 553.
773 1396 831 1465 pro
861 1383 973 1442 παπαῖ
1004 1373 1107 1453 ταιθξ
1141 1395 1180 1442 ex
1215 1375 1428 1442 Amsrnrutur

238 1501 352 1548 revoca
380 1483 587 1562 ίατταταιιίξ.

283 1587 320 1655 Iu
345 1588 565 1656 Saturnalibus
597 1593 650 1656 70.
684 1587 777 1675 521.
808 1588 838 1652 ἐν
861 1593 932 1660 ταῖς
961 1587 1078 1660 κοίταις
1106 1587 1160 1653 καί
1191 1587 1293 1659 κίταις
1324 1587 1428 1668 εθρῶπι

238 1700 473 1768 κατασαπῆναί
523 1693 687 1761 Librarius
718 1713 820 1780 quum
851 1691 1012 1779 duplicem
1044 1691 1214 1760 lectionem
1240 1694 1276 1757 in
1296 1695 1431 1779 entique

240 1797 322 1866 libre
353 1800 536 1866 invenisset
562 1808 735 1887 utramque
767 1797 855 1865 dedit
885 1797 924 1864 tle
952 1817 1041 1866 incre
1066 1805 1096 1866 ct
1121 1798 1267 1885 copulem
1292 1797 1429 1866 addidit.

239 1903 459 1991 Espunxcrim
492 1908 609 1980 ealcum
639 1907 703 1973 καί.
760 1902 850 1991 hpud
886 1904 1221 1972 Psetmnl'ncrsnceuu
1249 1904 1289 1970 de
1319 1904 1432 1970 muilie-

238 2031 312 2076 rum
352 2011 519 2078 cirltttihus
554 2033 583 2098 p.
616 2016 693 2078 uls.
731 2032 757 2076 e.
803 2006 878 2078 θσνιν
921 2005 1010 2089 οἶμαί
1044 2035 1078 2076 σε
1114 2010 1258 2090 βεβαίοις
1294 2009 1431 2090 βιβλίοις

240 2117 429 2198 ἐντυχοῦσαν
453 2117 567 2200 ίσορίαν
591 2115 674 2201 ἔχειν
698 2118 834 2197 παροίσω.
884 2114 1022 2182 Vertunt
1049 2125 1085 2183 ut
1116 2124 1259 2212 possunt.
1283 2115 1429 2196 βεβαίοις

239 2231 392 2309 corrupte
425 2221 518 2290 lectin
550 2233 617 2302 est,
647 2224 785 2303 βιβλίοις
809 2241 896 2288 uere.
944 2223 982 2288 ln
1016 2225 1113 2304 §22
1139 2223 1173 2287 in
1202 2221 1432 2296 vertissem

240 2327 475 2412 δημοτικώτερον
514 2337 563 2396 est
596 2337 708 2396 uotstu
738 2328 835 2415 digna
868 2328 1052 2414 scripturae
1082 2329 1223 2394 varietus
1255 2329 1287 2394 in
1322 2325 1434 2394 codice

239 2435 362 2520 optimc
386 2436 421 2502 Α.
464 2435 770 2518 διμικρατικιίτεριν.
820 2433 907 2500 ldem
944 2435 1057 2501 vitium
1091 2432 1223 2500 inolevit
1251 2435 1284 2500 in
1314 2434 1434 2500 eximin

238 2539 309 2606 loco
331 2541 443 2608 Lusus
476 2541 579 2619 XXV,
612 2547 644 2608 8.
669 2541 865 2621 ἐνθυμηθῆναι
889 2541 951 2621 χρίρ
981 2536 1026 2607 θτι
1058 2539 1154 2614 οὐδείς
1178 2539 1241 2609 issu
1273 2541 1433 2622 θνθρῶτοιν

238 2647 332 2730 Φύσει
371 2649 441 2714 οὔτε
480 2649 682 2730 θλιμαρχικθς
718 2647 789 2715 otu
823 2645 1146 2726 δνμοκρατικθς,
1180 2647 1258 2740 αλλ’
1296 2645 1362 2725 ἥτις
1394 2647 1434 2712 ῶν

238 2751 339 2835 irrisu
371 2754 516 2822 πολιτεία
543 2754 686 2838 συμφθρρ
716 2753 834 2830 ταύτην
860 2753 1057 2835 προθυμεῖται
1090 2750 1267 2822 καθισθυαι.
1318 2750 1434 2818 Eruen-

239 2855 381 2926 dsndum
414 2868 463 2928 est
494 2863 564 2928 οὔτε
595 2859 768 2940 διμοτινίς.
817 2857 910 2945 Αριιιοί
940 2858 1154 2925 Athenienses
1187 2864 1340 2944 perpetuo
1372 2875 1433 2923 usu

238 2973 444 3051 opponuntur
480 2969 565 3032 inter
599 2987 634 3032 se
667 2967 692 3032 οί
730 2965 888 3043 δημοτικοί
925 2970 957 3031 ct
992 2964 1017 3029 ci
1052 2964 1263 3046 ὀλιγαρχικοί,
1307 2982 1370 3029 nnn
1405 2964 1433 3028 ol

240 3070 476 3154 incoeperint,
501 3071 586 3157 qunti
616 3070 655 3138 tle
689 3071 784 3138 rehns
815 3069 957 3148 dicitur,
992 3089 1052 3136 nnn
1085 3069 1124 3137 tle
1155 3071 1311 3156 personis.
1362 3067 1433 3136 tthi-

238 3194 379 3262 cumquc
406 3175 464 3242 hes
497 3175 579 3242 duas
610 3175 765 3244 lectiones
798 3175 1011 3243 Athenienses
1036 3176 1223 3251 nominent,
1256 3173 1341 3263 quod
1364 3195 1434 3242 sex·

238 3281 361 3347 centies
385 3279 528 3358 iaciunt,
555 3281 677 3349 videbis
701 3282 787 3349 husie
809 3301 903 3348 usum
925 3291 1083 3348 constare.
1119 3283 1246 3369 lnspice
1263 3282 1434 3349 lsccmren

238 3386 306 3468 περί
336 3391 390 3454 τοῦ
420 3387 548 3470 ζεύγους
584 3393 679 3474 536.
713 3388 767 3454 ubi
799 3387 886 3474 lege:
922 3391 955 3454 cti
987 3387 1050 3469 γὰρ
1085 3387 1336 3467 θπελαννθμενις
1373 3389 1432 3454 ὑπὸ

240 3491 342 3582 (vulg.
361 3493 438 3585 alul)
466 3504 522 3571 τῆς
553 3497 743 3579 ὀλιγαρχίας
774 3495 866 3562 ἄλλα
897 3493 1175 3574 παρακαλούμενος
1207 3491 1241 3570 ἦν
1271 3492 1433 3571 δημοτικθς

239 3608 272 3668 et
304 3602 402 3686 537.
455 3601 551 3668 Plane
584 3601 755 3686 gemellum
788 3610 836 3668 est
872 3600 904 3665 in
937 3599 1093 3666 lsncnnns
1126 3599 1269 3667 oratione
1292 3601 1330 3666 de
1353 3598 1437 3666 Pcce

239 3709 258 3792 §
285 3710 359 3773 155.
382 3710 574 3788 παυσώμεθα
596 3707 777 3789 δημοτικοὺς
797 3708 854 3787 μὲν
877 3703 954 3773 είναι
978 3706 1151 3789 νομίζοντες
1175 3707 1245 3781 τοὺς
1277 3703 1435 3790 συκοφάν-

240 3835 316 3888 τας,
341 3814 562 3896 θλιγαρχικοὺς
592 3816 624 3882 δὲ
655 3814 725 3889 τοὺς
749 3813 863 3886 καλοὺς
893 3813 1051 3892 esperone
1075 3819 1133 3880 τῶν
1157 3813 1285 3894 α’νῶρῶν,
1309 3810 1435 3893 γνθντερ

239 3912 286 3984 θτι
309 3916 404 4002 φύσει
427 3919 485 3998 μὲν
515 3921 609 3996 οὐδεὶς
640 3921 791 4002 οὐδέτερον
821 3919 955 4016 τοθτςιν,
981 3921 1011 3985 ἓν
1043 3917 1108 4002 ᾖδ’
1134 3917 1173 3985 ἂν
1195 3917 1300 3989 lesen
1322 3925 1436 3998 τιμῶν-

239 4046 293 4089 ται
324 4023 442 4101 ταθτιρν
474 4027 641 4106 βούλονται
671 4025 840 4098 καθετθναι
873 4026 1046 4092 πολιτείαν.
1095 4023 1184 4106 Quod
1214 4025 1299 4112 apud
1327 4025 1436 4092 uncis·

237 4149 299 4196 ttttrt
334 4148 405 4196 mox
437 4135 601 4217 sequitur:
634 4131 678 4200 ἔτι
710 4132 1028 4216 παρασκευαζομένων
1063 4134 1102 4204 ῶς
1135 4131 1343 4210 ἓτιβοθλοιμεν
1380 4132 1435 4207 τίον

237 4243 333 4318 χεῖρα
353 4234 394 4302 ah
417 4257 454 4304 ec
478 4237 526 4302 sic
550 4237 615 4305 dici
644 4259 707 4307 nnn
738 4240 844 4326 uetuit
867 4237 923 4304 setl
947 4238 987 4303 ah
1007 4237 1280 4304 homuncionibus
1305 4256 1435 4325 corrup

238 4348 309 4406 tum
333 4348 392 4407 est.
440 4341 523 4409 Parc
547 4347 671 4430 facere,
700 4367 777 4430 parc
802 4345 941 4422 bellum,
966 4353 1000 4410 et
1026 4345 1146 4411 similia
1168 4344 1289 4412 Graece
1312 4341 1436 4409 duobus

238 4445 341 4514 modis
361 4446 425 4514 diei
450 4459 604 4534 pessunt,
625 4451 907 4532 παρασκευθζομαι
928 4459 1042 4528 ποιεῖν,
1068 4459 1217 4530 πολεμεῖν
1229 4451 1277 4516 vel
1302 4451 1340 4523 ῶς
1353 4449 1435 4525 ποιιί·
