3150 4972
828 381 874 454 tt

295 582 426 667 Fragm.
448 587 481 646 d.
508 579 525 662 §
550 582 581 644 2.
607 576 723 651 πάντες
748 577 844 650 αὐτην
872 583 1036 644 λαλοῦσαι
1061 575 1173 663 putide
1198 594 1254 662 pro
1279 576 1440 654 ὑμνοῦσιν,

250 697 284 755 ut
310 707 384 753 mox
406 693 468 759 τοῖς
493 693 602 751 λαλεῖν
626 684 670 762 μη
695 682 886 762 δυναμένοις;
911 685 942 749 in
963 703 1001 749 eo
1025 682 1121 749 verbo
1142 702 1274 768 prorsus
1296 679 1442 748 obsoleta

248 792 544 877 ostensamque,
570 808 652 875 quae
676 791 794 876 optime
819 799 950 877 apparet
974 791 1007 854 in
1034 790 1195 856 Enoounxs
1219 786 1396 856 versiculo:

521 903 633 961 λαλεῖν
655 893 775 977 ἄριςος,
799 896 1037 970 ἀδυνατώτατος
1062 895 1176 975 λέγειν.

251 1008 269 1091 §
294 1008 325 1070 l.
359 1001 624 1079 innocencium,
649 1001 774 1089 antiqui
799 1002 942 1085 πλήρους.

210 1189 217 1202 ¹
295 1110 424 1195 Fragm.
439 1113 470 1176 6.
494 1111 548 1174 οὐκ
571 1105 659 1173 οἶδα
682 1106 817 1173 carso:
845 1107 943 1175 scrib.
966 1105 1296 1175 diffinitam—nod
1319 1104 1441 1188 oilpdarr:

250 1217 315 1282 imo
345 1236 421 1282 vero
451 1221 523 1293 ποῖ,
557 1222 593 1280 nt
622 1233 716 1300 saepe
751 1213 836 1300 apud
870 1215 1050 1292 Patronus,
1082 1223 1137 1283 ποῖ
1165 1213 1218 1279 καὶ
1242 1212 1350 1290 rddere
1384 1218 1445 1276 aut

250 1321 334 1408 apud
359 1321 437 1387 alios
460 1329 515 1387 ποῖ
535 1320 570 1395 δη
594 1321 651 1395 σός
681 1329 713 1386 et
739 1318 866 1384 similia.
888 1357 934 1370 —
955 1321 1034 1394 τίνος
1064 1319 1161 1386 οδπιπε
1184 1319 1299 1385 ἐκπνεῖν
1322 1315 1442 1398 dycta:

251 1427 314 1493 duo
339 1435 414 1494 sunt
446 1429 480 1492 in
510 1447 573 1492 uno
597 1425 750 1492 vocabulo
775 1426 872 1502 vitia,
897 1426 1035 1492 alterum
1068 1425 1265 1500 scribarum,
1291 1422 1446 1490 Rhetoris

251 1533 406 1601 alterurn:
432 1533 597 1599 demetrio
622 1541 788 1598 καταπιεῖν
812 1531 1039 1618 corrigendum
1065 1540 1133 1611 est,
1156 1528 1335 1617 quo-verbo
1360 1526 1445 1593 nihil

250 1641 356 1707 estin
381 1660 418 1705 ea
444 1660 477 1705 re
508 1638 639 1717 tritius,
672 1637 726 1703 sed
758 1637 989 1718 καταπιόμεναι
1021 1637 1144 1703 dictum
1176 1636 1342 1724 oportuit
1362 1636 1382 1719 ς
1405 1616 1444 1699 o.

252 1744 326 1828 πρός
351 1770 390 1825 γε
414 1751 472 1810 τῶν
493 1751 636 1828 Νυμφῶν
660 1744 712 1810 καὶ
736 1749 789 1810 τοῦ
812 1744 934 1818 narde:
969 1745 1114 1830 ineptum
1140 1751 1189 1809 est
1212 1768 1273 1822 ys,
1298 1739 1384 1827 quod
1409 1740 1444 1804 in

250 1877 286 1918 τε
310 1850 544 1936 retingendum.
578 1853 643 1935 §t
669 1851 907 1926 κατακλιθῆναιι
932 1852 1061 1938 sequior
1083 1849 1187 1915 lorrna
1211 1848 1354 1915 librariis
1379 1845 1445 1913 im·

253 1956 413 2046 putanda,
443 1960 656 2025 dncnnnonxn
687 1955 813 2023 dedisse
836 1965 1062 2033 κατακλινῆναι
1086 1956 1286 2022 demonstrat
1310 1973 1445 2041 praece-

253 2065 341 2130 dens.
380 2067 398 2150 §
424 2067 456 2132 6.
489 2069 743 2140 κατακλινεῖμει,
777 2082 840 2150 qua
866 2061 968 2129 torma
991 2071 1023 2130 et
1047 2062 1123 2128 alibi
1150 2073 1235 2129 recte
1258 2063 1374 2128 utitur.
1399 2099 1445 2110 -

252 2170 432 2247 rcnnrtor:
461 2170 615 2236 usitatius
645 2171 812 2247 ταπητους
838 2177 906 2234 tum
932 2168 1155 2254 coniungenda
1179 2178 1272 2235 sunt:
1296 2169 1347 2243 Νη
1371 2168 1444 2244 Δί’,

252 2281 328 2344 ἀλλ’
353 2275 419 2358 ἔχει
443 2301 472 2343 τι
498 2277 607 2353 πλέον,
632 2274 717 2362 quod
740 2274 893 2362 volgatur
911 2298 956 2341 τοι
977 2299 1007 2340 τι
1026 2273 1315 2362 dittographiaest.
1351 2272 1446 2338 Cives

253 2383 348 2450 Anici
372 2383 439 2464 ἔχει
464 2381 503 2463 γέ
526 2407 555 2448 τι
589 2381 756 2448 dixissent.
800 2384 876 2467 §⁸-
903 2380 1042 2464 ὡρέῖζονι
1076 2391 1199 2448 veteres
1222 2377 1446 2462 τρισυλλάβως

253 2488 354 2556 solent
377 2485 486 2573 ὥρμζον
509 2499 541 2554 et
564 2489 719 2573 ιδρᾴζομαι
745 2496 780 2553 ut
808 2487 960 2572 ματρέζυ,
993 2489 1130 2574 rappido,
1156 2487 1236 2565 alia,
1259 2485 1298 2552 de
1323 2484 1446 2571 quibus

255 2597 394 2664 Prsnson.
420 2594 458 2660 ad
484 2595 613 2662 nocero.
639 2615 668 2682 p.
682 2599 736 2661 70.
762 2595 924 2661 Eunonrnrs
947 2596 1112 2681 anapaesti
1137 2593 1289 2680 leguntur
1308 2592 1343 2656 in
1361 2589 1447 2657 Bon·
1566 2649 1567 2652 ,

254 2721 326 2770 xxnr
348 2702 462 2769 Aoecd.
488 2699 512 2768 l.
539 2722 567 2788 p.
592 2706 657 2781 45«,
687 2706 746 2768 td:

525 2809 708 2891 ιδραῖζομένη
733 2808 785 2873 καδ
810 2808 997 2892 θρυπτομένη

255 2914 473 2982 necessarium
496 2923 564 2993 est,
599 2914 762 2989 uirides,
786 2914 969 2998 εἰρμζομένη.
1005 2918 1078 3002 59.
1111 2912 1235 2991 ἀηδόνες
1259 2909 1445 2993 έψιθύριζονε
1566 2955 1567 3016 t

255 3021 427 3086 infeliciter
447 3019 506 3085 troc
525 3019 658 3085 verbum
681 3020 720 3085 de
740 3019 952 3086 lusciniarum
975 3029 1073 3085 cantu
1094 3021 1212 3106 posuit.
1250 3021 1268 3104 §
1294 3022 1345 3083 11.
1366 3019 1445 3083 ἀλλ’
1566 3019 1567 3066 t

253 3127 460 3201 ἐπαλλήλοιοι
494 3125 691 3191 coniunctim
719 3125 823 3191 scribe
847 3127 1115 3202 οὶλλεταλληλοις.
1154 3128 1172 3209 §
1200 3127 1249 3189 m.
1274 3119 1360 3196 οἶδας
1388 3142 1446 3189 ne·

255 3240 475 3298 moratorum
509 3229 590 3295 dixit
622 3227 676 3296 sed
706 3225 801 3298 rictu.
839 3235 857 3318 §
886 3239 938 3299 ld.
970 3234 997 3298 oi
1021 3230 1180 3313 drdpcnor:
1207 3249 1365 3315 nusquam
1394 3229 1446 3294 in-

254 3335 380 3402 leticius
403 3354 500 3422 quam
526 3335 584 3400 hoc
609 3333 677 3401 loco
699 3338 724 3402 oi
749 3336 852 3420 ἄνδρες
877 3337 1113 3405 desiderantur.
1147 3338 1164 3421 ς
1190 3339 1240 3402 16.
1266 3336 1444 3417 ἐμφαγεῖνε

254 3443 335 3510 dixit
362 3443 473 3509 rlretor
503 3442 542 3507 ad
568 3442 814 3510 similitudinem
841 3445 928 3510 verbi
955 3445 1131 3526 ἐντραγεῖν,
1155 3461 1218 3527 quo
1242 3441 1311 3528 ipso
1340 3441 1446 3507 nrulto

253 3549 368 3618 metius
391 3549 506 3615 luisset
532 3568 621 3614 usus.
644 3589 690 3599 -
708 3549 848 3632 βοτρόες;
874 3549 948 3616 olim
975 3569 1102 3637 semper
1121 3549 1242 3628 βοτρῖς.
1266 3586 1311 3597 -
1333 3562 1445 3626 λαγυ-

253 3656 320 3724 aton
345 3661 445 3722 νῶταε
481 3656 546 3721 into
576 3654 755 3736 λανῳδέοον;
788 3655 882 3743 paulo
908 3656 1061 3720 usitatius
1082 3662 1131 3720 est
1155 3654 1306 3733 λογίδιον.
1344 3656 1362 3737 §
1393 3657 1445 3719 18.

253 3764 348 3846 μέχρι
369 3798 412 3812 -
432 3760 547 3827 ῖέλεινι
576 3760 691 3826 Graece
716 3782 777 3826 non
803 3768 907 3847 potest
932 3758 1026 3826 aliter
1057 3760 1120 3825 dici
1149 3780 1246 3846 quam
1271 3759 1366 3841 μέχρι
1390 3765 1446 3826 τοῦ

256 3869 363 3936 θέλειν.
414 3868 518 3934 Unum
555 3875 703 3952 superest
734 3869 766 3932 in
802 3866 941 3934 ultimis:
966 3869 991 3932 si
1017 3867 1073 3944 μέν
1097 3862 1189 3941 οὕτως
1213 3865 1354 3948 ἔσχηκας
1378 3880 1445 3944 ρεα-

253 3983 357 4048 λακῶς
384 4011 429 4025 -
456 3976 481 4039 ai
507 3971 540 4036 δέ
564 3973 627 4038 κτὲ.
660 3984 807 4060 apertum
843 3982 892 4040 est
922 3973 1010 4047 laroc
1043 3972 1117 4038 olim
1150 3971 1307 4059 scriptum
1332 3971 1445 4040 luisse.

254 4081 354 4147 Video
387 4078 446 4144 troo
478 4078 654 4145 llarnnnun
686 4082 907 4167 praecepisse,
942 4080 995 4166 qui
1029 4078 1208 4166 permultas
1242 4081 1382 4144 incertas
1414 4089 1447 4146 et

253 4186 608 4268 παρακεκινδυνευμένας
629 4187 843 4253 correctiones
869 4173 1008 4273 recepit}
1031 4182 1268 4271 complusculus
1288 4192 1395 4250 certas
1414 4193 1447 4251 et

255 4292 442 4359 manifestas
468 4293 499 4355 in
533 4293 739 4359 annotatione
768 4291 959 4360 delitescere
991 4291 1125 4369 maluit,
1156 4287 1195 4356 de
1219 4310 1282 4376 qua
1305 4311 1340 4356 re
1364 4290 1445 4358 alias

253 4400 372 4467 dicam.
420 4399 456 4464 ln
481 4399 635 4464 extremis
658 4417 785 4485 quoque
808 4408 941 4486 apparet
964 4418 1060 4485 quam
1082 4416 1195 4483 parum
1218 4395 1338 4464 Rhetor
1362 4398 1444 4464 anti·

255 4527 392 4596 quorum
419 4505 590 4573 sanitatem
622 4505 776 4572 orationis
799 4507 927 4592 assequi
952 4517 983 4572 et
1013 4505 1136 4572 imitari
1168 4504 1319 4591 potuerit.
1367 4505 1444 4572 Per·
