3160 4972
698 368 767 442 397

138 574 263 634 tantum
289 566 322 632 in
344 563 406 641 ἶσος
435 562 511 652 quid
541 562 758 650 designaverit
791 583 955 650 cognosce.
1005 565 1190 635 Promiscuc
1214 568 1267 638 ἰσον
1292 579 1325 639 et
1377 623 1384 639 .

136 671 192 742 ἰσκ
214 671 328 740 scribit
356 671 496 738 Τίονίοο.
523 675 585 738 761
612 680 643 738 et
666 674 751 753 945,
777 669 844 748 ἰσνρν
867 670 1029 759 spondeus
1051 683 1099 740 cst
1123 695 1169 741 rs.
1196 681 1326 745 46951

111 770 113 774 ’
136 780 207 854 icas
231 783 358 848 astiti
378 784 410 844 et
431 781 509 843 597.
549 776 703 844 Produxit
725 774 789 852 ἰσος
810 778 842 843 in
865 778 983 858 ἰσοίος,
1008 780 1090 867 quod
1112 781 1142 849 ci
1163 783 1326 869 significat

135 883 253 967 ὅμοιος,
279 884 398 965 ἰκειιος,
422 885 597 964 ἐναλίγκιος
622 885 727 972 prima
760 883 852 970 ionga
877 905 922 950 vs.
948 890 1025 954 560.
1072 886 1193 955 Deinde
1223 887 1326 955 [orma

135 995 238 1075 ἰσιίριμ
263 994 368 1058 utitur
391 1011 408 1058 a
434 992 581 1077 Tragicis
605 997 730 1070 sumta,
755 990 848 1058 credo
869 991 1025 1079 producta
1051 995 1153 1081 prima
1179 1013 1226 1062 vs.
1250 999 1326 1074 645,

136 1098 230 1166 modo
252 1105 400 1185 correpta
425 1118 470 1163 vs.
493 1100 569 1164 tus.
617 1097 699 1163 Tum
721 1096 870 1179 ἰσοίζομον
892 1119 929 1164 es
956 1099 1126 1169 Homerico
1147 1100 1243 1186 ἰσάζον
1267 1101 1326 1170 cti-

135 1205 224 1285 cuit,
249 1205 302 1271 sed
338 1213 373 1269 ut
393 1202 555 1290 siguificat
576 1201 679 1282 ἔοικο,
706 1204 842 1288 ἐμφερής
874 1207 954 1286 εἰμι,
978 1213 1011 1272 et
1033 1208 1171 1294 primam
1196 1207 1325 1275 brevem

134 1312 212 1379 facit
238 1331 285 1378 vs.
305 1315 370 1377 186
401 1317 433 1376 ct
460 1313 536 1377 886.
584 1309 729 1396 uanique
762 1319 944 1377 monstruni
971 1320 1002 1379 et
1027 1322 1212 1401 portentum
1236 1313 1326 1381 verbi

132 1417 174 1485 de
199 1437 257 1485 suo
276 1424 481 1485 commentus
504 1424 554 1482 est
581 1416 722 1496 ἰσοίομοι
753 1437 810 1504 pro
839 1414 938 1498 ὅμοιος
962 1420 1045 1498 εἰμι,
1072 1419 1159 1487 nuile
1182 1419 1327 1508 exemplu

132 1533 167 1595 et
191 1533 302 1592 cantra
327 1543 454 1590 ornnem
488 1520 667 1609 analogiam
702 1521 833 1603 fictum,
869 1525 971 1612 prima
999 1527 1074 1594 item
1100 1536 1266 1616 correpta,
1292 1527 1326 1593 in

131 1632 355 1721 Aleaiptcrm.
380 1651 426 1696 vs.
451 1633 529 1696 599.

316 1737 371 1813 τὴν
395 1735 458 1815 ἤτοι
482 1736 606 1818 paviae?
630 1734 884 1816 ciricsceatum
908 1735 989 1816 μάθε
1013 1737 1126 1822 ccipias,

130 1843 309 1914 bellissime
341 1842 464 1910 dictum
499 1850 547 1908 est
579 1861 636 1928 pro
663 1851 758 1927 pastu
787 1842 924 1908 similem
948 1843 1069 1933 (γεύσει
1099 1844 1219 1936 ἰμοίοον)
1249 1870 1325 1927 γεν-

130 1955 199 2036 aas
224 1948 418 2030 ἰσκιοροέννρν,
453 1955 483 2014 et
515 1948 548 2012 in
579 1945 696 2034 fragm.
730 1947 769 2015 lt.
791 1952 857 2015 66.
892 1969 950 2036 pro
979 1952 1126 2035 παιδέρως
1157 1961 1196 2036 τῇ
1230 1953 1326 2037 ἰιενίκρ

129 2059 270 2145 ἐμφερής
293 2054 466 2143 magnifice
497 2053 584 2120 canit
615 2052 724 2128 οιοιιδὸς
758 2053 864 2136 ἔρωτες
884 2053 902 2141 ΙΙ
920 2057 1015 2142 λεύκῃ
1045 2051 1230 2138 ἰσοῖιόροενοι,
1264 2057 1325 2126 hue

128 2177 181 2236 est
213 2165 343 2232 denium
368 2182 403 2227 os
428 2180 543 2247 magna
567 2179 685 2226 sanans
707 2161 826 2227 mentis
846 2160 1028 2230 divinioris!
1077 2166 1114 2230 tn
1138 2163 1255 2251 fragm.
1281 2166 1323 2234 tl.

129 2295 180 2341 us.
197 2276 252 2338 55.
272 2271 380 2338 ionice
392 2269 524 2355 scripsit
540 2267 739 2349 ἰσοδρομεῦσα
755 2266 911 2350 χελιδόσιν
925 2278 956 2336 et
969 2269 1105 2354 ἰσόμορον
1123 2270 1156 2337 in
1179 2271 1321 2337 Τίιοοίοο.

123 2400 179 2470 ¹us.
208 2383 291 2457 105,
317 2374 372 2442 sed
400 2375 502 2442 Attice
528 2374 559 2439 iu
586 2393 620 2441 re
644 2372 754 2440 eadem
780 2374 926 2457 ἰσόμοιρον
950 2376 1054 2443 iactor
1079 2375 1154 2443 itit.
1180 2398 1226 2444 vs.
1243 2381 1322 2444 594.

129 2486 255 2552 iterum
276 2481 383 2550 ionice
402 2481 546 2560 ἰσοίνομον
571 2499 615 2546 vs.
629 2485 694 2548 678
715 2489 745 2548 et
769 2480 920 2563 ἰοορρεσές
944 2502 989 2548 vs.
1014 2486 1092 2550 646.
1118 2490 1150 2548 ct
1174 2481 1322 2550 chrcri·

127 2611 207 2660 curn
232 2588 419 2673 ἰσοφαρίζειν
440 2608 485 2654 vs.
508 2592 584 2654 572.
636 2587 778 2674 Denique
801 2607 902 2674 quum
932 2586 1024 2656 veliet
1052 2586 1160 2655 dicere
1184 2589 1323 2661 ciusdem

121 2697 276 2788 ponderis
308 2693 346 2762 de
377 2714 437 2760 suo
460 2702 663 2760 commentus
695 2702 744 2760 est
767 2695 907 2773 ἰσοελκιίς
932 2715 979 2761 vs.
1003 2699 1054 2761 41.
1079 2691 1228 2778 sapaces
1258 2697 1322 2776 οἰμ-

122 2803 226 2888 μίξοος
250 2799 386 2871 ἰοοελκέϊ
406 2809 439 2867 et
464 2820 510 2866 vs
537 2805 590 2867 44.

311 2922 429 2990 ἄλλοτε
453 2921 479 2988 δ’
503 2920 681 3004 οἰοφοίλτοιο
704 2922 803 3006 φέρον
826 2921 970 2988 ἰοοελκίοο
993 2929 1121 3004 μοῖροιν,

123 3051 158 3116 in
185 3067 273 3136 quc,
308 3056 342 3112 ut
369 3043 478 3123 vides,
504 3043 688 3131 popularem
719 3063 812 3110 usura
838 3051 969 3109 secutus
989 3045 1126 3130 primam
1152 3043 1321 3131 corripuit.

5 3155 8 3162 ’
121 3157 277 3232 Bararus,
302 3154 356 3240 qui
381 3160 413 3220 et
437 3152 505 3238 ipse
530 3159 621 3238 putat
646 3171 681 3217 sc
703 3151 810 3218 Ionica
834 3150 996 3230 scribere,
1020 3168 1123 3237 quum
1150 3151 1188 3242 in
1213 3148 1321 3216 [abula

123 3269 187 3341 14,
220 3267 272 3328 11.
298 3268 387 3326 recte
411 3258 606 3345 scripsisset:

358 3381 372 3448 ὃ
395 3380 422 3447 δ’
446 3377 542 3452 ἄλλος
565 3381 603 3454 cie
627 3378 752 3454 Βοιοιοίς
774 3380 828 3445 οὐκ
851 3375 932 3460 ἔχων
956 3375 1023 3453 ianr

356 3484 460 3578 λόγοις
485 3482 627 3566 ἅμιλλοιν
651 3481 736 3551 εἶπεν
758 3484 851 3569 οἰγρίρ
874 3484 983 3565 μούορ.

1 3679 2 3682 ,
121 3609 238 3678 Attice
262 3607 394 3699 scripsit
417 3611 481 3685 at,
508 3609 539 3671 t.

1 3707 2 3724 ¹
357 3732 492 3796 τεκοῦσοι
515 3725 541 3792 δ’
564 3727 669 3802 circis
694 3726 761 3814 ἰςίν
779 3727 833 3792 οὐκ
856 3724 905 3802 iun
925 3726 1045 3808 μήτηρ.

1 3844 2 3869 ’
119 3861 155 3922 et
181 3849 336 3918 excusari
360 3857 479 3936 potest,
505 3848 580 3935 quia
606 3867 682 3914 cum
715 3845 902 3934 aequalibus
933 3845 1084 3913 omnihus
1116 3847 1257 3934 peccavit
1290 3854 1324 3913 et

119 3958 186 4028 sibi
214 3953 302 4022 idern
328 3955 412 4043 quod
437 3953 587 4022 omnibus
612 3951 749 4020 credidit
772 3951 890 4031 licere,
913 3960 947 4019 at
971 3961 1058 4020 recte
1081 3960 1113 4019 et
1137 3951 1250 4019 ordine
1277 3952 1324 4018 sic

117 4062 298 4152 scripsisse
324 4059 424 4128 videri
448 4071 480 4129 et
505 4060 582 4126 vitio
606 4079 720 4127 uacare
744 4078 806 4124 non
833 4067 947 4146 potest.

167 4163 278 4254 Quam
312 4167 424 4235 veliem
458 4168 536 4236 haec
565 4166 735 4234 scribenda
776 4166 927 4233 omnibus
970 4165 1164 4253 persuadere
1198 4183 1323 4252 possem

116 4279 247 4371 quibus
269 4283 377 4341 nostra
397 4276 546 4340 iuuentus
565 4272 741 4342 erudienda
763 4283 794 4340 et
819 4283 965 4340 veterum
987 4273 1182 4341 Litterarum
1206 4271 1325 4339 studiis

116 4379 334 4456 informanda
359 4381 597 4460 cunrmittitur,
625 4389 660 4447 ut
684 4389 716 4447 ct
748 4380 809 4468 ipsi
835 4378 913 4449 haec
939 4381 1047 4448 omnia
1071 4399 1168 4468 quam
1192 4395 1325 4445 accura-

117 4493 256 4562 tissime
281 4486 465 4575 perdiscant
491 4493 523 4554 et
547 4485 678 4554 assiduo
700 4495 732 4554 ct
750 4486 844 4575 tango
864 4486 1011 4554 lectionis
1031 4495 1064 4554 et
1086 4483 1325 4572 interpretatiu-
