3204 4978
764 353 834 428 279

199 545 334 617 suuoier.
366 547 550 632 παράπλους
582 559 614 616 ei
646 550 831 633 περίπλους,
864 560 1043 632 παραπλεῖν
1073 556 1105 617 et
1129 559 1288 633 περιπλεῖν
1312 550 1391 618 ruiis

198 655 326 722 diversa
345 647 414 722 esee
433 661 544 742 putes,
564 654 690 724 scribae
710 663 832 724 temere
851 656 1058 742 permiscent.
1096 655 1239 724 Insuiani
1254 656 1386 744 quidam

199 766 259 838 27,
284 767 338 830 37.
370 771 666 828 commemorantur
696 762 875 844 ληςεύοντες
906 763 977 836 τοὺς
1009 763 1273 844 παραπλέοντας,
1310 763 1391 830 bonu

198 887 273 955 pars
298 866 452 932 iiirrorum
477 867 697 948 περιπλέοντας
720 868 809 934 nohis
833 867 989 934 obtrudit.
1037 868 1072 934 ln
1100 868 1271 935 Hellenirix
1295 868 1319 934 Ι.
1346 889 1388 936 rr.

199 978 230 1039 2.
254 968 306 1040 ύτε
337 971 498 1054 παρεδίδου
529 972 543 1036 d
573 973 749 1055 Λύσανδρος
779 975 838 1049 τάς
868 979 940 1048 ναῦς
973 973 1065 1054 ἔλεγε
1088 977 1130 1058 τῷ
1155 975 1389 1058 Καλλικρατίδᾳ

197 1077 244 1146 ὅτι
275 1078 531 1160 θαλαττοκράτωρ
562 1103 597 1146 τε
620 1080 800 1162 παραδιδοίη
832 1080 884 1146 καί
916 1079 1084 1164 ναυμαχία
1116 1081 1283 1158 νενικηκύς.
1314 1081 1329 1145 d
1356 1081 1388 1147 δέ

197 1187 291 1252 αῦτδν
318 1185 477 1252 έκέλενσεν
504 1183 538 1262 ἐξ
568 1185 703 1269 Ἐφέσου
734 1189 766 1254 έν
795 1189 922 1272 epicope
956 1186 1071 1266 Σάμου,
1096 1190 1389 1268 παραπλεύσαντα,

202 1289 249 1380 [σύ
278 1288 356 1368 ἦσαν
389 1292 422 1358 αί
457 1298 516 1357 τῦν
550 1292 718 1368 Ἀθηναίων
756 1293 837 1382 νῆες]
879 1295 909 1359 έν
945 1293 1076 1376 Μιλήτῳ
1111 1295 1300 1374 παραδοῦναι
1331 1293 1391 1368 τάς

196 1401 272 1474 ναῦς
304 1396 357 1463 καί
382 1397 582 1476 ὁμολογήσειν
614 1398 896 1480 θαλαττοκρατεῖν,
930 1399 986 1486 qui
1018 1399 1117 1465 situm
1152 1399 1294 1466 iocorum
1328 1419 1389 1464 uon

196 1505 325 1590 ignorat
358 1515 488 1590 reponet
520 1505 793 1586 περιπλεύσαντα,
825 1515 990 1592 praeterea
1024 1506 1283 1586 θαλαττοκρατῶν
1317 1525 1389 1571 uor-

199 1613 268 1696 rige
293 1619 326 1676 et
356 1629 505 1696 expungo
540 1609 637 1676 verbe
667 1608 702 1677 ού
725 1607 802 1687 ἦσαν
826 1613 859 1678 κί
890 1618 950 1678 τοῖν
980 1611 1146 1688 Ἀθηναίων
1174 1620 1257 1688 νῆες,
1283 1613 1393 1698 pueris

198 1715 333 1782 fortasse
369 1717 571 1795 necessario,
604 1737 666 1782 non
697 1718 737 1783 iis
767 1718 886 1804 quinus
911 1718 1075 1784 Xexornox
1108 1716 1186 1784 haee
1218 1716 1390 1784 scrihebat.

199 1823 367 1890 'inormior
390 1830 503 1888 eontra
527 1823 637 1888 endem
663 1822 701 1890 de
726 1843 824 1890 carisa
849 1821 945 1889 redde
969 1821 1026 1889 lt.
1060 1827 1113 1889 25.
1147 1824 1390 1906 παραπλεῦσαι·

197 1955 250 2004 τες
275 1950 333 2018 pro
363 1930 625 2010 περιπλεύσαντες
655 1939 687 1996 et
711 1929 766 1996 lv.
794 1935 846 1996 56.
876 1929 1099 2012 παρέπλευσαν
1123 1949 1180 2014 pro
1207 1929 1391 2011 περιέπλευ-

198 2057 268 2102 σαν.
317 2036 350 2102 iu
379 2033 491 2102 eodem
521 2034 733 2102 Xunornoxrrs
764 2055 860 2124 opere
891 2035 944 2101 IV.
978 2055 1006 2100 ν.
1040 2040 1072 2102 6.
1107 2036 1274 2120 Agesilaus
1298 2037 1391 2112 καύιί·

199 2167 289 2222 μενος
322 2143 372 2208 ἐπί
404 2146 459 2208 τοῦ
490 2141 558 2223 περί
590 2143 647 2218 ripe
674 2141 785 2221 λίμνην
808 2145 1005 2223 κυκλοτεροῦς
1043 2141 1282 2222 οίκοδομιίματος
1306 2144 1392 2210 tosu-

198 2273 241 2331 ρει
265 2249 370 2314 τιλλῖι
399 2251 442 2314 τά
470 2247 670 2328 ἐξαγόμενα,
700 2247 815 2333 ingens
844 2255 970 2334 oportet
1003 2246 1102 2314 inisse
1131 2247 1335 2327 aedificium,
1363 2249 1391 2315 si

199 2355 266 2436 περὶ
289 2357 345 2432 την
367 2355 476 2434 λίμνην
500 2361 703 2420 exstructum
729 2352 838 2428 inerit,
864 2364 896 2420 et
922 2360 957 2419 tu
982 2352 1050 2439 iege
1073 2354 1162 2436 παρὰ
1184 2357 1240 2431 την
1262 2356 1389 2436 λίμνην,

200 2473 232 2528 et
262 2459 373 2530 eodem
406 2459 500 2526 modo
531 2459 730 2546 ubicumque
760 2458 847 2542 παρά
879 2461 1098 2526 necessarium
1129 2479 1200 2526 esse
1232 2459 1391 2546 inteiiiges

200 2567 270 2650 περί
293 2565 414 2653 reiiuge
445 2576 477 2632 ei
504 2575 629 2632 contre.
680 2566 789 2632 Tertio
814 2567 904 2651 origo
928 2566 1049 2633 erroris
1078 2574 1128 2633 est
1152 2565 1205 2631 uiri
1230 2593 1255 2634 τ
1279 2585 1392 2654 supra·

199 2673 320 2760 scripto
346 2697 361 2738 ε
385 2670 532 2760 expietur
561 2695 649 2752 περι,
682 2690 782 2758 quum
811 2671 888 2738 nitu
914 2671 1054 2758 atriplius
1084 2692 1181 2759 quom
1215 2698 1254 2740 τε
1287 2672 1391 2740 scribo

198 2779 337 2846 voiuerit
366 2775 454 2844 dare.
501 2778 632 2864 Insigne
663 2776 845 2864 exemplum
880 2775 977 2844 huius
1008 2779 1055 2844 rei
1087 2787 1137 2844 est
1171 2779 1202 2844 in
1236 2780 1391 2847 isunnmnr

198 2887 263 2952 or'to
294 2883 494 2973 Pythagorae
521 2887 540 2970 ς
563 2888 639 2952 ῦύθ.
672 2882 925 2965 προσποιούμενος
955 2883 1013 2962 μέν
1045 2882 1228 2960 ἐξητακέναι
1259 2886 1302 2952 τά
1332 2892 1391 2953 τῦν

198 2991 411 3074 Πυύαμορείυν
439 2988 617 3072 tetriora,
646 2989 917 3068 περιπλακεὶς
949 2989 981 3056 δέ
1012 2989 1064 3057 καί
1094 2990 1327 3076 νενραφίνς,έξ
1350 2989 1389 3058 ὧν

199 3097 327 3180 μέλις-α
349 3097 462 3172 αύτούς
483 3097 602 3175 ἤμελλε
622 3095 828 3176 διαβάλλειν,
854 3094 1030 3164 absurdum
1052 3105 1121 3177 esi,
1148 3097 1312 3177 uiridem,
1336 3123 1390 3166 τε·

199 3205 379 3289 ριπλακείς,
412 3224 559 3292 proquo
582 3203 686 3271 Codex
711 3203 868 3271 Μαύίσσυι
892 3203 1118 3271 mihi'obtulii
1143 3206 1332 3284 πετλαιιύς,
1358 3207 1406 3274 iu·

200 3331 264 3400 quo
287 3335 327 3378 τε
351 3311 510 3398 scripturn
534 3318 602 3390 est,
627 3319 662 3376 ut
686 3308 846 3389 diximus,
871 3318 904 3378 et
926 3311 965 3385 ύς
986 3318 1061 3376 noio
1085 3310 1283 3399 compendio.
1320 3310 1389 3379 rua

199 3417 345 3506 exempla
369 3437 407 3484 ex
431 3416 504 3484 eliis
525 3415 578 3483 ubi
602 3415 807 3484 nornmodum
831 3417 893 3483 erit
917 3436 1117 3504 expromam.

246 3521 522 3608 Quemadmodum
554 3521 641 3604 παρά
676 3531 708 3589 et
739 3525 808 3604 περί
828 3523 948 3610 passim
981 3520 1134 3588 confundi
1168 3521 1310 3602 videbis,
1343 3525 1390 3590 sie

203 3629 260 3714 πρύ
281 3639 314 3698 et
336 3630 430 3713 τρίς,
453 3630 488 3696 ἐκ
511 3631 625 3708 θίείς,
652 3627 712 3696 ῦτύ
728 3637 760 3696 et
780 3629 873 3711 ύπέρ,
898 3629 929 3694 έν
952 3635 985 3695 et
1009 3627 1084 3707 σύν,
1109 3628 1160 3694 ἐπὶ
1184 3636 1216 3695 ei
1241 3630 1330 3712 περί,
1352 3631 1393 3696 δι

203 3746 235 3803 et
259 3735 293 3814 ίξ
316 3739 349 3803 in
379 3736 468 3805 nuiio
491 3756 555 3803 non
580 3735 662 3802 libro
688 3735 810 3823 scripto
825 3734 964 3825 ¹editore
990 3733 1190 3820 negligenter
1214 3736 1393 3821 permutari

203 3842 459 3922 animadvertes,
497 3842 626 3930 saepius
660 3848 807 3908 correcto
830 3860 959 3921 errore,
989 3861 1083 3927 saepe
1108 3841 1309 3927 corrigendo.
1356 3843 1394 3910 ln

202 3948 253 4016 his
284 3949 434 4015 omnibns
465 3948 662 4035 ubicumque
692 3946 796 4014 aliena
828 3948 1021 4034 praepositio
1057 3947 1230 4033 genuinam
1270 3948 1394 4037 expulit

202 4055 377 4123 Gmeciteii
410 4054 528 4122 vuinus
560 4051 723 4140 infligitur
757 4062 789 4120 et
825 4053 857 4119 in
894 4052 1006 4120 multis
1041 4055 1185 4140 graviter
1219 4063 1252 4121 et
1287 4057 1392 4142 turpi·

202 4172 254 4230 ter
283 4160 411 4228 dicendi
444 4175 522 4227 usus
555 4160 694 4227 violator
722 4169 779 4226 out
810 4159 1008 4226 locutionum
1042 4161 1239 4228 Graecarum
1266 4163 1395 4248 ingenio

203 4275 235 4336 et
260 4277 396 4336 naturae
419 4267 468 4334 vis
492 4265 643 4334 infertur.
692 4267 809 4334 Parata
840 4265 942 4354 igitur
966 4265 1085 4358 ubique
1108 4266 1269 4335 medicina
1294 4277 1343 4335 est
1367 4271 1393 4335 si

206 4375 254 4442 uti
288 4373 376 4444 roien
406 4381 438 4442 et
476 4371 627 4451 audebis,
656 4382 761 4460 spreto
794 4374 988 4442 austeritate
1017 4373 1169 4450 testium,
1206 4375 1261 4460 qui
1290 4369 1394 4460 neque

205 4481 292 4549 inter
314 4500 351 4548 se
374 4497 479 4568 neque
503 4479 633 4546 sinirnet
657 4479 717 4566 ipsi
742 4479 822 4547 setis
846 4487 1005 4546 constant.
1054 4478 1134 4566 Quis
1154 4478 1254 4560 ierat,
1277 4489 1312 4548 ut
1338 4479 1397 4547 hoe
