3160 4972
804 345 875 419 378

248 547 274 610 εί
299 539 333 618 ἦν
357 543 516 622 ἀδίκημα,
541 549 653 608 natum
677 551 726 608 est
750 551 795 608 T1
822 549 857 608 ut
878 561 973 630 saepe
997 561 1035 609 ex
1058 551 1096 618 Η.
1131 538 1234 608 illine
1253 548 1302 608 est
1322 542 1438 609 vitium

250 654 282 715 ln
316 648 500 734 fragrrrenlo
530 653 584 714 54.
616 649 643 714 εί
674 650 731 728 μὲν
763 650 877 716 δίκαιον
902 648 1010 730 ἔλεγεν
1034 648 1050 726 ἢ
1075 647 1196 731 μέτριον
1217 669 1274 736 pro
1298 647 1391 728 ἔλεγέ
1411 672 1440 715 τι

250 756 267 832 ἢ
299 753 429 836 μέτριον.
479 753 637 820 Similiter
669 755 701 820 in
735 755 908 821 Hellenicir
940 755 995 823 Vl.
1021 776 1066 822 ιν.
1092 761 1122 820 5.
1156 775 1214 842 pro
1243 753 1327 837 είσερ
1350 751 1440 832 odori

248 865 363 927 σαυτοῦ
397 862 480 939 κήδει
512 861 528 939 ἢ
561 869 616 936 τῆς
648 861 793 942 πατρίδος
827 863 983 942 ἐπιθυμεῖς
1010 861 1120 928 οίκτόον
1151 861 1201 927 ε’πί
1223 860 1293 934 τοὺς
1315 859 1442 944 ἄνδρας,

248 965 383 1033 emenda
408 968 493 1050 είτερ
515 962 565 1034 οὖν
589 991 619 1032 τι
643 973 760 1033 σαυτοῦ
783 969 879 1044 κήδει.
1340 979 1346 986 ·

295 1074 369 1140 Tria
403 1072 548 1160 exempla
583 1070 699 1138 addam
732 1093 770 1139 ex
806 1071 1010 1158 fragmentis,
1058 1075 1093 1142 ln
1119 1071 1236 1160 lragrn.
1261 1077 1281 1139 λ
1307 1073 1444 1142 Bouron.

218 1179 378 1260 ,οἰόμενος
406 1184 512 1246 τοῦτον
544 1179 724 1268 [Αἰσχίνην]
762 1179 942 1262 Σωκράτους
974 1180 1198 1261 γεγονέναι
1222 1183 1366 1260 carnelo
1390 1181 1443 1246 καί

249 1289 315 1371 περὶ
347 1287 536 1362 δικαιοσύνης
567 1285 619 1351 καί
650 1287 763 1366 αρετῆς
787 1288 920 1360 πολλοὺς
944 1288 997 1353 καί
1020 1288 1148 1366 σεμνοὺς
1170 1286 1306 1367 λέγοντα
1330 1285 1445 1365 λόγους

248 1398 301 1462 οὐκ
342 1393 381 1461 tv
422 1418 497 1461 τοτε
538 1394 736 1486 ότιχειριῑσαι
772 1394 835 1459 κσὲ.
893 1393 1149 1480 Expungenduru
1186 1413 1256 1459 esse
1289 1394 1445 1473 Αἰσχίνην

248 1491 415 1589 apparebit
436 1499 661 1589 praecedentia
684 1497 856 1584 relegenti:
881 1509 1047 1586 praeterea
1069 1501 1195 1587 corrige
1215 1499 1373 1579 γεγονότα
1388 1518 1445 1586 pro

247 1609 419 1688 γεγονέναι.
470 1609 507 1674 lu
539 1617 686 1673 extremo
710 1605 767 1672 lroc
789 1605 975 1693 fragmento
998 1606 1112 1675 scribit
1136 1606 1175 1672 de
1199 1606 1305 1672 vetula
1330 1604 1445 1671 decre·

249 1717 332 1799 pita:
366 1712 399 1790 ἧς
431 1717 501 1800 ῥᾷον
532 1713 602 1785 τοὺς
635 1711 759 1786 όδόντας
788 1715 955 1796 alpanum
985 1711 1002 1790 ἣ
1027 1723 1083 1790 τῆς
1105 1711 1207 1794 χειρὸς
1230 1712 1302 1784 τοὺς
1324 1712 1444 1778 δακτιί·

248 1834 338 1894 λους,
369 1822 461 1905 quasi
489 1838 550 1883 non
576 1828 683 1884 essent
710 1818 787 1886 llaec
815 1821 894 1885 satis
918 1818 1024 1886 facilia
1049 1820 1088 1884 ad
1113 1815 1358 1904 intelligendum
1387 1816 1445 1882 ad·

249 1925 382 2011 scripsit
410 1926 516 1991 nescio
547 1925 621 2010 quis
651 1922 721 2013 [ίσῳ
753 1925 902 1998 ἕλοίστους
925 1921 1039 2010 ἦσαν],
1072 1923 1155 2010 quod
1181 1924 1330 1989 certatim
1355 1921 1444 1989 docti

252 2029 397 2096 homines
421 2038 657 2117 expunxerunt.
706 2029 825 2096 Eodem
850 2033 920 2098 iure
942 2031 973 2096 in
996 2031 1177 2116 fragmento
1198 2034 1217 2095 l
1239 2029 1271 2093 iu
1290 2027 1444 2095 verbisod

250 2143 344 2214 τιμῆς
376 2137 574 2216 τεταγμένης
603 2142 755 2202 πωλοῦσιν
786 2138 861 2204 αλλ’
892 2140 931 2212 cle
962 2137 1001 2205 ἂν
1031 2137 1170 2215 δύναιντο
1200 2133 1445 2216 τλειςιιριοίσαν·

249 2266 302 2316 τεο
336 2244 479 2330 [τλείςου
510 2242 693 2331 δτέδοντο],
725 2253 858 2330 apparet
890 2243 1103 2330 expungenda
1133 2261 1203 2308 esse
1234 2240 1358 2307 ultima.
1409 2240 1444 2305 ln

251 2347 433 2436 fragmento
465 2355 507 2416 46
540 2349 606 2434 περί
636 2358 693 2426 τῆς
725 2353 837 2433 Φιλίας
868 2358 924 2427 τῆς
956 2345 1033 2428 ἐμοῖς
1064 2349 1116 2415 καὶ
1147 2349 1230 2434 [τῆς]
1264 2346 1444 2430 Φερενίκου,

251 2459 381 2526 additus
404 2457 562 2524 articulus
586 2454 708 2521 indicat
732 2455 813 2523 duas
837 2477 907 2524 csse
930 2477 1001 2535 res,
1030 2474 1169 2542 quarum
1193 2463 1330 2539 uterque
1350 2472 1444 2518 suam

252 2565 364 2642 habet,
395 2564 536 2629 omissus
569 2581 666 2628 uuam
694 2571 791 2648 atque
814 2561 948 2630 eandem
975 2581 1046 2628 csse
1070 2559 1194 2626 duobus
1218 2578 1442 2626 communem.

252 2671 340 2738 lolem
366 2669 480 2735 vitium
506 2675 555 2734 cst
579 2669 612 2733 in
638 2667 809 2755 Cyropood.
838 2669 905 2734 Vll.
931 2690 962 2735 ι.
989 2673 1031 2734 tl
1059 2663 1092 2735 εὖ
1116 2667 1169 2743 ἤδη
1194 2663 1313 2733 ἐδόκουν
1332 2665 1444 2732 είδέναι

251 2775 297 2845 ότι
331 2776 434 2851 τολλόι
470 2773 566 2841 ἔσοιτο
601 2775 736 2857 totone
769 2784 825 2852 τῆς
862 2775 938 2854 ἐμῆς
975 2775 1028 2840 καὶ
1065 2773 1149 2864 [τῆς]
1182 2781 1237 2850 σῆς
1268 2771 1444 2844 συνουσίας.

250 2894 281 2951 et
316 2884 347 2948 in
381 2881 555 2947 Hellenicr's
584 2879 637 2946 lll.
671 2901 694 2947 1.
729 2885 782 2946 λθ.
814 2882 856 2947 rol
888 2882 1016 2954 Μανίας
1046 2880 1098 2946 καί
1126 2880 1198 2966 [τὰ]
1224 2877 1445 2960 Φαρναβάζου.

252 2989 349 3055 llecte
383 2987 538 3071 lliogenes
571 2986 655 3073 apud
690 2987 777 3054 llroo.
810 2987 921 3054 Lusor.
957 2987 1012 3053 Vl.
1046 2991 1089 3052 56
1119 2987 1175 3062 olo
1209 2986 1263 3060 olo
1289 2983 1342 3049 καί
1367 2984 1445 3063 ipio

250 3095 361 3176 Φιλίαν
385 3093 571 3172 ἡμιωβολίου
593 3092 690 3174 τυρίον
710 3093 905 3168 διαλέλυκεν,
932 3102 963 3159 el
986 3093 1103 3180 passim
1128 3091 1210 3180 apud
1225 3110 1348 3157 ornnes.
1373 3088 1444 3155 Non

251 3219 381 3288 possum
407 3197 613 3264 disertissimi
639 3199 698 3264 riri
725 3197 906 3285 fragmenta
930 3197 1089 3286 deponere
1108 3219 1145 3265 ex
1169 3197 1318 3264 manilous
1338 3196 1445 3283 prius·

250 3325 347 3392 optram
382 3305 444 3370 tria
477 3305 667 3390 turpissima
699 3305 777 3370 vitia
802 3304 1002 3382 indicavero,
1036 3305 1175 3393 quaein
1204 3304 1257 3370 tali
1285 3303 1445 3389 scriptore

251 3411 453 3477 odiosissime
486 3418 574 3480 sunt.
624 3411 660 3476 ln
693 3409 807 3497 lrnguu.
842 3417 884 3479 55
917 3413 982 3478 οὐδὲ
1014 3413 1042 3479 εί
1071 3436 1118 3487 τις
1145 3411 1315 3486 είστοίντσς
1346 3408 1444 3482 τοίόος

249 3519 344 3593 οὐδεὶς
375 3520 523 3600 drosege?
550 3516 605 3592 rlp
636 3517 757 3600 ματέρα
790 3521 885 3584 αὑτοῦ
909 3527 967 3585 τῶν
985 3519 1175 3602 χρημάτων,
1200 3515 1336 3582 emenda
1360 3515 1389 3580 εί
1410 3539 1442 3582 τι

250 3628 263 3694 ό
295 3627 466 3702 είστοίητος
498 3621 606 3701 τιίόοι,
640 3623 668 3688 o·
700 3624 776 3709 quid
806 3625 878 3711 silio
908 3626 1051 3712 adoption
1074 3624 1241 3703 occiderit,
1274 3621 1443 3686 notissimo

251 3755 323 3801 usu.
370 3733 405 3799 ln
431 3729 650 3818 pulcherrimo
673 3726 854 3815 fragmento
881 3737 921 3798 to
947 3733 1075 3798 editur:
1102 3735 1285 3812 Ἄρχιττος
1309 3728 1373 3810 γὰρ
1392 3728 1442 3793 οὑ·

248 3840 314 3906 τοσί
344 3837 524 3905 ἀπεδύσατο
555 3835 612 3914 μὲν
642 3837 685 3909 είς
717 3837 772 3912 τὴν
805 3839 902 3914 αὐτὴν
934 3839 1114 3920 σαλαίςοαν
1143 3833 1234 3918 οὗτος
1258 3833 1310 3901 καί
1337 3843 1440 3906 Τῖσις.

250 3942 353 4011 Foeda
385 3942 551 4009 barbaries
580 3943 761 4008 ότεδιίσατο
791 3963 810 4008 a
846 3943 966 4010 nullius
998 3945 1143 4011 oratione
1174 3943 1278 4029 magis
1301 3957 1440 4028 quama

251 4049 384 4138 Lysiaoa
410 4047 569 4114 alrhorrct.
619 4049 741 4116 llonuru
767 4047 909 4129 lactum,
934 4050 1018 4136 quod
1042 4051 1201 4118 sententia
1223 4049 1301 4115 dicti
1326 4049 1441 4134 imper·

250 4156 369 4224 lectum
407 4155 545 4239 requirit
580 4155 745 4232 ἀνεδύετο,
782 4162 813 4222 et
846 4165 916 4243 post
951 4177 1051 4243 pauca
1085 4159 1120 4226 τί
1151 4157 1207 4238 μὲν
1237 4161 1350 4238 πρῶτον
1375 4175 1440 4218 συν·

250 4265 380 4330 δειπνεῖν
413 4259 567 4338 ἐκέλευεν,
598 4263 701 4338 ότιειδὶι
732 4262 759 4329 δ’
787 4265 840 4330 οὐκ
873 4263 1016 4343 ἠθέλησεν
1041 4265 1143 4342 ίδειίίν
1169 4261 1249 4340 ἥκειν
1274 4259 1367 4327 αὐτόν
1390 4256 1439 4324 tel

176 4441 177 4446 ,
249 4377 349 4448 κῶμον
380 4367 481 4447 λόγων
513 4363 558 4434 ότι
588 4369 657 4448 μεθ’
692 4370 786 4434 αὑτοῦ
819 4370 872 4436 καί
904 4376 963 4438 τῶν
995 4373 1164 4438 οἰκετῶν
1189 4367 1326 4436 orlon.
1373 4365 1437 4432 Nou

250 4476 394 4543 solebant
422 4493 496 4542 cum
521 4473 654 4538 εειυιιίόν
677 4475 743 4540 auio
767 4483 895 4561 potare,
917 4479 1049 4564 opinor,
1074 4478 1182 4564 itaque
1206 4475 1334 4560 corrige
1356 4469 1438 4554 perol
