3160 4972
787 289 858 363 378

231 488 257 553 εί
283 481 316 561 ἦν
340 485 499 565 ἀδίκημα,
525 492 637 552 natum
660 496 708 553 est
733 495 778 552 Tl
805 495 840 552 ut
861 505 955 574 saepe
979 505 1017 554 ex
1040 495 1080 563 Η.
1114 483 1285 553 nonnosi
1306 488 1422 555 uitium

233 596 266 658 in
300 593 483 678 [reginerio
513 597 567 659 at.
600 594 626 657 εί
657 594 715 672 μὲν
747 593 860 660 δίκαιον
884 593 994 673 ἔλεγεν
1016 593 1033 670 ἢ
1058 593 1179 675 μέτριον
1199 613 1258 681 pro
1281 592 1373 674 ἔλεγέ
1393 617 1423 660 τι

233 701 250 776 ἢ
282 697 412 778 μέτριον.
462 699 661 765 Similiter
653 718 684 762 m
718 699 891 765 Hellanicus
923 701 978 767 vt.
1004 720 1048 766 ιν.
1075 706 1105 766 ii.
1138 719 1197 828 pro
1226 699 1310 782 είπερ
1333 696 1423 776 odii

232 809 346 871 σαυτοῦ
381 804 511 883 κύδει
495 833 512 882 ις
544 813 599 880 τῆς
631 805 824 886 πατρίδοςί
826 809 875 872 πιό
878 815 966 888 again
993 806 1149 873 οίκτίον’
1134 807 1184 872 eni
1205 806 1276 879 τοὺς
1298 805 1425 890 ἄνδρας,

232 910 420 977 emenda*
392 933 476 992 ειπερ
498 904 548 976 ούν
571 934 602 976 τι
626 916 742 978 σαυτοῦ
766 913 862 990 κνίδει.

277 1017 352 1082 Tria
386 1015 531 1103 axempiu
566 1014 683 1082 addam
715 1037 753 1083 ax
789 1015 993 1103 fragmentis,
1041 1019 1076 1084 ln
1102 1017 1219 1105 fragm.
1244 1023 1263 1084 i
1290 1019 1425 1088 Barnun.

200 1123 361 1203 ,οἰόμενος
389 1126 496 1190 τοῦτον
527 1123 707 1212 [Αίσχίνκν]
744 1123 924 1207 Σωκράτους
958 1125 1180 1205 γεγονέναι
1205 1128 1348 1205 μαόνπίρν
1371 1127 1424 1192 καί

232 1231 298 1314 περί
330 1231 519 1304 δικαιοσύνης
550 1230 602 1294 καί
633 1231 746 1310 οίρετῆς
769 1231 903 1305 πολλοὺς
927 1233 979 1298 καί
1002 1233 1131 1310 σεμνούς
1153 1231 1289 1312 λέγοντα
1312 1231 1425 1311 λόγους

231 1341 284 1404 ούκ
325 1337 364 1405 ι’ίν
405 1361 479 1404 ποτε
521 1337 717 1418 ἐπιχειρῆσαι
754 1339 817 1403 κτί.
875 1336 1132 1425 Expungendtrm
1169 1359 1239 1405 esse
1272 1339 1426 1419 Αἰσχίνην

231 1444 397 1532 apparebit
419 1441 644 1532 praecedentia
667 1440 838 1528 relegenti:
865 1453 1030 1532 praeterea
1052 1447 1178 1533 corrige
1197 1445 1354 1525 γεγονότα
1368 1463 1426 1531 pro

230 1551 401 1629 γενονέναι.
452 1552 490 1617 io
522 1560 668 1616 extremo
692 1549 750 1616 Ιιοο
772 1550 957 1637 fragmento
980 1552 1094 1622 scribit
1118 1551 1157 1617 de
1181 1552 1287 1618 uetuia
1313 1550 1425 1616 deere-

232 1658 315 1742 pita:
349 1655 382 1734 ἧς
414 1660 483 1743 ῥᾷον
514 1657 585 1728 τούς
618 1655 741 1730 όδόντας
771 1659 937 1740 α’ριίριιῑσαι
968 1657 984 1733 ii
1010 1667 1065 1735 τῆς
1088 1657 1189 1740 χειρός
1213 1657 1284 1731 τοὺς
1307 1657 1424 1722 δακτύ-

230 1777 320 1838 λους,
352 1765 445 1849 quasi
471 1782 532 1827 nou
558 1772 666 1828 esseut
693 1763 770 1830 haee
797 1767 876 1830 satis
901 1763 1008 1830 iaeiiia
1031 1765 1070 1829 ad
1096 1761 1341 1848 intelligendum
1366 1762 1425 1828 ad-

232 1868 364 1954 seripsit
391 1870 499 1936 nescio
529 1869 603 1953 quis
633 1866 703 1958 [ίσιρ
735 1868 885 1943 inienuus
908 1865 1022 1955 ἦσαν],
1054 1867 1138 1956 quod
1164 1869 1312 1935 certatim
1338 1867 1425 1933 docti

234 1972 380 2041 homines
404 1982 640 2063 expunxerunt.
689 1974 807 2041 Eodem
833 1977 902 2043 iure
924 1977 955 2041 in
978 1976 1159 2062 fragmento
1181 1979 1199 2041 i
1222 1975 1254 2040 iu
1273 1973 1425 2040 verbisod

232 2087 326 2157 τιμῆς
358 2083 556 2161 τεταγμένης
585 2087 737 2148 πωλοῦσιν
768 2083 843 2149 ἀλλ’
874 2085 913 2156 είς
944 2081 984 2149 ίιν
1013 2081 1153 2148 δύναιντο
1183 2079 1426 2163 πλειςκριοίσαν-

232 2209 284 2260 πει
318 2189 461 2274 [πλείςου
492 2187 675 2276 ύπέδοντο],
707 2198 840 2275 apparet
872 2187 1085 2276 expungenda
1116 2207 1186 2254 esse
1217 2187 1340 2253 ultima.
1388 2184 1423 2252 in

233 2291 415 2379 fragmento
447 2297 489 2360 46
522 2293 588 2378 περί
619 2303 674 2371 τῆς
707 2295 819 2378 Φιλίας
851 2303 906 2373 τῆς
938 2291 1016 2374 iiiia
1046 2295 1099 2360 καί
1129 2294 1212 2380 [τῆς]
1246 2291 1424 2376 Φερενίκου,

233 2402 364 2470 additus
386 2401 544 2467 artieuius
569 2399 689 2466 indicat
714 2400 795 2468 duas
819 2421 889 2468 esse
911 2422 983 2480 res,
1012 2419 1149 2488 quarum
1175 2409 1311 2486 uterque
1331 2416 1424 2463 suam

234 2507 347 2586 itabat,
377 2507 518 2572 omissus
552 2525 648 2572 onam
676 2515 773 2593 etque
797 2507 930 2574 eandam
956 2527 1028 2574 esse
1051 2505 1177 2572 duobus
1201 2523 1421 2572 cornmuoem.

234 2615 322 2682 idem
348 2613 463 2679 uitium
488 2621 537 2678 est
562 2613 594 2678 io
621 2612 791 2700 Cyropoed.
820 2613 887 2680 vlt.
913 2634 944 2681 v.
971 2618 1013 2680 iii
1041 2609 1074 2680 εὖ
1098 2613 1151 2689 ἤδη
1176 2609 1296 2678 ἐδόκουν
1314 2609 1424 2677 είδέναι

233 2717 279 2788 ύτι
313 2720 416 2794 πολλίρ
453 2716 548 2785 ἔσοιτο
582 2720 718 2802 οίφόονία
751 2729 807 2796 τοῖς
844 2720 921 2799 ἐμῆς
957 2719 1010 2785 καί
1047 2719 1130 2808 [τῆς]
1164 2727 1219 2795 σῆς
1250 2717 1424 2788 συνουσίας.

233 2837 263 2894 ei
297 2827 329 2890 in
363 2824 537 2890 Haltenicis
566 2822 620 2891 lli.
653 2845 675 2892 1.
711 2829 764 2892 26.
796 2827 839 2892 τόν
870 2827 998 2899 Μανίας
1028 2826 1081 2890 καί
1108 2825 1181 2911 [τοὶ]
1206 2822 1425 2907 Φαρναβάζου.

234 2932 331 2998 lieete
365 2931 521 3016 Diogenes
553 2930 638 3018 apud
672 2931 759 2998 iinon.
792 2933 903 2999 iunior,
939 2933 994 2998 Vi.
1028 2935 1071 2998 56
1101 2932 1157 3008 τὴν
1191 2932 1245 3006 σίιν
1271 2929 1324 2996 καί
1348 2927 1425 3008 enin

232 3039 344 3121 φιλίαν
367 3036 553 3116 ἡμιωβολίου
575 3037 672 3117 τυρίον
691 3038 887 3113 διαλέλυκεν,
914 3048 945 3104 et
968 3039 1085 3126 passim
1109 3037 1192 3124 apud
1207 3055 1329 3103 ornnes.
1354 3033 1424 3101 Non

233 3163 363 3232 possum
388 3141 594 3208 disertissimi
621 3144 681 3208 riri
707 3142 888 3230 fragorenta
912 3144 1127 3232 deponerem
1151 3143 1300 3209 manibus
1320 3141 1424 3230 prius·

232 3269 329 3337 quam
363 3250 426 3314 tria
459 3249 648 3334 turpissima
680 3250 759 3316 vitia
784 3250 984 3327 indicavero,
1017 3251 1157 3338 quaein
1185 3249 1239 3316 tali
1267 3249 1425 3335 scriptore

232 3356 436 3422 odiosissime
468 3364 556 3424 sunt.
606 3354 642 3421 in
675 3353 789 3441 irngm.
825 3361 866 3424 55
899 3358 964 3423 οὐδὲ
996 3358 1024 3424 εί
1052 3383 1100 3433 τις
1127 3357 1297 3431 εἰσποίητος
1328 3353 1424 3428 τοίόος

231 3463 327 3537 οὐδεὶς
357 3465 505 3544 οίποςερεί
532 3461 586 3536 τίον
618 3461 739 3544 μητέρα
772 3464 867 3530 αὐτοῦ
890 3472 949 3530 τῶν
965 3465 1157 3547 χρνμιίτιιν,
1182 3461 1317 3528 emenda
1342 3461 1370 3526 εί
1390 3484 1422 3526 τι

231 3573 245 3637 ό
277 3570 448 3646 είσποίκτος
480 3565 588 3644 ποόύοι,
622 3568 649 3632 si
681 3569 758 3654 qnid
788 3569 859 3656 filio
890 3571 1033 3658 adoptivo
1056 3570 1222 3648 occiderit,
1255 3566 1424 3633 notissimo

233 3697 305 3744 osu.
352 3677 387 3742 ln
414 3674 632 3762 pulcherrimo
654 3671 835 3759 fragmento
862 3683 903 3744 ii
929 3677 1056 3744 editur:
1084 3680 1266 3759 Ἄρχιππος
1291 3673 1354 3756 γὰρ
1374 3673 1423 3740 ού·

230 3784 296 3851 ποσί
326 3781 506 3850 οίπεδύσαπο
537 3779 594 3860 μὲν
624 3780 667 3853 είς
698 3781 754 3858 τίρν
785 3783 884 3858 αύτίρν
914 3784 1095 3867 παλαίςραν
1124 3780 1215 3864 ούπερ
1240 3779 1291 3846 καί
1318 3787 1421 3852 Τῖσις.

232 3887 336 3955 Foeda
367 3887 532 3954 barbaries
562 3887 742 3954 ἀπεδύσατο
772 3907 791 3954 a
827 3888 948 3956 nullius
979 3891 1124 3956 oratione
1156 3889 1259 3975 magis
1282 3905 1422 3974 quama

234 3994 366 4082 Lysinoe
391 3992 550 4060 abhorret.
600 3993 722 4060 Bonum
749 3992 890 4074 sautum,
916 3995 999 4082 quod
1024 3997 1182 4063 sententia
1204 3993 1282 4060 dieti
1307 3994 1423 4079 imper·

232 4099 351 4168 ieutum
388 4100 527 4184 requirit
561 4100 727 4176 ἀπεδύετο,
763 4107 794 4166 et
827 4111 897 4189 post
932 4123 1032 4190 pauca
1066 4104 1101 4170 τὸ
1133 4103 1189 4184 μὲν
1218 4106 1332 4183 πρῶτον
1355 4120 1423 4164 σου·

231 4209 362 4275 δειπνεῖν
395 4205 548 4283 ἐκέλευεν,
579 4206 683 4284 ἕπειδίρ
714 4209 740 4273 δ’
769 4211 822 4275 ούκ
854 4209 998 4286 ἠόέλνσεν
1022 4210 1124 4288 ε’δειίόιρ
1150 4207 1231 4286 ίίκειν
1254 4205 1347 4272 αύπόν
1371 4203 1422 4270 ἐπί

231 4321 331 4393 κῶμον
362 4312 462 4392 λύγων
494 4309 539 4379 ότι
569 4313 639 4392 μεθ’
674 4315 768 4379 αὑτοῦ
801 4315 853 4381 καί
886 4321 945 4382 τῶν
976 4317 1145 4384 οίκετῶν
1170 4313 1306 4381 πιέσω.
1354 4309 1422 4378 Non

232 4420 376 4488 solebant
403 4439 478 4487 oum
502 4418 636 4484 serooiio
658 4420 724 4486 suis
748 4429 876 4508 potare,
898 4424 1030 4510 opinor,
1055 4424 1163 4510 itaque
1187 4416 1423 4506 corrigemini
