3204 4978
715 383 786 455 815

164 573 281 642 πίπε·
322 576 367 648 lsi
399 580 462 662 γὰρ
499 577 577 662 ίίρας
608 577 790 657 δηλασνκίν·
822 574 881 662 αἶαν
916 577 1053 656 είπίνπσς
1092 579 1171 654 πννίς
1203 582 1356 658 πηνίκα

165 683 462 762 ἀποδημήσεις
494 687 548 752 ἐὰν
579 687 666 769 είπης
695 686 802 767 μετὰ
826 684 892 751 δύο
915 685 933 761 ἢ
957 693 1067 766 τρεῖς
1094 683 1208 766 ἡμέρας
1232 689 1285 752 οὐκ
1308 687 1357 767 lp·

165 791 221 863 icio
243 790 328 871 ἐρεῖς.
350 791 404 856 ίαν
422 791 455 857 it
473 791 560 875 είπης
585 790 699 860 luiso
721 794 737 871 sl
763 792 852 877 περὶ
873 791 1138 873 μεσημβρίαν
1163 794 1249 874 ὀρθῶς
1270 795 1355 875 ἐρεῖς.

166 914 248 981 quae
279 917 354 964 vera
380 907 456 964 suot
488 898 617 985 quidem
644 900 784 966 sednon
811 917 937 964 omnem
961 917 1053 964 usum
1080 897 1223 964 adverbii
1242 899 1357 976 πηνίκα

166 1002 437 1090 complectuntur.
485 1003 546 1085 Qui
571 1017 665 1093 quern
689 1014 779 1092 rogat
807 1005 986 1081 πηνίκα-·;
1013 1003 1053 1070 de
1081 1023 1118 1069 eo
1143 1013 1286 1092 tempore
1306 1023 1358 1071 ro-

166 1116 242 1193 gat,
267 1107 352 1195 quod
376 1108 544 1177 definitum
571 1120 602 1179 et
628 1112 840 1178 constitutum
867 1119 899 1176 et
921 1119 1046 1176 certurn
1072 1117 1139 1187 est,
1164 1119 1200 1177 ut
1224 1112 1251 1176 si
1283 1112 1357 1198 quis

166 1233 204 1280 ex
232 1221 416 1282 astronomo
440 1226 590 1303 quaerat:
615 1219 730 1294 πηνίκα
755 1219 892 1298 ἐκλείψει
909 1217 931 1281 ,ί
955 1217 1059 1296 ἥλικας
1087 1213 1119 1280 iu
1143 1217 1270 1302 quaerit
1294 1237 1358 1304 quo

166 1328 248 1385 certo
274 1329 416 1408 {empore
440 1323 486 1389 sot
516 1323 702 1392 deiecturus
727 1326 780 1390 sit.
831 1323 893 1405 Qui
918 1322 1088 1410 respondet
1109 1322 1248 1390 adhaec
1271 1325 1357 1403 μετὰ

165 1424 213 1491 it’
237 1425 254 1503 η
274 1437 356 1507 τρεῖς
380 1428 494 1511 ἡμέρας
520 1431 600 1496 nilril
621 1431 711 1497 dicit.
763 1430 879 1497 Eodem
905 1428 998 1496 ruodo
1022 1429 1143 1494 dieitur
1166 1431 1281 1506 noritur
1311 1432 1356 1500 ἐπί

166 1537 221 1598 τοῦ
243 1534 403 1616 ἒννανπσῦς
433 1546 465 1602 et
485 1537 601 1613 πηνίκα
626 1538 670 1608 tet
698 1545 754 1614 πῆς
779 1537 917 1619 iulum
949 1555 1032 1622 quae
1065 1537 1108 1600 ita
1141 1545 1298 1619 rogantur
1321 1546 1358 1603 ut

165 1637 236 1725 ipsa
261 1660 336 1727 pars
360 1643 437 1707 anni
460 1651 491 1712 et
515 1643 578 1710 diei
603 1653 755 1710 aeeurate
780 1641 959 1709 detioienda
984 1643 1042 1721 sit,
1068 1643 1095 1708 si
1121 1651 1208 1710 reete
1227 1663 1359 1730 respon·

166 1742 243 1814 dere
267 1747 355 1814 reiis.
386 1748 503 1815 Contra
524 1751 601 1817 πίπε
623 1753 669 1816 ita
692 1750 827 1827 dieitur,
853 1756 889 1814 ut
908 1748 941 1814 id
960 1755 1089 1835 tenipus
1110 1749 1270 1815 incertum
1286 1767 1358 1817 esse

167 1850 368 1939 intelligatur
386 1863 417 1921 et
439 1853 575 1923 fortasse
597 1876 776 1943 numquam
795 1855 962 1932 futurum,
985 1863 1021 1920 ut
1041 1854 1066 1918 si
1089 1865 1180 1940 pater
1199 1855 1238 1920 ad
1257 1855 1355 1922 disso-

167 1959 272 2025 lutum
305 1959 404 2026 filium
436 1959 533 2028 dicit:
567 1963 689 2050 quoodo
718 1962 759 2030 od
789 1961 952 2027 meliorem
980 1964 1106 2047 frugem
1134 1960 1277 2027 redibis?
1308 1961 1356 2028 ui-

166 2063 305 2132 eentlurn
328 2075 378 2133 est
400 2066 477 2134 πίπε
500 2069 719 2153 σαφανησεας
750 2069 777 2133 si
802 2066 917 2142 πηνίκα
937 2065 1071 2132 dixisset
1095 2066 1253 2134 ridiculus
1275 2065 1357 2135 iuis-

167 2180 227 2240 set.
274 2171 373 2239 Recte
397 2173 497 2260 igitur
522 2177 710 2261 quaeritur:
746 2175 862 2249 πηνίκα
885 2175 910 2239 ot
932 2173 1053 2254 ναίμαη
1080 2175 1155 2260 quia
1180 2175 1356 2242 constituta

167 2286 217 2345 est
240 2279 363 2366 nuptiis
387 2278 474 2359 dies,
500 2281 582 2348 male
602 2283 717 2357 πηνίκα
741 2279 945 2359 ronegario:
970 2281 1045 2366 quia
1075 2279 1107 2344 iu
1140 2288 1268 2366 tenipus
1294 2301 1356 2347 non

167 2392 217 2453 est
255 2383 435 2452 delinitum.
479 2387 592 2455 ,Recte
633 2387 809 2454 Persuasus
848 2387 963 2464 πηνίκα
1000 2387 1115 2452 δοκεῖτε
1152 2389 1268 2454 ἁλῶναι
1302 2391 1357 2465 την

166 2492 272 2567 πίλννς
299 2513 371 2558 narn
396 2501 525 2580 ternpus
553 2495 658 2581 ipsum
691 2504 843 2561 accurate
875 2495 951 2559 seiri
984 2499 1109 2580 poterat
1143 2493 1221 2559 urbe
1245 2514 1358 2560 reeens

166 2606 272 2686 capta.
319 2600 432 2686 ltaque
469 2601 613 2686 peccarit
646 2603 762 2667 iturum
803 2605 952 2667 Lucrinus
987 2604 1047 2676 56,
1085 2603 1117 2665 4.
1154 2602 1230 2667 ἀλλ’
1259 2601 1290 2668 οἵ
1315 2627 1355 2682 γε

167 2705 267 2773 κύκνον
295 2706 409 2782 πηνίκα
441 2708 513 2784 ὑμῖν
541 2707 677 2792 ᾄίσνσννς
710 2709 742 2773 in
776 2711 847 2792 §2.
872 2703 950 2771 πότε
978 2705 1011 2770 δὲ
1035 2704 1119 2792 (lege
1146 2706 1196 2794 δή)
1222 2707 1272 2772 ἐπί
1296 2708 1356 2781 σία

165 2814 305 2895 ὀνείρους
336 2809 538 2896 αφνξίμείας
571 2822 718 2900 potuerat
748 2812 855 2880 dieere
886 2812 1018 2889 πηνίκα,
1053 2831 1126 2877 narn
1153 2805 1258 2878 sioubi
1285 2813 1358 2880 iliae

164 2918 296 2986 arbores
320 2919 359 2985 ari
385 2919 507 2986 Padum
526 2919 679 2999 tuissent,
707 2927 829 3006 poterat
855 2919 982 2986 deliniri
1004 2926 1132 3003 tempus
1151 2919 1274 3006 ipsum,
1294 2939 1357 3006 quo

163 3025 241 3092 illue
264 3033 372 3092 essent
393 3028 590 3112 perventuri.
629 3027 668 3094 ur
690 3027 866 3114 plurimum
889 3035 996 3092 autern
1023 3025 1137 3102 πηνίκα
1161 3023 1225 3090 diei
1250 3026 1355 3113 eoepit

166 3130 206 3199 de
236 3141 329 3218 parte
356 3134 530 3220 proesentis
563 3133 645 3212 diei,
678 3141 709 3200 et
743 3153 843 3220 quum
873 3131 970 3199 horae
1004 3133 1169 3199 numerari
1194 3132 1352 3208 solerent,

164 3238 280 3314 πηνίκα
327 3247 396 3304 erat
430 3235 507 3320 ὥρας
547 3238 724 3317 interula,
769 3248 805 3305 ut
843 3239 1034 3305 Paarnrunos
1069 3238 1192 3306 scribit.
1243 3240 1355 3305 usurus

165 3343 359 3412 Haaouranus
381 3354 451 3431 post
481 3345 641 3412 Mosnrurrr
667 3367 696 3433 p.
723 3351 798 3413 438.
823 3346 858 3411 τί
892 3345 979 3422 ηνίκα
1011 3346 1062 3412 καί
1093 3346 1128 3412 σί
1159 3347 1274 3420 πηνίκα
1305 3346 1355 3411 ἐπί

165 3457 219 3518 ποῦ
247 3455 351 3533 καιροῦ
385 3459 442 3529 τῆς
471 3451 587 3534 ἡμέρας
615 3458 757 3533 μᾶλλον,
787 3453 822 3518 πί
846 3453 878 3518 δὲ
907 3452 985 3518 πότε
1012 3452 1062 3517 ίπί
1095 3451 1215 3532 χρόνον.
1247 3451 1292 3522 lsi
1324 3454 1356 3519 it

166 3559 218 3624 καί
242 3559 277 3625 πί
301 3559 415 3635 πηνίκα
447 3559 497 3624 ἐπί
521 3568 624 3640 zvarai
642 3560 730 3642 παρὰ
753 3562 795 3642 τῷ
820 3559 1015 3637 Δημοσθένει.
1050 3567 1230 3624 monstrum
1255 3566 1358 3641 χνπεῖ

166 3671 280 3730 natum
311 3673 359 3732 est
382 3683 421 3732 ex
451 3654 479 3746 Ξ
510 3652 629 3731 r'ri.‘e.
662 3666 770 3747 χρόνον
792 3665 887 3746 παρα
913 3666 967 3754 (au
993 3664 1203 3752 Δημοσθένει).
1253 3665 1358 3731 Locus

168 3769 379 3837 Dunosrasnts
404 3771 523 3858 legitur·
548 3791 575 3857 p.
598 3775 681 3848 329,
709 3777 762 3839 23.
785 3773 815 3837 lv
834 3772 914 3838 πίσνν
936 3766 985 3837 οὖν
1003 3772 1042 3836 σὺ
1060 3771 1111 3836 καί
1131 3769 1246 3846 πηνίκα
1270 3785 1356 3850 λαμ-

165 3875 256 3960 arpis:
281 3879 356 3953 ἡνίκ’
382 3877 422 3946 ἂν
447 3880 544 3945 εἰπεῖν
568 3901 598 3944 σν
621 3880 708 3944 κατα
732 3878 846 3947 σσύπαν
870 3877 929 3961 δίη.
963 3899 1024 3944 uon
1059 3887 1182 3964 poterat
1215 3876 1357 3944 odiosius

164 3982 275 4050 disere
296 4004 394 4071 quarn
419 3986 467 4051 sie
490 3985 711 4052 aniversariurn
738 3985 886 4052 consulto
908 3984 968 4050 sibi
991 3984 1033 4050 ad
1067 3984 1239 4051 (licendum
1273 3993 1358 4052 cortu

165 4099 303 4178 ternpore
326 4092 492 4158 eonstituto
515 4091 640 4158 iubere.
677 4091 738 4159 Sed
761 4091 858 4158 redeo
878 4091 954 4157 illue
980 4090 1062 4157 trude
1085 4091 1251 4177 digressus
1271 4111 1355 4159 sum.

166 4199 185 4283 ς
214 4201 263 4263 ll.
287 4199 428 4280 πατρῷον
452 4199 564 4282 φίλαν,
590 4198 689 4264 Attici
721 4199 879 4280 παπμκίν.
919 4201 936 4283 §
965 4203 1015 4265 18.
1040 4196 1159 4281 ἄμφω,
1185 4197 1231 4263 illi
1253 4197 1360 4281 ἀμφί·

166 4325 254 4385 repar.
303 4302 337 4369 ln
360 4309 401 4382 8,
425 4309 461 4381 ί,
490 4310 518 4370 1.
544 4304 627 4372 οὐδέν
651 4307 713 4374 isar
737 4301 750 4370 ὃ
775 4306 820 4384 μη
844 4304 1016 4381 πεπσίηκσίς
1044 4329 1102 4384 με,
1131 4313 1256 4372 veteres
1277 4307 1360 4372 οὐδὲν

166 4405 234 4476 ὅτι
260 4411 303 4477 ori.
351 4409 510 4498 Perpetua
542 4410 737 4497 negligentia
769 4411 919 4478 Lucrinus
950 4411 1015 4492 μη,
1048 4410 1174 4492 μηδείς,
1204 4409 1361 4491 gnitum

166 4521 264 4582 caeti.
290 4535 410 4603 ponere
441 4517 521 4586 solet
554 4516 607 4584 uhi
632 4519 686 4594 σύ,
711 4519 825 4599 σι’νδείς,
846 4518 993 4586 erilium
1016 4528 1109 4585 urant
1135 4521 1297 4606 ponenda,
1325 4524 1360 4584 ut
