3160 4972
788 329 860 402 408

224 523 384 594 Steinium
417 545 456 596 ex
489 525 580 594 tibris
611 525 825 594 deterioribus
865 534 923 592 aut
962 545 1000 592 ex
1037 532 1162 593 vetusta
1198 535 1229 595 et
1266 527 1417 596 mendosa

223 631 365 702 editione
387 634 539 714 βασιλῆος
560 641 592 702 et
610 633 767 714 βασιλέυς
788 632 996 712 afferentem,
1019 640 1052 699 ct
1073 633 1149 699 item
1170 633 1305 713 βασιλεῖ
1315 635 1417 703 sicubi

224 739 357 820 βασιλέι·
378 742 411 806 iu
436 747 526 807 textu
551 749 615 808 est:
642 759 738 827 quam
764 739 889 806 utiliter
912 746 944 808 et
968 759 1064 826 quam
1091 738 1267 826 prudenter
1288 742 1418 810 lectoris

226 844 382 914 iudicium
408 855 487 918 esto.
534 845 620 914 Dabo
648 847 784 914 aiterum
810 844 1004 933 exemptum.
1052 844 1138 913 Setis
1163 867 1250 914 nuuc
1273 867 1419 935 comper-

228 960 297 1018 tum
321 959 371 1019 est
395 953 528 1020 verbum
549 953 757 1020 ’'ePXOMAI
782 951 898 1020 trabere
920 950 1146 1040 imperfectum
1171 953 1203 1018 in
1223 954 1418 1032 ΙοιιίιιΗΙΑ,

226 1067 317 1138 iile,
343 1067 502 1137 HtMeN‚
528 1067 632 1126 titre
663 1067 694 1127 et
728 1069 879 1138 HicAN,
907 1057 1073 1147 trisyttato
1097 1060 1225 1138 omuin,
1249 1060 1323 1141 ιΐία,
1348 1061 1416 1139 ἤϊε,

225 1165 336 1246 dimoc,
361 1165 429 1242 ἤι’πε
450 1173 484 1233 et
507 1165 620 1245 ἤϊσαν,
646 1185 729 1252 quae
752 1165 836 1252 apud
869 1164 1082 1232 Athenienses
1112 1175 1286 1232 constanter
1304 1152 1350 1230 'in
1371 1164 1418 1232 di·

226 1271 348 1361 syllaba
372 1269 611 1340 contrahuntur
634 1269 692 1354 da,
717 1273 781 1356 pin,
811 1268 906 1356 ᾖμεν,
938 1269 1013 1353 ᾖσε,
1039 1268 1137 1354 ἦσαν,
1162 1281 1191 1338 et
1219 1273 1252 1338 in
1277 1271 1418 1359 simplici

227 1377 323 1444 uerbo
353 1385 386 1445 et
421 1379 452 1444 in
492 1377 678 1465 compositis
709 1376 870 1444 omnibus.
919 1375 966 1444 Ad
1001 1376 1059 1442 trus
1091 1377 1241 1464 antiquas
1272 1387 1305 1446 et
1334 1377 1419 1444 soias

227 1484 386 1570 genuinas
418 1482 538 1550 formes
568 1481 801 1550 exscindendae
825 1481 1004 1549 scribarum
1029 1490 1061 1550 et
1084 1491 1304 1550 correctorum
1331 1485 1419 1550 natio

228 1589 328 1656 vetuti
345 1590 532 1658 coniurasse
555 1589 692 1656 ridetur.
740 1586 802 1655 Sed
822 1609 858 1656 ca
884 1588 974 1655 imus
997 1589 1096 1655 certis
1116 1587 1246 1656 indiciis
1267 1599 1299 1658 et
1319 1609 1419 1676 argu·

229 1697 348 1762 mentis
379 1694 534 1784 deprensa
575 1716 613 1763 ac
650 1693 788 1762 refutata
826 1713 912 1762 nuuc
945 1695 1066 1762 nemini
1100 1695 1240 1784 emptius
1271 1696 1418 1782 imponit.

229 1802 365 1871 Formae
397 1803 521 1869 Atticae
557 1801 675 1890 ubique
705 1803 822 1869 Atticis
861 1799 950 1868 reddi
987 1807 1135 1888 coeptae,
1175 1809 1208 1869 et
1240 1800 1420 1870 Herodotus

228 1928 357 1996 quoque
380 1927 456 1975 suas
476 1910 609 1997 recepit.
647 1908 704 1974 Cui
725 1907 807 1974 bono
826 1916 874 1974 est
894 1908 1012 1992 igitur,
1031 1927 1165 1994 quaeso,
1187 1909 1312 1996 quotics
1332 1908 1419 1996 eprui

228 2014 425 2082 Herodotum
451 2024 581 2083 HicAN
606 2015 724 2106 (ἤϊσαν)
750 2023 838 2082 recte
857 2021 889 2080 et
913 2012 1025 2080 ordine
1045 2013 1183 2100 iegitur,
1203 2032 1362 2102 opponere
1378 2034 1419 2082 ex

229 2120 321 2186 libris
344 2120 466 2199 ἤιεσαν,
492 2121 604 2200 ἤισαν,
628 2114 722 2199 ἦσαν,
746 2119 874 2198 εἴησαν,
899 2119 1024 2200 ἦέεσοιν,
1049 2121 1153 2200 έεσαν,
1174 2120 1282 2199 ἷιρσαν,
1314 2141 1421 2189 meras

230 2226 354 2314 nugas?
402 2227 534 2307 Quoties
562 2227 646 2314 apud
674 2226 867 2294 Herodotum
897 2229 1022 2310 rporsiis
1054 2227 1212 2315 scripturn
1242 2236 1291 2295 est
1323 2229 1421 2296 toties

229 2333 351 2401 ridebis
374 2335 517 2421 expromi
542 2353 559 2400 e
590 2331 682 2399 tibris
712 2335 860 2416 rpordrer,
892 2333 1032 2414 rpordrr,
1064 2333 1207 2416 προσεέιρ,
1232 2335 1338 2416 προσέιρ
1362 2343 1421 2402 aut

229 2440 402 2507 barbarum
434 2440 584 2522 προοεέιιε.
633 2439 669 2505 ln
706 2437 788 2505 libro
819 2440 844 2506 t.
883 2442 946 2505 109
981 2438 1034 2506 ubi
1077 2439 1257 2510 Herodotus
1288 2438 1423 2508 dederat

229 2553 476 2612 HiettnrtlnN
502 2547 560 2634 (dis
584 2545 712 2628 ιιλαέων)
739 2545 771 2610 in
797 2554 954 2633 apparatu
978 2545 1084 2614 critico
1107 2543 1186 2614 haec
1212 2555 1421 2634 apponuntur

230 2651 277 2729 sir!
298 2673 329 2720 a.
356 2654 412 2730 sien
436 2673 462 2718 ιι.
487 2652 543 2729 tirsi
569 2673 594 2718 r.
620 2651 665 2730 ric
686 2671 712 2720 o.
738 2650 774 2719 έει
800 2651 858 2718 tid.
884 2652 929 2735 dar
953 2672 980 2718 z.
1029 2649 1055 2718 0
1086 2671 1184 2738 quam
1210 2651 1325 2720 vetlem⁴
1363 2650 1421 2719 has

229 2755 338 2824 [utiles
363 2777 465 2844 nugas
490 2757 664 2845 sordesque
685 2776 796 2825 omues
819 2777 1005 2845 expungere
1027 2765 1060 2826 et
1083 2756 1241 2836 abiicere,
1266 2767 1298 2824 et
1322 2758 1422 2825 Hero·

227 2862 340 2932 dotum
364 2885 402 2932 ex
426 2865 526 2931 animi
544 2865 606 2932 mei
633 2865 792 2932 sententia
818 2865 862 2930 ita
885 2861 980 2932 cdere
1003 2873 1038 2930 ut
1062 2871 1237 2952 apparatus
1259 2883 1333 2930 rere
1357 2864 1420 2930 eri-

227 2973 314 3038 ticns
338 2979 370 3038 et
402 2971 488 3038 viros
519 2979 552 3038 et
583 2971 714 3038 iuuenes
738 2969 921 3056 ingeniosos
944 2969 983 3036 ad
1010 2971 1176 3056 ingenium
1202 2968 1420 3038 exercendum

229 3075 343 3144 biartde
379 3075 522 3144 adiiceret
553 3083 585 3143 et
615 3076 777 3142 invitaret.
826 3074 886 3142 Sed
916 3075 955 3143 ad
987 3075 1184 3163 Madvigium
1219 3075 1333 3155 redeo,
1364 3075 1423 3162 qui

229 3181 314 3271 quod
340 3201 410 3269 pag.
424 3186 487 3249 505
510 3180 650 3248 affirmat
670 3203 704 3249 se
727 3181 877 3248 Herodoti
898 3183 1001 3249 locrrm
1020 3182 1181 3271 difficilem
1201 3192 1283 3249 certo
1299 3181 1422 3248 auxilio

229 3287 443 3375 expediatne,
478 3287 721 3356 dissentientem
758 3308 808 3356 me
830 3295 871 3354 ct
904 3287 967 3354 atie
1002 3288 1190 3356 suadentem
1226 3288 1422 3375 aequissimo

230 3394 355 3473 animo,
379 3403 429 3461 sat
452 3397 539 3474 scio,
563 3393 690 3462 laturus
715 3401 781 3472 est,
807 3403 842 3461 ut
866 3395 935 3482 ipse
959 3393 1072 3460 lubens
1090 3394 1178 3460 iliius
1200 3392 1339 3475 iudicio,
1365 3393 1422 3462 ubi

229 3519 361 3569 causam
386 3503 591 3589 cognoverit,
615 3522 683 3568 rem
708 3521 835 3568 omnem
862 3500 1058 3588 permittam.
1107 3500 1210 3567 Locus
1233 3509 1282 3568 est
1308 3501 1332 3568 i.
1366 3507 1421 3568 51.

231 3608 287 3675 ubi
310 3608 481 3675 scribitur:
507 3609 520 3674 d
544 3617 666 3692 Κροῖσος
678 3647 722 3658 -
734 3606 908 3686 ἀπέπεμπε
928 3607 958 3682 ἐς
980 3607 1126 3690 Δελφοὺς
1139 3643 1184 3658 -
1196 3613 1346 3691 κρητῆρας
1370 3606 1423 3676 tto

229 3715 366 3797 μεγάθεΐ
387 3713 548 3795 μεγάλους
571 3714 701 3797 χρύσεον
724 3715 777 3780 καὶ
801 3713 956 3796 οὶργύρεον.
979 3715 1059 3780 -d
1085 3714 1115 3780 δὲ
1138 3714 1423 3796 ἀργύρεος-ἐπι-

231 3822 373 3904 κέρνουιαι
398 3823 455 3888 ὑπὸ
476 3827 611 3906 Δελφῶν
634 3820 848 3904 Θεοφανίοισι·
874 3828 972 3886 ΦΑΟΙ
998 3820 1028 3887 at
1052 3845 1105 3901 μιν
1128 3819 1248 3904 Δελφοὶ
1274 3819 1423 3904 Θεοδώρου

230 3933 283 3995 ποῦ
315 3927 438 4007 Σαμίου
470 3927 557 4010 ἔργον
580 3925 667 3996 εἶναι.
681 3927 790 3993 -ιιαὶ
815 3926 1044 4008 περιρραντήρια
1067 3925 1117 3994 tto
1141 3927 1267 4004 οὶνέέιριιε
1289 3926 1423 4010 χρύσεόν

231 4059 268 4104 πε
303 4035 355 4101 καὶ
388 4035 553 4118 ἀργύρεον,
585 4043 644 4103 πῶν
681 4037 724 4117 τῷ
757 4034 876 4116 χρυσέῳ
909 4032 1143 4115 ἐπιγέγραπται
1175 4034 1423 4112 Λακεδαιμονίων

232 4142 380 4227 φαμένων
415 4139 493 4209 εἶναι
529 4142 677 4224 deciduum
704 4143 757 4208 οὐκ
789 4141 876 4223 ὀρθῶς
908 4139 1071 4219 λέγονται
1104 4139 1149 4210 ἔτι
1166 4141 1235 4222 ,γὰρ
1257 4141 1310 4210 καὶ
1334 4145 1422 4208 τοῦτο

233 4249 367 4330 Κροίσου.
414 4245 601 4314 Mendosum
637 4267 708 4315 csse
738 4246 843 4314 locum
876 4253 936 4326 σῶν
967 4249 1010 4329 τῷ
1042 4247 1162 4330 χρυσέῳ
1184 4283 1230 4298 -
1251 4249 1305 4314 οὐκ
1336 4247 1422 4330 ὀρθῶς

232 4353 378 4434 λέγοντες
403 4352 610 4420 menifestum
636 4364 685 4422 est
708 4360 741 4419 et
765 4351 949 4440 quaerenda
968 4360 1022 4420 est
1047 4373 1121 4421 vera
1149 4352 1252 4420 tectio.

279 4457 430 4546 Madvigii
453 4460 672 4528 coniecturam
698 4459 799 4546 ipsam
825 4479 886 4556 non
909 4457 1121 4548 redarguam,
1145 4459 1206 4528 uisi
1228 4460 1275 4526 sic
1300 4467 1335 4527 ut
1357 4479 1421 4528 me·
