3150 4972
840 357 910 432 las

284 561 336 630 sic
373 569 431 640 lb,
462 565 516 627 bl.
539 576 595 645 pro
620 559 742 638 ὠνάμην
764 555 798 624 δέ
818 579 849 621 τι
870 555 922 623 διά
945 557 979 623 σέ
1002 564 1058 632 τῆς
1081 554 1258 634 άποδημίας
1281 553 1452 642 optimust

283 676 313 735 et
339 667 361 732 G
385 665 535 733 exhibent
559 665 739 744 ὠνησάμην,
764 671 799 729 ut
825 664 857 728 in
886 663 992 728 Puoru
1018 661 1134 729 Lexico
1156 661 1273 746 legitur
1290 660 1454 737 ὠνησασώαιε

284 772 499 856 ὠφεληθῆναι,
523 770 695 837 άπολαώειν
719 788 776 854 pro
799 766 942 843 ὠνασάαι,
967 768 1084 856 (ipsius
1108 787 1217 833 errore
1240 764 1453 854 Gramnratici,

284 879 341 965 qni
377 884 544 944 sexcentos
577 875 760 951 commisit,
796 874 827 939 in
860 873 910 938 bis
941 872 1131 940 πάλεσινε
1164 874 1361 951 ἀναλώμασιν
1386 869 1455 934 bonu

286 983 347 1050 liele
381 1005 439 1072 pro
464 981 612 1067 τέλεσιν).
660 980 725 1046 lam
760 999 835 1045 nero
863 979 998 1047 lectores
1020 979 1249 1065 elegantiores,
1273 975 1385 1065 quibus
1405 972 1455 1040 uli·

285 1089 390 1157 eunde
423 1092 608 1156 innotuerat
637 1087 784 1169 πρίασθαι
814 1105 876 1152 non
902 1087 1072 1163 ὠνήσασθαι
1096 1105 1165 1152 esse
1187 1082 1376 1158 dicendum,
1397 1084 1455 1154 ὠνη·

285 1194 390 1274 σάμην
414 1197 447 1261 in
468 1193 622 1278 ἐπριάμην
641 1195 864 1282 relingebant,
890 1190 973 1278 quod
998 1191 1073 1258 alibi
1097 1191 1233 1260 lortasse
1253 1191 1331 1257 scite
1349 1188 1455 1255 lactum

285 1309 352 1379 est,
382 1309 417 1367 al
450 1302 483 1367 in
516 1299 570 1368 illo
595 1301 680 1376 loco,
707 1311 956 1389 propterquam
982 1297 1061 1364 haec
1085 1297 1278 1375 scribimus,
1303 1294 1456 1362 infeliciter

286 1405 459 1474 admodum
494 1426 545 1473 res
579 1408 617 1473 iis
647 1409 756 1474 cessit.
805 1406 932 1491 llepoue
964 1403 1067 1490 igitur
1095 1410 1185 1470 σοώσσ
1213 1409 1290 1483 γοῦν
1311 1401 1361 1468 καὶ
1384 1398 1457 1480 pann

287 1511 447 1591 ὠνάμην
470 1519 524 1580 τοῦ
548 1519 602 1580 σοῦ
626 1514 731 1597 ἔρωτος
755 1521 788 1580 et
807 1508 939 1578 babebis
960 1508 1044 1597 quod
1065 1509 1168 1577 solum
1187 1511 1217 1576 ei
1235 1506 1457 1576 lococonrenit.

288 1619 389 1705 Saepe
421 1618 571 1686 bucrnnus
602 1617 781 1698 εἀνησάμην
804 1624 836 1683 et
859 1615 1022 1697 ὠνησάμην
1045 1625 1158 1682 contra
1183 1636 1303 1683 morem
1330 1623 1457 1682 veterum

288 1723 477 1809 usurpavit,
502 1743 663 1811 nusquam
688 1722 850 1790 infelicius
875 1741 971 1809 qulam
994 1722 1027 1787 iu
1044 1720 1239 1788 Hermotimo
1261 1727 1321 1798 20,
1343 1719 1458 1797 stupu

288 1827 447 1896 ταλάντου
481 1830 644 1910 ὠνησάμην
678 1830 713 1897 πὸ
749 1826 976 1908 πλημμέλημα
1010 1828 1097 1909 παρά
1131 1827 1260 1904 πένητος
1292 1827 1390 1908 ἀνδρὸς
1416 1826 1460 1890 σοῦ

288 1933 517 2017 Ἐχεκράπονο,
543 1935 596 2003 ubi
620 1946 652 2003 ct
676 1935 779 2002 lorma
804 1935 917 2000 vitiosa
941 1944 989 2000 est
1013 1944 1045 1999 et
1070 1933 1202 2001 uerbum
1228 1953 1292 2000 non
1316 1931 1459 1999 idoneum.
1538 1979 1539 1984 ε

290 2040 451 2108 Debuerat
474 2042 559 2106 enim
585 2040 774 2124 ἐξεπριάμην
797 2039 915 2107 ὠίσατο.
963 2039 1047 2107 Sciri
1070 2049 1178 2106 antem
1201 2038 1297 2106 lacile
1314 2045 1461 2127 poterata

290 2145 431 2234 quolibet
455 2145 571 2212 barum
598 2165 704 2213 rerum
729 2146 857 2214 curioso
881 2147 1027 2228 πρίασθαι
1044 2145 1146 2212 solum
1164 2145 1336 2233 antiquum
1355 2151 1386 2211 et
1402 2161 1461 2230 pru·

291 2252 367 2319 bum
399 2271 485 2329 esse,
519 2271 593 2317 nam
625 2251 719 2318 multi
754 2250 812 2318 boc
836 2251 974 2320 docuere
999 2253 1164 2339 magistri,
1187 2250 1262 2319 ride
1289 2243 1461 2318 Presserat
1539 2237 1540 2242 ’

290 2361 409 2426 bsnruu
444 2358 641 2424 Hsnoouuuu
677 2378 708 2445 p.
748 2363 811 2424 tta
848 2367 880 2425 et
910 2358 1025 2425 boecurt
1058 2355 1098 2422 ad
1125 2358 1325 2424 Puarnrcumr
1348 2377 1375 2444 p.
1402 2357 1462 2420 tlt.

291 2465 392 2547 Quam
417 2483 512 2550 saepe
535 2472 735 2530 correctores
759 2466 956 2530 mutaverint
979 2467 1010 2529 in
1033 2463 1202 2532 bucianeis
1221 2463 1343 2531 lormas
1362 2464 1462 2546 imprc·
1540 2517 1541 2558 3

290 2571 347 2636 bas
382 2568 614 2636 sincerioribus
649 2568 733 2636 inira
769 2571 831 2637 erit
866 2569 1055 2637 ostendendi
1091 2568 1191 2634 locus.
1241 2568 1362 2637 Addam
1391 2581 1464 2632 nunc

291 2677 398 2762 potius
423 2675 553 2741 verbum
579 2693 618 2740 ex
643 2676 778 2741 ὠνεῖσθαι
799 2678 1032 2762 compositum,
1056 2675 1139 2762 quod
1161 2675 1388 2762 propemodum
1407 2673 1464 2736 sinc

290 2781 425 2866 vestigio
450 2780 564 2866 periit:
587 2789 639 2848 est
658 2791 767 2848 autem
788 2782 988 2860 inauriatur,
1012 2782 1106 2847 cuius
1126 2771 1464 2862 aoristusenslatapull

291 2887 533 2953 Tseorunusrou
555 2885 710 2954 θάλασσαι.
732 2886 787 2953 lll.
814 2887 1087 2969 ὠποπρΙασάαι
1110 2889 1206 2970 φίλον
1226 2889 1385 2968 ἐπιλαβὼν
1397 2887 1464 2950 circ·

291 2993 412 3071 aletes,
445 2991 515 3079 lege
545 2989 617 3059 εἶτα
652 2991 960 3072 unaccountable.
1008 2991 1091 3073 Quid
1116 2992 1278 3078 significet
1302 2991 1465 3061 ὠπανεῖσώαι

291 3096 472 3164 luculenter
502 3097 669 3184 apparebit
703 3120 720 3164 e
745 3098 841 3164 verbo
865 3097 1047 3174 simillimo,
1070 3096 1155 3185 quod
1180 3099 1373 3186 negligentia
1397 3093 1467 3162 scri·

292 3203 408 3270 barum
440 3209 472 3268 et
498 3203 633 3268 Bsuunru
656 3204 890 3286 παραδιορώὠσει
914 3203 1007 3291 plane
1030 3205 1143 3289 periit,
1168 3205 1222 3273 serl
1248 3201 1281 3272 in
1306 3209 1401 3273 vitam
1424 3221 1465 3266 re·

292 3307 401 3374 noceri
423 3317 512 3375 certo
535 3306 677 3375 remedio
702 3319 814 3396 potest.
862 3309 980 3377 Editur
1001 3309 1033 3374 iu
1053 3309 1220 3378 Puerorum
1240 3314 1465 3396 cncrepuerunt

291 3419 435 3498 σοφιςιιορῑ
468 3414 500 3479 in
533 3413 666 3481 barrem
692 3415 807 3482 Anecd.
833 3416 857 3483 l.
882 3438 913 3504 p.
939 3421 1002 3492 67,
1029 3421 1082 3482 52.
1106 3418 1325 3500 ὠπεροψανεῖνε
1348 3419 1381 3484 rl
1402 3418 1468 3494 άρι-

290 3518 432 3602 ράζονπάς
462 3543 539 3597 τινος
563 3518 637 3602 ὄψον
661 3517 761 3604 ἕτερον
783 3531 821 3607 τῇ
845 3533 922 3606 roupi
949 3523 1188 3605 ὑπερβάλλοντα
1212 3526 1362 3593 ὠνεῖσθαι.
1392 3521 1470 3586 ’θετ-

291 3627 456 3694 tissimum
479 3635 529 3693 est
552 3627 723 3708 ὑποφωνεῖν
747 3647 860 3694 rerum
883 3647 973 3708 esse,
999 3629 1083 3716 quod
1107 3650 1169 3697 uon
1190 3639 1318 3698 tontum
1337 3625 1468 3710 analogia

291 3740 433 3818 praestat
462 3731 573 3799 sedet
596 3731 723 3799 Codicis
749 3733 835 3800 urrici
861 3735 1023 3822 scriptura
1048 3735 1218 3819 ὑποψδνην,
1242 3740 1294 3804 cui
1320 3735 1469 3822 vulgatam

291 3838 330 3906 de
354 3858 413 3905 suo
438 3839 598 3905 Brunenus
632 3838 819 3918 substituit,
843 3840 946 3908 obiter
968 3841 1093 3910 bexiois
1116 3842 1333 3910 eximendam.
1382 3837 1470 3904 Viden

290 3943 324 4010 id
349 3944 455 4032 ipsum
480 3944 657 4030 essequod
679 3945 916 4013 Turonuunsrus
935 3946 1015 4014 dicit
1035 3950 1257 4031 ὠποπρίασώαι,
1282 3945 1367 4036 quod
1381 3959 1472 4033 genus

291 4058 340 4118 est
365 4050 532 4133 βδελυρίας
556 4051 744 4119 etiamnunc
769 4053 850 4118 salis
874 4060 985 4120 notum
1010 4065 1042 4121 et
1064 4053 1228 4142 frequens.

338 4157 616 4239 Quemadmodum
650 4158 800 4225 Lucienus
829 4162 1013 4246 promiscue
1037 4161 1215 4242 ἐονησάμην
1241 4159 1425 4250 (ὠνησάμην)
1446 4159 1473 4220 el

291 4265 444 4348 ἐπριάμην
477 4266 524 4332 uti
560 4264 660 4344 solet,
685 4265 733 4331 sic
758 4265 787 4331 ei
812 4264 945 4351 perintle
969 4277 1018 4335 est
1045 4275 1153 4335 utrum
1178 4270 1262 4347 λησα
1285 4289 1325 4335 an
1349 4267 1473 4345 λησιμαν

291 4372 398 4454 dicat,
423 4391 621 4459 quamquam
647 4368 727 4437 illud
747 4369 849 4437 solum
870 4373 1004 4459 probum
1025 4383 1093 4452 est,
1114 4374 1173 4442 hoc
1195 4375 1355 4443 novicium
1369 4382 1474 4457 etpra-

291 4498 380 4546 vum.
427 4477 560 4565 Legitur
588 4483 650 4557 lb,
680 4481 731 4545 ll.
755 4479 794 4552 ὠι
819 4479 854 4555 δη
878 4482 1012 4549 ἐνταῦθα
1035 4483 1197 4564 λησόμενοι
1217 4484 1286 4559 ποὺς
1306 4477 1475 4558 πολεμίους,
