3178 4972
710 397 757 474 13

133 597 218 684 μόνῳ
241 597 400 683 rantra
417 597 478 664 κσὲ.
506 616 583 666 uam
607 597 687 682 adep
709 599 825 687 incipit
848 619 867 668 a
889 599 1031 670 rubrica.
1069 601 1158 671 Idem
1183 625 1335 694 compen·

135 705 230 774 dium
256 731 297 772 κσ
320 705 579 792 suprascriptum
610 704 742 795 syllabis
769 717 859 786 Δημο
882 746 927 758 -
951 711 1076 797 peperit
1100 709 1191 777 uobis
1215 731 1333 779 novum

135 813 355 900 scriptorem,
387 830 484 898 quem
517 831 612 878 nemo
643 818 787 878 veterum
821 833 973 900 umquam
999 814 1167 883 aeliando
1190 818 1334 899 audivit,

137 919 357 986 liruocnrrsu.
409 917 489 998 Quis
520 919 554 982 in
586 937 624 985 ea
654 919 817 1004 scriptura
854 919 951 986 lateat
986 941 1124 1009 magnus
1154 932 1187 990 et
1220 923 1335 992 nobilis

137 1024 351 1114 philosophus
378 1025 426 1092 vel
461 1043 546 1091 unus
578 1022 631 1091 laic
664 1025 753 1090 locus
783 1023 958 1092 declarabit
983 1027 1015 1094 iu
1042 1029 1187 1116 Appocd.
1212 1050 1243 1118 p.
1270 1034 1333 1097 755

137 1130 378 1215 Δημοκράτους
410 1134 427 1209 οἱ
451 1130 546 1214 φύσις
570 1131 622 1197 rui
648 1133 666 1207 ἡ
689 1132 803 1214 διδαχὴ
827 1134 1046 1212 παραπλήσιόν
1068 1135 1126 1205 det.
1152 1135 1205 1202 nai
1228 1136 1292 1218 γὰρ
1316 1138 1334 1213 ἦ

137 1240 256 1321 διδαχὴ
287 1237 373 1317 μετὰ
404 1240 521 1319 §voert
554 1238 607 1304 riv
631 1235 799 1320 ἄνθρωπον,
833 1238 1057 1322 μοσσὶριισμοῦ
1081 1239 1231 1326 δὲφύσις
1255 1249 1339 1310 ποιεῖ

140 1344 249 1435 (ποιέει
284 1343 371 1432 lep).
426 1342 505 1424 Quis
540 1342 618 1410 baec
652 1353 779 1429 praeter
810 1343 993 1410 abdemium
1025 1345 1220 1413 bruocnrruu
1254 1347 1335 1413 scri·

138 1453 244 1539 psisse
269 1449 393 1536 potest?
425 1448 625 1518 confidenter
656 1451 757 1537 igitur
791 1450 995 1518 lisnocarrcu
1018 1450 1110 1518 illum
1135 1451 1254 1539 passim
1278 1471 1335 1520 ex·

138 1541 316 1646 pellemus,
340 1565 376 1622 ut
400 1555 592 1622 lieuocntrus
616 1555 745 1624 tandem
769 1554 942 1644 aliquando
965 1576 1022 1623 sua
1048 1565 1232 1645 recuperet.
1275 1558 1335 1626 lin·

138 1663 215 1731 dem
240 1661 335 1728 modo
359 1672 391 1730 at
415 1662 499 1728 alius
523 1661 731 1750 philosophus
755 1683 841 1730 nunc
865 1662 942 1730 latet
966 1663 1000 1728 in
1019 1682 1056 1730 eo
1076 1663 1224 1744 nomine,
1250 1663 1334 1752 quod

139 1772 170 1838 ei
196 1769 341 1857 imperiii
365 1768 490 1835 scribae
513 1770 749 1856 imposuerunt.
797 1769 832 1835 ln
858 1768 967 1836 codice
991 1777 1048 1836 aut
1070 1769 1190 1852 ρδδιιρος
1213 1769 1336 1838 dicitur

139 1884 200 1944 aut
222 1873 353 1957 ιροδωρος
377 1883 433 1940 aut
457 1873 595 1961 denique
618 1875 797 1958 Ἡρόδωρος,
823 1873 918 1962 idque
942 1876 971 1942 ei
996 1895 1112 1942 nornen
1133 1874 1280 1944 adhaesit
1301 1877 1335 1944 iu

139 1981 283 2068 Appeud.
298 2001 331 2068 p.
345 1984 429 2058 689,
451 1985 471 2046 d
491 1990 523 2047 et
546 1985 628 2058 755,
654 1987 708 2048 67.
743 1981 860 2050 Verum
883 2001 997 2048 nomen
1020 2001 1057 2048 er
1081 1982 1202 2065 pdiupoe
1221 2002 1335 2051 eruen-

139 2087 220 2156 dum
245 2096 313 2164 cst,
337 2089 390 2154 cui
414 2106 474 2152 non
496 2086 615 2153 vocalis
635 2087 741 2174 aliqua
765 2096 835 2154 erat
855 2087 1056 2175 adaptanda,
1081 2088 1137 2154 scd
1158 2088 1334 2167 litteraM,

140 2201 174 2266 iu
200 2219 263 2287 qua
288 2199 451 2285 scriptura
475 2181 621 2282 ριρόδορος
636 2198 834 2305 pervulga-to
858 2217 948 2305 more
965 2199 1151 2306 scribarum
1175 2201 1259 2267 inest
1280 2222 1335 2268 uo-

139 2334 217 2382 meu
239 2314 457 2398 Mundiores,
492 2333 607 2401 nempe
629 2339 711 2396 μοι,
742 2314 834 2396 arie,
866 2313 936 2396 ari.
960 2339 1025 2398 aaa
1051 2336 1107 2403 ew
1129 2317 1249 2402 aime,
1272 2343 1336 2400 ιοι·

138 2418 209 2503 rede
233 2428 296 2487 etc.
321 2417 463 2487 librariis
484 2421 581 2487 etiarn
607 2421 802 2507 pervetustis
827 2419 902 2487 trita
923 2428 1009 2487 sunt.
1034 2421 1138 2493 Sobel.
1157 2426 1199 2492 cd
1223 2425 1334 2513 Odprs.

139 2557 173 2602 οι.
199 2537 264 2600 275
288 2542 327 2617 τῇ
352 2532 475 2617 ἆρχσίρι
498 2532 638 2616 συνηθείᾳ
658 2532 838 2617 trimam
861 2515 934 2617 ᾖ).
961 2535 1119 2603 Similiter
1140 2521 1219 2621 r-np,
1243 2521 1334 2623 οἶρό-ς,

139 2629 213 2730 xit,
245 2631 328 2729 σρῖι,
360 2629 415 2728 ἦρ
439 2655 471 2712 et
495 2647 673 2733 composita
705 2657 761 2714 aut
789 2646 935 2714 derivata
960 2648 1079 2715 multas
1102 2670 1197 2738 saepe
1222 2651 1334 2719 turbas
1359 2705 1360 2710 ι

139 2751 318 2831 dederunt,
344 2751 522 2839 dequibus
545 2753 608 2819 alio
631 2753 699 2820 loco
721 2753 877 2822 dicemus.
927 2754 1071 2841 lienique
1096 2777 1192 2824 suum
1218 2780 1334 2827 nomeu

139 2859 331 2928 restitutum
357 2866 406 2924 cst
429 2860 480 2938 ei,
515 2861 571 2945 qui
595 2859 627 2924 in
653 2858 763 2926 codice
787 2861 909 2934 Κιιθέος
933 2861 947 2926 i
971 2867 1202 2941 Μασσαλιήτης
1226 2865 1333 2952 appel-

137 2965 239 3032 latur.
287 2963 390 3031 Notus
415 2963 509 3031 bomo
531 2973 579 3032 est
604 2973 636 3031 et
661 2965 781 3032 maritos
804 2967 879 3032 olinr
906 2965 1031 3053 decepit
1054 2968 1174 3044 Πυθέας
1199 2971 1213 3037 i
1236 2979 1334 3038 Μοισ-

138 3071 316 3148 canimus,
342 3089 438 3156 quem
462 3069 650 3137 Garsronous
670 3070 798 3138 reduxit
823 3094 851 3159 p.
874 3077 951 3140 774.
985 3057 1072 3140 ldein
1095 3097 1125 3164 p.
1147 3080 1211 3144 775
1232 3088 1332 3146 neco·

136 3175 260 3260 ralpxou
283 3176 371 3242 eruit
394 3195 432 3242 ex
458 3176 641 3250 σλούσοοος.
688 3175 774 3243 Satis
797 3188 931 3264 apparet
953 3199 990 3246 ex
1016 3181 1056 3247 iis
1080 3201 1161 3269 quae
1185 3183 1334 3252 dedimus

138 3281 307 3360 codicem,
333 3281 419 3348 unde
442 3281 644 3349 Florentium
667 3281 849 3369 descriptus
872 3291 938 3363 est,
962 3306 1020 3373 pcr
1043 3289 1232 3376 compendia
1254 3293 1334 3357 scri·

138 3397 233 3478 ptum
268 3386 370 3454 inisse
393 3398 424 3454 ct
451 3408 552 3454 rrexus
584 3388 766 3456 litterarum
799 3388 1037 3471 intricatiores,
1069 3396 1111 3460 iis
1136 3397 1248 3483 utique
1276 3398 1333 3484 qai

139 3513 308 3582 nunquam
334 3493 485 3562 viderunt
509 3505 565 3562 aut
589 3515 651 3562 non
677 3504 810 3583 possunt
835 3497 918 3575 ista,
943 3501 1036 3585 quasi
1055 3498 1190 3568 lacunae
1209 3501 1333 3582 iorent,

138 3611 230 3670 certa
253 3603 454 3668 correctione
487 3601 646 3690 supplere.
695 3601 825 3668 Saralos
855 3621 951 3689 quam
977 3623 1070 3691 saepe
1093 3614 1125 3672 et
1148 3625 1246 3693 quam
1271 3609 1333 3674 inr-

138 3709 245 3796 pcrite
269 3707 366 3773 iniis
391 3705 529 3774 haeserit
556 3708 632 3794 quid
654 3708 784 3797 prodest
803 3709 993 3776 ostenderet
1026 3709 1199 3798 Aliquanto
1220 3713 1333 3780 utilius

137 3817 204 3882 erit
227 3811 473 3892 demonstrare,
506 3822 664 3901 quantum
697 3815 850 3882 vitiorum
874 3823 906 3883 et
928 3835 1075 3882 errorum
1101 3817 1129 3883 is
1152 3818 1222 3905 ipse
1246 3838 1332 3886 eorn-

139 3921 284 3998 miserit,
304 3920 360 4006 qui
382 3921 551 4008 antiquum
572 3920 690 3987 librum
713 3920 930 4000 describebat,
950 3942 988 3989 ex
1009 3923 1170 3991 scribendi
1184 3945 1333 4013 compen·

138 4025 204 4092 diis
228 4045 290 4092 uon
317 4025 501 4092 intellectis.
538 4027 663 4114 Ecquid
688 4030 792 4115 magis
815 4027 989 4095 ridiculum
1012 4049 1083 4096 esse
1107 4040 1208 4118 potest
1233 4052 1331 4119 quam

139 4139 191 4197 est
213 4128 266 4196 bic
291 4131 380 4196 locus
408 4131 573 4211 Petronis,
599 4151 695 4218 quem
719 4133 859 4219 primunr
880 4153 994 4201 sanum
1016 4155 1173 4222 apponam
1192 4157 1230 4203 er
1252 4137 1333 4205 libro

138 4237 180 4302 de
204 4235 352 4324 Leqqdl.
379 4256 408 4323 p.
423 4241 500 4304 672.
524 4237 675 4322 ἐντούτῳ
698 4240 733 4315 ti
752 4244 794 4322 τῷ
814 4239 954 4323 χρόνῳ,
979 4235 1049 4325 ἐοῷ
1067 4242 1161 4322 μύσει
1184 4243 1333 4321 adurerer

139 4343 198 4418 ripa
220 4343 332 4410 riselam
356 4342 511 4426 Φρόνησιν.
546 4344 711 4412 Librarius
734 4355 843 4412 autern
869 4346 1034 4415 bonafide
1058 4347 1162 4416 dedit:
1186 4350 1217 4416 ir
1235 4351 1352 4434 τούτῳ·
