3086 4974
672 365 743 438 497

115 557 146 622 in
170 564 334 622 oratorum
358 575 493 622 nurnero
517 561 739 625 contineretur
761 567 793 626 et
819 561 884 646 inse
908 559 969 624 stoi
993 556 1209 624 nralediceret.
1239 553 1300 623 Ne·

114 681 175 749 qne
199 669 286 728 reete
311 659 405 728 hahet
429 661 599 730 verborum
621 673 786 731 structura
810 666 840 732 in
866 666 923 732 ὑπὸ
946 671 1005 730 τῶν
1028 663 1153 746 ρητίρινν
1177 661 1269 728 ἐνίων.

159 767 196 833 ln
223 771 240 852 §
267 770 342 834 132.
366 767 380 832 ὃ
403 775 462 834 τῶν
485 772 605 850 Περσῶν
629 769 883 849 βασιλεὺς-οὒ
908 771 975 852 περὶ
998 775 1052 836 τοῦ
1075 769 1171 850 ι’νύριος
1196 764 1301 848 ἑτέρων

113 869 202 940 είνΑΙ
235 873 468 956 Δίαγιινίζεται
498 877 574 942 ἀλλ’
607 875 661 953 ἤδη
695 877 761 959 περὶ
792 883 849 951 τῆς
879 881 933 944 τοῖν
963 875 1106 956 σώματος
1136 873 1299 953 σωτηρίας.

115 979 196 1045 Vera
220 977 315 1045 lectio
339 988 388 1046 est
410 977 488 1046 εἶναι
512 980 727 1063 ’λγυνίζεται
754 981 934 1070 Utripinres
958 983 1043 1048 inter
1063 1001 1096 1047 se
1118 979 1156 1045 de
1174 977 1301 1067 palma,

114 1083 153 1152 de
184 1085 327 1172 praemio
358 1085 542 1152 contendant
574 1087 822 1171 διαγωνίζονται,
857 1087 908 1155 uhi
936 1107 1020 1154 anns
1041 1085 1227 1172 decapite,
1261 1081 1301 1149 de

114 1190 237 1269 salute,
270 1189 310 1256 rlc
342 1191 432 1257 lronis
463 1192 613 1260 omnibus
642 1194 771 1260 dimicat
792 1193 989 1274 νίγαιίζεται.
1037 1192 1103 1258 Rex
1128 1191 1299 1257 Persarum

115 1295 236 1363 dicitnr
259 1297 323 1363 iarn
348 1317 409 1364 non
433 1299 472 1364 de
486 1299 636 1385 imperio,
660 1299 714 1367 sed
738 1300 777 1366 cle
795 1299 895 1366 solnta
913 1298 1075 1366 dimicare.
1099 1296 1196 1362 Vides
1216 1293 1301 1361 node

115 1403 230 1470 vitium
265 1414 376 1469 natum
409 1405 462 1472 sit.
511 1405 587 1473 Sine
619 1406 735 1472 rnenilo
766 1394 933 1492 legitnr‘5
967 1408 1042 1470 154.
1072 1401 1139 1484 περί
1163 1410 1219 1478 τῆς
1242 1401 1302 1466 τῶν

115 1508 269 1585 Ἑλλήνων
293 1511 461 1589 ἡγεμονίας
487 1512 705 1594 ’Λγυνίζεται,
732 1520 765 1578 et
788 1511 865 1578 alilri
890 1510 1019 1598 passim.
1056 1506 1301 1589 Διαγυνίζεείαι

115 1613 270 1681 dicuntur
301 1616 397 1682 etiarn
433 1617 478 1683 illi
511 1621 566 1705 qui
597 1617 637 1683 de
666 1639 789 1684 stimmo
812 1639 918 1684 τετινννι
942 1615 1138 1690 decernunt,
1163 1621 1199 1678 ut
1223 1612 1299 1696 in§

121 1724 181 1786 rtt
202 1729 234 1785 et
257 1725 338 1802 148,
364 1721 418 1789 sed
440 1721 591 1790 dimicare
609 1732 659 1790 est
676 1724 879 1807 νίγοινίζεοίαι
899 1731 931 1790 et
943 1707 1118 1788 κινδυνεύειν
1131 1718 1200 1800 περί
1211 1741 1301 1790 τινος.

161 1825 196 1893 ln
228 1830 244 1911 §
276 1831 350 1894 145.
382 1834 440 1893 τῶν
463 1829 507 1902 είς
533 1827 585 1894 τὸν
607 1828 744 1908 πίλεμον
766 1828 981 1907 νίναλιιμιίταν
1004 1827 1046 1892 τὰ
1071 1827 1128 1904 μὲν
1151 1824 1201 1890 δύο
1224 1823 1301 1905 μέρη

116 1935 187 2012 ὑμῖν
218 1933 397 2012 ’ΛΝέίηιιε,
418 1971 462 1986 -
480 1935 515 2000 τὸ
538 1933 569 2001 δὲ
589 1936 687 2016 τρίτον
709 1935 798 2016 μέρος
824 1935 993 2015 Θηβαίοις,
1026 1939 1187 2018 expuncta
1213 1947 1301 2016 prae·

114 2038 273 2128 positione
304 2038 510 2106 scribendum
542 2042 614 2120 ὑμῖν
640 2045 812 2120 ''eoittte,
838 2039 920 2128 qnod
944 2039 976 2106 in
1003 2037 1062 2104 lrao
1087 2056 1121 2103 re
1146 2036 1301 2103 usitatum

114 2156 146 2214 et
171 2147 390 2212 necessarium
415 2144 548 2212 rerburn
573 2155 633 2213 est.

161 2252 236 2318 Post
267 2271 368 2338 panca
405 2271 460 2338 pro
492 2253 517 2319 si
549 2256 594 2332 μίν
625 2252 674 2319 δεῖ
696 2261 798 2334 ληρείν
826 2251 934 2319 verbis
955 2249 1162 2340 transpositis
1185 2247 1254 2333 lege
1278 2247 1303 2312 εί

116 2357 165 2422 δεῖ
193 2359 237 2437 ol
266 2366 376 2439 ληρεῖν.
409 2356 467 2423 hoo
500 2359 586 2424 enim
618 2366 650 2424 et
682 2359 727 2424 rei
762 2367 879 2426 natura
911 2357 1050 2445 postolat
1077 2366 1110 2423 et
1133 2354 1304 2422 confirmat

118 2463 313 2548 scriptorum
347 2483 435 2530 osus.
477 2463 707 2531 Demosthenes
737 2464 776 2530 ιία
809 2464 877 2530 Cor.
912 2485 942 2551 p.
969 2467 1051 2542 325,
1081 2468 1108 2527 t.
1140 2463 1165 2528 εί
1189 2455 1238 2527 δεῖ
1258 2461 1303 2539 μίν

117 2575 227 2651 ληρεῖν.
252 2568 290 2634 de
313 2568 400 2636 Fols.
426 2569 500 2658 Leo.
527 2592 556 2656 p.
583 2575 667 2650 tas,
694 2575 726 2636 t.
751 2575 857 2636 ταῦτα
880 2570 914 2646 νίς
938 2571 992 2645 τίρν
1017 2569 1188 2650 Δήμητρα,
1212 2568 1239 2633 εί
1258 2565 1306 2632 δεῖ

118 2675 162 2754 μίν
185 2683 305 2757 ληρεῖν,
331 2677 502 2756 εὐλαβείας
526 2679 559 2744 οὐ
582 2680 694 2760 μιαροῖς
719 2678 836 2765 δεῖται,
858 2684 891 2742 et
913 2675 986 2742 aliis
1009 2675 1097 2741 loeis

164 2781 198 2847 ln
225 2785 242 2867 §
272 2786 343 2849 148.
369 2784 590 2849 Φιλίππου-
610 2785 796 2864 πρεεβείΛΟ
819 2783 1004 2853 ἀποτίλλειν
1027 2781 1213 2860 μέλλοντος,
1236 2778 1303 2845 irno

117 2907 193 2952 rero
215 2885 403 2970 τρίεβθίο,
424 2885 615 2975 legationem
640 2911 735 2954 ιιινιιιιι
755 2889 915 2955 missurus
935 2894 1005 2954 crat
1027 2884 1067 2952 ad
1085 2883 1302 2952 omncsGrao·

117 3013 190 3072 cos,
215 2995 271 3080 qui
297 3013 386 3060 arrna
411 2995 686 3062 consociaverant.

164 3099 199 3166 ln
225 3102 242 3184 §
271 3104 343 3166 156.
368 3093 437 3174 τοῦς
461 3104 674 3185 ταλαιπώρους
700 3099 877 3180 Θηβαίους,
901 3097 949 3172 οὓς
972 3096 1135 3182 Φυγόντας
1159 3097 1210 3164 διὰ
1233 3103 1305 3165 τοῦ·

116 3229 168 3272 τοι
201 3205 384 3286 ὑποδίδεχίε
414 3217 454 3290 τῇ
485 3207 592 3285 πίλει,
625 3207 784 3274 sententia
815 3204 954 3292 postulat
987 3214 1206 3284 Φθῒγοντας,
1230 3226 1304 3271 emu-

117 3315 234 3392 lontes,
259 3323 400 3378 extorres
420 3313 537 3398 petria.

163 3418 342 3505 Expnnctis
375 3426 421 3484 tot
453 3417 655 3486 emblematis
682 3437 769 3485 nono
792 3425 905 3484 contra
929 3416 1019 3483 iurat
1042 3435 1125 3503 quae
1148 3415 1223 3483 olim
1250 3437 1305 3504 pe·

119 3523 245 3591 flerunt
275 3522 434 3611 supplere.
469 3523 587 3591 Editur
612 3527 629 3611 §
657 3529 730 3593 159.
756 3522 949 3602 Δημοσθένης
974 3524 1008 3590 οὖ
1032 3523 1088 3598 τίιν
1108 3522 1171 3589 oiri
1195 3546 1306 3605 τραπο-

119 3629 208 3697 πίδου
242 3629 330 3709 μόνον
364 3628 455 3707 τοίξιν
490 3629 595 3697 ἔλιπεν
629 3631 718 3698 ἄλλα
751 3631 804 3696 καί
835 3631 891 3706 την
922 3631 956 3696 ἐκ
987 3637 1042 3706 τῆς
1073 3627 1191 3703 πόλεως
1205 3677 1305 3696 .....

118 3736 219 3817 τριήρη
242 3737 426 3817 προσλαβὼν
450 3736 531 3814 ὑμῶν
554 3736 607 3802 καί
631 3738 700 3812 τοὺς
717 3739 876 3812 Ἕλληνας
896 3735 1151 3818 ἠργυρολόγησεν.
1177 3735 1212 3801 ln
1233 3755 1306 3802 ean·

119 3838 191 3907 dent
228 3842 419 3908 sententiam
456 3840 539 3908 dixit
574 3845 593 3928 §
619 3847 694 3910 atto.
730 3843 819 3910 ἔλιπε
851 3844 907 3922 μὲν
938 3844 993 3918 την
1023 3842 1086 3908 olari
1118 3841 1305 3925 ερατοπέδου

118 3943 226 4024 τοίξιν,
247 3947 365 4030 νίπίδρα
387 3949 415 4014 δ’
438 3949 472 4015 ἐκ
495 3959 551 4026 τῆς
574 3947 704 4024 πόλεως.
741 3947 833 4016 Nune
857 3947 977 4015 dixisse
1001 3955 1129 4034 putem:
1151 3987 1196 4000 -
1217 3948 1306 4028 τοίξιν

118 4052 223 4121 ἔλιπεν
254 4054 342 4120 ἄλλα
373 4053 425 4121 καί
456 4057 511 4132 τίιν
534 4055 693 4145 (πατρίδα
723 4054 935 4134 ἐγκατέλιπε·
960 4054 1125 4134 γενομένης
1156 4055 1220 4139 γιὶρ
1250 4062 1306 4132 της

118 4165 281 4245 συμφορᾶς
306 4161 393 4236 εὐθὺς
417 4159 511 4244 ᾤχετ’
535 4162 644 4252 οίπιίιν)
671 4163 705 4230 εἰς
727 4169 785 4239 τῆς
808 4159 925 4234 πόλεως
947 4161 1013 4226 ert.

163 4268 199 4334 ln
227 4270 244 4352 §
270 4271 346 4332 165.
370 4269 397 4333 εί
420 4267 482 4349 γιίρ
505 4290 551 4333 τοι
565 4275 794 4348 -πολεμιινιῖνς
818 4263 904 4349 εἶχεν
930 4264 1044 4354 [ὥσπερ
1057 4267 1110 4334 ναί
1120 4267 1215 4354 φησι]
1234 4267 1307 4348 πρὸς

118 4372 318 4456 Ἀλέξανδρον
342 4392 541 4460 supervacua
564 4381 596 4441 et
621 4373 753 4442 molesta
777 4372 873 4440 rerba
898 4372 1080 4440 deleverim.

165 4477 202 4545 lo
235 4481 253 4564 ς
287 4483 362 4546 tta.
399 4476 487 4545 οίετί*
516 4477 555 4544 ίιν
577 4503 672 4559 ποτε,
704 4478 849 4564 ὦίίνδρες
876 4480 1046 4559 Ἀθηναῖοι,
1071 4478 1218 4555 ίίελῆεαί
1239 4499 1309 4545 τινα

1129 4587 1162 4633 aa
