3150 4972
827 357 873 428 96

255 571 363 618 rerum
394 559 427 617 et
460 554 618 618 sermonis
649 553 836 638 peritissimi
866 571 902 618 ex
935 547 1085 617 absurdis
1110 549 1280 634 scripturis
1311 546 1430 614 elicient

253 679 357 724 veras.
382 657 443 737 Qui
465 656 672 724 librariorum
695 660 922 726 auctoritatem
942 666 975 724 et
1001 655 1093 722 bdem
1117 655 1244 720 criticis
1261 659 1431 740 opponunt,

252 762 425 830 defendant
458 773 490 829 et
525 773 678 833 tueantur
708 791 834 832 εκτοοσιν
864 769 929 844 pier
962 783 1018 849 pro
1042 761 1212 842 ἔγκτασιν,
1237 761 1359 826 τοθολοι
1382 775 1432 844 pro

252 871 392 947 πόθοδον,
418 893 571 950 ταρατοισ
595 892 653 958 pro
678 872 823 954 πράτοις,
847 868 1020 938 defendant
1045 867 1141 934 iidem
1174 864 1431 946 τυμτνευτθντυν,
1539 871 1540 876 ’

253 975 337 1062 quod
363 977 394 1041 in
420 975 533 1042 iisdem
557 975 647 1044 libris
671 987 738 1054 est,
765 999 822 1066 pro
846 976 1122 1057 συμπνευσάντων,
1148 983 1205 1040 aut
1228 975 1255 1038 si
1276 971 1308 1038 id
1326 992 1344 1038 a
1364 989 1433 1036 sano

254 1089 373 1168 negant
405 1081 473 1148 lieri
506 1102 616 1167 posse,
651 1103 753 1170 aequo
776 1087 885 1150 animo
911 1085 1076 1172 patiantur
1110 1079 1296 1146 manifestos
1318 1093 1433 1143 errores

254 1185 409 1254 adversus
440 1190 584 1268 omnium
618 1189 773 1258 librorum
806 1189 935 1254 dubiam
968 1196 1000 1254 et
1026 1187 1177 1254 Punicam
1203 1183 1297 1251 iidem
1327 1181 1433 1269 ubique

254 1293 322 1359 tolli
345 1302 377 1360 et
397 1293 579 1372 enrendari,
604 1305 635 1362 et
660 1296 842 1380 intelligant
866 1294 1026 1382 denique,
1051 1293 1122 1380 plus
1145 1312 1214 1359 esse
1238 1289 1386 1379 praesidii
1404 1289 1432 1353 ln

255 1402 353 1466 unius
377 1401 463 1466 acuti
488 1408 521 1466 et
550 1403 706 1488 ingeniosi
732 1403 840 1468 critici
865 1421 942 1466 sano
966 1399 1084 1465 iudicio
1110 1397 1274 1485 solidaque
1298 1394 1432 1461 doctriua

255 1527 350 1593 quam
377 1509 409 1572 in
442 1508 566 1572 acervis
590 1507 737 1574 codicum
762 1507 802 1574 ab
828 1507 965 1572 inductis
988 1515 1018 1572 et
1045 1503 1170 1570 stolidis
1193 1503 1432 1588 descriptorum.

300 1611 540 1680 universiculo
565 1614 596 1678 iu
622 1614 706 1680 viam
727 1613 823 1680 redeo
845 1613 884 1678 ad
911 1611 987 1678 illud
1012 1609 1097 1698 quod
1116 1609 1281 1684 dicebam,
1307 1606 1434 1696 particu-

256 1718 317 1785 lam
351 1717 388 1783 άν
422 1717 475 1783 ubi
508 1719 614 1784 verbis
641 1718 767 1801 νομίζω,
800 1719 895 1798 δοκῶ,
928 1714 1034 1796 οἶμαι,
1070 1720 1226 1796 ἡγοῦμαι,
1251 1713 1364 1797 θλτθζω
1386 1717 1436 1776 aul

255 1821 415 1888 similibus
440 1823 633 1892 infinitivum
660 1824 851 1892 habentibus
874 1823 983 1889 addita
1006 1832 1054 1889 est
1079 1821 1118 1887 ad
1143 1821 1340 1887 infinitivum
1365 1815 1436 1884 relc-

256 1929 388 1996 reudam
409 1950 492 1997 esse:
518 1933 669 1998 vitiosum
695 1940 743 1996 est
766 1932 868 2017 igitur
892 1933 954 2005 49,
985 1933 1035 1994 ¹7.
1059 1930 1120 2008 ἐγὼ
1145 1929 1202 2007 μὲν
1226 1929 1298 2007 ὑμῖν
1319 1925 1437 2007 ἔγραψα
1540 1963 1541 1968 1

255 2037 325 2108 τοὺς
359 2035 485 2115 νθμους,
523 2035 598 2110 οἵους
627 2035 672 2104 θον
699 2035 783 2120 ᾤμην
812 2035 1074 2119 ὠφελιμωτάτους
1110 2033 1231 2101 ἔσεσθαι
1262 2043 1303 2117 τῇ
1340 2032 1436 2106 rinei,

256 2143 332 2229 quia
357 2141 478 2208 irrotat
504 2141 542 2208 άν
567 2141 629 2208 dici
658 2161 719 2207 uon
746 2149 850 2230 potest
873 2149 905 2208 et
930 2141 968 2206 άν
992 2140 1252 2228 expungendum.

300 2247 458 2322 Libram,
485 2250 539 2335 qui
560 2258 626 2316 tam
649 2247 760 2315 sedulo
780 2249 909 2314 aoristis
927 2267 1000 2315 cum
1020 2245 1058 2313 θν
1075 2247 1256 2313 coniunctis
1273 2244 1437 2312 substitue-

256 2352 334 2418 bant
357 2351 484 2431 lutura,
508 2363 619 2421 contra
637 2353 776 2422 assolent
798 2353 917 2421 luturls
938 2353 1136 2420 substituere
1158 2352 1294 2418 aoristos
1316 2349 1438 2416 conluu-

256 2458 334 2524 etivi
359 2466 429 2545 post
452 2461 712 2527 coniunctionem
738 2456 871 2533 irroret
894 2463 949 2538 rte,
974 2479 1056 2544 quae
1072 2456 1155 2545 apud
1171 2457 1365 2524 recentiores
1379 2473 1436 2520 sae·

255 2565 387 2651 pissime
412 2585 468 2652 pro
488 2563 567 2641 ὅπως
593 2577 780 2655 usurpatur.
806 2567 863 2634 Est
885 2566 942 2633 hoe
964 2567 1080 2631 vitium
1107 2567 1139 2630 in
1165 2564 1277 2652 paucis
1298 2561 1439 2648 frequen·

256 2672 418 2737 tissimum
451 2671 536 2760 apud
560 2695 683 2751 omnes,
712 2673 859 2740 inlibris
883 2673 1047 2752 omnihus,
1073 2671 1170 2736 etlam
1197 2665 1437 2741 vetustissimis,

256 2777 310 2844 sed
335 2781 453 2845 crescit
476 2781 568 2868 eopia
593 2789 626 2846 ut
654 2781 792 2868 quisque
816 2779 897 2844 liber
921 2785 969 2844 est
995 2777 1174 2842 recentior:
1202 2777 1234 2840 iu
1262 2771 1439 2841 recentissi-

257 2887 318 2950 mis
349 2883 416 2952 lere
449 2895 639 2975 perpetuum
673 2895 734 2953 est.
785 2884 869 2952 Nihil
895 2892 961 2956 est,
986 2882 1069 2970 quod
1096 2882 1328 2948 homunciones
1349 2879 1440 2946 abeo
1541 2943 1542 2948 ,

256 3010 367 3056 errore
398 2991 560 3058 retrahat:
592 2993 740 3078 iugulant
772 3001 930 3066 metrum,
964 2991 1123 3056 immanes
1147 2987 1366 3054 barbarismos
1395 3001 1440 3048 se·
1541 3045 1542 3054 ,

257 3099 328 3162 curi
352 3099 561 3164 committunt
586 3097 681 3184 idque
705 3119 742 3164 eo
767 3097 893 3163 lucilius
918 3097 992 3184 quia
1016 3117 1078 3163 uua
1100 3104 1226 3160 tantum
1249 3091 1367 3159 vocalis
1390 3095 1440 3154 aut

256 3201 475 3289 diphthongus
511 3203 684 3270 discrimen
727 3204 785 3270 hoc
827 3203 914 3270 lacit.
967 3203 1003 3270 lu
1047 3205 1265 3268 hmsroenoms
1308 3195 1441 3264 Nubibus

257 3329 304 3375 ιε.
332 3312 412 3374 258:

454 3411 553 3498 decep
577 3440 619 3495 με
643 3417 694 3482 τὸν
718 3417 889 3495 Ἀθάμανθ’
914 3411 994 3488 ὅπως
1017 3417 1061 3495 μὴ
1085 3415 1203 3482 θύσετε.

257 3517 329 3584 libri
364 3521 476 3608 scripti
512 3542 622 3589 omues
652 3543 725 3590 cum
760 3523 1047 3610 praestantissimis
1073 3520 1250 3586 Rouerroote
1273 3526 1305 3585 et
1338 3517 1442 3584 Veneto

258 3636 387 3692 servant
418 3629 546 3706 θύσντε,
578 3628 663 3716 quod
696 3649 804 3704 nemo,
837 3649 949 3716 spero,
981 3629 1125 3713 recipiet.
1177 3624 1262 3692 Pleni
1287 3633 1365 3691 suut
1388 3621 1442 3687 hu·

258 3731 396 3798 iusmodi
421 3754 568 3801 errorum
596 3757 701 3801 omnes
727 3735 878 3801 Veterum
901 3734 997 3812 libri,
1023 3733 1135 3821 etqui
1160 3732 1241 3799 uolet
1268 3725 1443 3797 undevolct

259 3856 407 3922 niagnam
430 3841 553 3925 copiam
580 3841 728 3927 colliget,
754 3862 817 3928 qua
842 3845 962 3928 optime
988 3849 1100 3906 utatur
1123 3839 1161 3905 ad
1189 3838 1308 3904 similia
1333 3831 1442 3902 menda

257 3943 386 4010 aliunde
410 3945 555 4012 elrtemla.
606 3948 771 4014 Tenentur
795 3949 827 4012 io
856 3947 1024 4014 manifesta
1050 3944 1163 4012 fraude
1187 3943 1443 4030 interpolatores,

259 4047 313 4114 ubi
334 4048 480 4117 lutrarum
502 4062 534 4118 et
554 4055 694 4120 aoristus
715 4073 776 4118 uon
800 4072 861 4119 una
885 4052 984 4118 vocali
1005 4052 1061 4119 sed
1082 4059 1147 4118 tota
1161 4049 1263 4118 iorum
1277 4047 1444 4117 differunt,

235 4225 238 4232 ,
258 4155 354 4222 atilli
378 4159 546 4244 antiquum
566 4160 711 4226 obtinent
727 4169 919 4246 mutantque
944 4159 1219 4235 terminationem,
1239 4157 1323 4222 unde
1347 4149 1443 4217 nasci·

258 4269 312 4328 tur
341 4282 428 4329 mera
462 4264 636 4332 barbaries.
686 4264 771 4332 Dabo
802 4285 903 4352 pauca
926 4265 1083 4353 exempla.
1132 4265 1219 4332 Sroa.
1250 4259 1362 4329 Floril.
1389 4259 1442 4331 19⁸

264 4372 312 4432 16.
338 4365 418 4442 dccc
441 4370 660 4450 durabiliores,
686 4376 742 4446 18,
756 4377 808 4439 38.
823 4372 901 4446 θτοις
924 4371 1171 4457 διαφεύξονται,
1198 4370 1323 4446 Hauon,
1344 4365 1380 4433 V.
1395 4367 1442 4429 23.

259 4472 350 4540 codd.
375 4473 449 4550 θκυς
477 4475 646 4554 artimus,
680 4476 738 4542 Dru
767 4477 881 4545 (luam.
907 4483 937 4544 8.
972 4499 1004 4565 p.
1029 4483 1103 4545 156.
1135 4473 1441 4557 intermisceret,
