3178 4972
788 321 835 403 bb

223 544 303 594 urus:
337 525 520 597 adscribam
552 520 658 590 iocum
690 543 728 592 ex
760 523 862 591 Ssxro
885 527 1034 596 iiurrereo
1057 527 1127 594 ιιθυ.
1152 523 1300 594 Μοιθεοι.
1326 527 1350 594 i.
1378 533 1410 594 u.

224 652 256 720 p.
284 637 360 700 237.
389 630 594 698 Grammatici
618 629 733 706 solent,
758 632 883 718 inquit,
905 642 965 701 τῶν
988 635 1075 702 κοντοὶ
1097 635 1140 699 roi
1163 634 1261 700 λοιτά
1284 657 1412 714 κοσμιυ·

224 739 322 819 μένον
354 738 532 818 μκθάριοιτιι
563 736 769 818 κοντοιτρθχειν
799 740 836 812 ἀι
869 740 947 819 μηδὲ
976 741 1032 815 τὴν
1056 742 1152 816 κοινὴν
1174 747 1234 806 τῶν
1258 741 1412 816 Ἑλλήνων

224 848 382 926 συνήθειαν
411 843 620 922 ἐπικειμένων,
649 843 702 909 rori
734 841 838 910 ri‘rrorr
861 847 1013 926 θλίβοιντο
1038 848 1069 911 ἐν
1093 845 1217 927 ζητήσει
1243 847 1287 926 μῦ
1312 840 1413 923 ἀλλην

225 953 373 1036 εὑρίσκειν
401 948 556 1024 πολλάκις
587 949 757 1032 ἀποφυγὴν
788 952 830 1025 eir
861 952 897 1019 ri
928 957 1081 1034 περισπᾶν
1111 954 1181 1026 τοὺς
1208 950 1413 1032 συζνρτοῦντσς

225 1062 332 1135 adroic
357 1059 375 1136 t
396 1057 432 1122 ri
453 1055 515 1124 ῦτι
548 1052 802 1137 dictatori
828 1057 1103 1128 σθλοικθνθτι
1128 1059 1254 1124 τοῦτ’
1283 1060 1414 1123 οιῦτῦν

223 1165 384 1247 λεχθέν.
431 1163 488 1228 Isti
519 1159 666 1232 homines
694 1181 790 1247 quam
815 1162 942 1230 duriter
965 1174 997 1231 et
1020 1183 1133 1252 aspere
1156 1163 1278 1232 soleant
1303 1165 1336 1229 iu
1359 1163 1413 1230 ad·

224 1271 384 1339 versarios
407 1267 455 1336 vei
475 1286 569 1334 secus
588 1269 765 1334 sentientes
785 1269 891 1336 iuvcbi
912 1277 944 1336 et
964 1268 1157 1337 debacchari
1178 1279 1253 1336 notu
1275 1289 1325 1336 res
1343 1282 1412 1348 cst,

226 1395 321 1466 quum
355 1391 567 1462 unaquaeque
598 1383 687 1441 aetas
708 1374 795 1462 apud
819 1375 973 1462 poputum
1001 1375 1182 1442 litteratum
1206 1376 1286 1444 vidit
1309 1386 1342 1442 et
1366 1377 1414 1440 ri-

226 1483 324 1550 debit.
372 1483 429 1550 usn
462 1479 522 1546 boc
553 1499 679 1566 quoque
701 1489 730 1548 et
756 1483 820 1547 erit
843 1501 971 1569 semper
996 1482 1242 1570 pervuigatum,
1268 1489 1301 1547 ut
1329 1483 1415 1548 eius-

226 1590 313 1660 modi
342 1587 520 1676 petulautia
543 1596 575 1652 et
599 1587 793 1672 protervitas
815 1608 889 1654 curu
916 1589 985 1676 pari
1008 1586 1139 1654 levitate
1162 1597 1194 1654 et
1219 1588 1348 1654 inscitia
1372 1588 1416 1654 sit

225 1698 408 1765 coniuncta.
456 1692 524 1760 Non
557 1691 622 1758 vidi
656 1691 818 1760 bominem
851 1697 884 1760 iu
917 1693 976 1760 boc
1009 1713 1126 1780 genere
1151 1695 1358 1760 morosiorem
1383 1703 1416 1760 ct

224 1803 421 1892 asperiorem
453 1819 551 1887 quam
580 1799 776 1866 Puurmcuus
803 1810 870 1878 cst,
903 1799 1133 1868 acerbissimus
1164 1801 1319 1867 orationis
1341 1819 1415 1868 exa·

224 1919 316 1988 otor,
339 1909 371 1974 iu
397 1904 545 1994 quereias
566 1903 705 1983 effusus,
728 1905 769 1972 ad
790 1905 1047 1973 maledicendum
1069 1915 1233 1994 promtus,
1258 1925 1361 1993 neque
1380 1907 1415 1972 in

227 2013 388 2084 laudando
411 2029 565 2099 umquam
592 2031 696 2098 neque
720 2013 752 2078 iu
778 2011 1040 2098 reprehendendo
1061 2013 1191 2079 modum
1213 2031 1362 2088 servans,
1380 2020 1417 2078 at

227 2123 313 2190 idem
345 2119 551 2188 truculentus
580 2137 695 2184 censor
728 2119 966 2206 castigatorque
990 2118 1127 2185 aliorum
1151 2117 1258 2185 ridete
1279 2119 1310 2183 in
1335 2137 1417 2204 quos

225 2248 369 2306 errores,
384 2246 482 2315 quam
496 2223 602 2291 iuedos
615 2234 646 2291 et
659 2222 837 2312 pudendos,
851 2245 885 2292 se
899 2225 1066 2312 implicare
1080 2225 1191 2311 possit.
1216 2225 1252 2290 ln
1268 2223 1416 2311 Epitumc

225 2335 386 2404 nominum
405 2342 435 2400 et
454 2331 618 2398 verborum
639 2330 813 2396 Atticorum
833 2351 906 2418 pag.
931 2335 1009 2398 355.
1035 2331 1107 2398 boo.
1131 2331 1175 2395 ita
1196 2330 1328 2398 scribit:
1348 2330 1417 2396 τον

225 2441 355 2510 sarta
381 2441 447 2506 τθν
470 2436 773 2505 ἀκολουθοῦντα
794 2439 880 2516 μετ’
904 2440 1049 2504 οιῦτοῦ·
1084 2437 1206 2512 Λυσθοοο
1227 2439 1257 2504 ἐν
1277 2437 1320 2518 τῦ
1343 2439 1417 2505 κατ’

225 2545 440 2630 Αὐτοκράτους
463 2541 539 2611 οῦτυ
563 2553 601 2628 τῇ
626 2541 769 2622 συντάξει
789 2553 921 2625 χρῆτοιι,
945 2545 1039 2626 θχρῆν
1057 2543 1089 2610 δὲ
1108 2541 1201 2618 οῦτυς
1222 2546 1332 2609 εἰτεῖν·
1351 2541 1418 2610 τὸν

226 2653 534 2722 ἀκολουθοῦντα
552 2652 667 2733 οιῦτῷ.
703 2649 747 2716 Ti
763 2649 803 2718 ἀν
822 2647 871 2718 οῦν
887 2650 1044 2734 birriarum
1065 2649 1416 2732 ἀμοιρτεῑντθνΛυσθιιν

228 2762 246 2838 ἢ
278 2760 404 2828 νοθεύειν
435 2761 539 2825 κοιινοῦ
571 2757 737 2839 σχάριοιτος
770 2764 897 2840 χρῆσινς
930 2758 1004 2822 ἀλλ’
1036 2757 1103 2823 θτεὶ
1135 2755 1236 2833 ξενικὴ
1267 2754 1359 2844 (atde
1384 2755 1416 2842 ri)

228 2868 363 2942 σύνθεσις
387 2862 491 2942 τάντιρ
515 2863 728 2947 τοιροιιτνρτὲοι,
752 2863 853 2945 ρ’ντθον
877 2863 909 2930 δὲ
930 2863 1172 2930 ἀκολουθεῖν
1193 2865 1310 2945 οιῦτῷ.
1346 2859 1417 2928 Nou

227 2973 292 3040 uidi
316 2973 433 3059 magis.
471 2971 571 3036 urrici
595 2975 781 3036 constanter
804 2987 915 3034 omues
940 2971 972 3034 in
997 2989 1033 3035 ee
1059 2987 1094 3035 re
1119 2967 1269 3036 dicebaut
1291 2970 1418 3034 ἀκολου-

226 3082 286 3146 θεῖν
309 3076 395 3158 μετά
418 3099 496 3150 τινος
521 3085 553 3142 et
576 3072 703 3142 ἕτεσθοιι
725 3073 812 3154 μετά
834 3097 930 3154 τινος,
956 3095 1059 3162 neque
1080 3073 1175 3141 aliter
1194 3095 1291 3162 quam
1315 3075 1417 3141 sicin

225 3185 372 3275 populari
404 3201 551 3250 sermone
584 3179 692 3248 dicere
716 3181 768 3246 ius
791 3188 841 3247 est
862 3181 901 3248 de
926 3181 1060 3248 seruulis
1083 3181 1243 3248 dominum
1266 3201 1345 3270 pone
1369 3201 1419 3246 re-

226 3291 408 3380 quentidur,
433 3289 530 3375 deque
552 3286 707 3354 militibus
732 3287 787 3374 qui
806 3287 896 3373 ripun
919 3287 1008 3376 requi
1030 3288 1188 3355 dicuntur.
1222 3287 1323 3354 Ἓτου
1342 3291 1420 3366 μετ’

226 3400 318 3478 ἐμοῦ,
347 3395 523 3478 τιιιδάριον,
555 3393 587 3460 iu
618 3392 713 3460 Pinio
744 3413 790 3459 vs.
822 3397 888 3460 uti
922 3413 985 3459 nou
1017 3395 1081 3460 erit
1112 3393 1249 3461 Atticum
1282 3397 1310 3462 si
1342 3391 1419 3460 ἕπου

227 3529 279 3586 μοι
303 3502 443 3581 dicetur,
467 3508 580 3567 contra
604 3500 637 3565 in
662 3499 774 3566 eadem
799 3498 906 3566 iabuiu
931 3521 978 3566 vs.
1008 3504 1057 3567 19.

366 3609 400 3686 ἢν
422 3609 467 3687 μῦν
489 3605 611 3690 φράσρε
635 3602 700 3673 ῦτι
723 3607 794 3689 τῷδ’
815 3607 1037 3686 ἀκολουθοῦμέν
1061 3631 1157 3686 τοτε,

230 3718 257 3784 si
285 3715 371 3796 μετά
394 3715 481 3781 τοῦδε
505 3721 589 3779 esset
614 3713 794 3799 scriptum,
826 3713 928 3780 risum
954 3723 1106 3780 moveret.
1155 3713 1209 3780 Sic
1232 3717 1303 3794 μετ’
1327 3716 1421 3781 Ἀλε-

230 3823 354 3906 ξάνδρου
383 3821 557 3887 ἀκολουθεῖν
581 3817 735 3885 dicuntur
766 3819 893 3906 copiae,
924 3819 1116 3903 Ἀλεξάνδρῳ
1147 3822 1320 3888 ἀκολουθεῖν
1344 3819 1421 3886 Λει-

230 3947 393 4006 srorsnss,
413 3929 636 3992 dnuursrurnss
657 3925 733 3990 etsi
755 3927 829 4011 quis
850 3924 932 3991 alins
950 3945 1012 3992 nou
1025 3926 1183 3993 miiitabat
1197 3927 1229 3992 in
1244 3929 1422 3994 burxmum

231 4036 358 4102 castris.
407 4033 510 4100 iiuius
529 4032 577 4099 rei
601 4051 701 4118 quum
727 4040 876 4098 sexcenta
901 4032 1045 4119 exempta
1070 4033 1158 4110 siut,
1191 4031 1267 4120 quid
1294 4051 1422 4099 moroso

230 4141 448 4209 Grammatico
479 4136 596 4216 incius,
630 4139 684 4224 qui
720 4137 800 4204 elias
826 4159 878 4204 res
910 4158 1008 4224 agens
1041 4150 1072 4207 et
1100 4139 1280 4206 dormitans
1305 4139 1421 4207 busun

231 4247 329 4315 stulte
354 4245 478 4333 carpit?
504 4245 672 4311 contrario
694 4264 805 4311 errore
830 4244 994 4313 bonacursus
1017 4245 1057 4312 ad
1084 4247 1250 4314 Purrmcm
1273 4244 1294 4312 i.
1319 4245 1339 4312 i.
1364 4243 1421 4313 de·

230 4364 343 4442 ceptus
365 4353 445 4420 iocis
468 4353 630 4440 corruptis
654 4360 686 4417 et
711 4351 905 4418 testimoniis
926 4361 1163 4440 poetastrorum
1185 4353 1269 4420 serio
1290 4348 1424 4420 induxit

230 4462 262 4528 iu
295 4462 439 4528 animum
472 4459 713 4540 τεριιικολουθεῖν
749 4457 900 4524 Graecum
931 4478 1001 4527 esse
1032 4468 1064 4525 et
1093 4459 1288 4528 iisrrosmrenr
1309 4457 1421 4529 obtru-
