3160 4972
688 362 757 431 441

176 553 323 644 Tiiuuyd.
356 555 396 623 tl.
430 564 484 626 85.
516 559 547 631 ἐς
576 558 694 640 Κρήτην
733 563 848 640 πρῶτον
878 553 1057 639 ύφικέσύοοι.
1106 555 1219 628 Νικίας
1257 551 1321 634 γὰρ

134 661 242 751 [Κρής]
262 661 416 744 Γορτύνιος
436 667 502 732 κτὲ.
540 663 774 750 Intenpoiatum
792 671 841 730 est
860 663 955 744 Κρήςε
981 661 1078 727 etiam
1100 662 1128 726 si
1149 680 1211 726 nun
1234 679 1322 746 prae·

132 766 259 834 sederet
291 769 321 842 ἐς
355 769 473 852 Κρήτην
506 770 585 836 satis
608 779 679 836 erat
702 771 867 850 Γορτύνιος.
917 769 1086 834 Praeterea
1111 771 1236 834 veteres
1260 785 1322 831 uon

131 872 281 939 dicebant
304 874 382 957 Κρής
413 874 585 960 Γορτύνιος,
617 873 672 943 sed
705 878 782 958 Κρής
805 877 841 942 εὀο
863 874 1026 957 Γύρσυνος,
1057 881 1093 940 ut
1115 871 1263 955 Ἀρκούδες
1288 873 1322 939 ἐκ

132 983 262 1058 Φενεοῦ,
287 988 320 1046 et
343 981 416 1047 sim.

179 1085 327 1174 Thucyd.
363 1087 388 1153 i.
421 1091 475 1154 86.
513 1089 558 1174 [ἐν
581 1087 693 1174 τούτῳ]
726 1088 756 1152 ἐν
780 1083 801 1169 ᾧ
824 1127 866 1140 -
887 1086 953 1168 περὶ
983 1086 1101 1169 Κρήτην
1124 1084 1319 1169 κατείχοντο.

132 1190 213 1272 Quis
239 1211 392 1278 umquam
420 1192 618 1260 Graecorum
643 1195 689 1259 sie
715 1193 842 1261 inautus
865 1193 935 1260 est?

179 1297 332 1364 Recurrit
355 1298 515 1366 tralaticia
544 1299 750 1386 interpolatio
776 1300 819 1366 ii.
847 1303 902 1367 93.
927 1295 1040 1376 ἐτήσιον
1064 1297 1094 1364 δὲ
1118 1297 1170 1364 κού
1192 1337 1234 1347 -
1254 1321 1320 1378 τρο-

129 1412 224 1471 τοοῑοι
257 1405 310 1490 [ὡς
341 1404 553 1492 vcissatim}
601 1405 671 1488 Quo
705 1416 847 1491 teuipore
879 1407 939 1471 ista
976 1403 1194 1483 addebantur,
1233 1402 1323 1469 obiiti

130 1518 227 1578 erant
250 1508 372 1576 dudum
397 1510 510 1579 Graeci
535 1511 613 1598 quid
635 1520 720 1577 esset
743 1519 885 1594 τροτοοῑον
908 1509 1023 1581 iscium.

179 1615 326 1705 Thucyd.
352 1617 392 1684 ii.
424 1622 479 1685 97.
508 1618 570 1683 ciui
598 1618 754 1700 Ἀβδήρων
783 1618 901 1690 τύλεοος
925 1618 956 1690 ἐς
978 1618 1030 1683 τὸν
1052 1617 1194 1697 Εὔξεινον
1218 1616 1324 1683 τύντου

130 1722 214 1812 [τὸν]
239 1721 334 1807 μέχρι
354 1724 455 1806 Ἴςρου
478 1729 632 1803 σοτοιμοῖι.
670 1724 834 1812 Expunxit
853 1725 904 1791 σύν
924 1723 1131 1791 Valckenaer.
1158 1725 1190 1789 in
1211 1732 1322 1791 annot.

129 1830 190 1896 iis.
222 1826 362 1916 Optime.

179 1933 326 2022 Thucyd.
351 1934 392 2001 11.
422 1939 496 2002 102.
529 1937 574 2014 μή
605 1933 681 2003 εἶναι
707 1935 795 2004 λύσιν
826 1941 884 2003 τῶν
907 1935 1060 2015 δειμούτιον
1085 1935 1152 2018 πρὶν
1176 1935 1214 2003 ἂν
1237 1937 1324 2018 εὑρὼν

129 2043 162 2108 ἕν
186 2042 289 2125 τοούτρ
311 2051 350 2126 σή
369 2041 457 2126 χύρρι
476 2043 706 2118 κοοτοιιιύσήτοοι,
729 2041 793 2120 ήσις
816 2041 867 2109 ύτε
887 2041 1001 2109 ἔκτεινε
1019 2044 1074 2119 τήν
1093 2041 1212 2125 μήτέροο
1230 2043 1324 2122 μήτοι

130 2149 193 2216 :iai
219 2146 305 2225 ήλύου
336 2147 447 2230 ἑωρᾶτο
483 2147 574 2236 [μηδὲ
604 2157 648 2229 μή
681 2143 740 2235 ήν].
788 2147 879 2230 Quod
911 2148 1118 2237 Thucydides
1149 2156 1259 2215 ornate
1293 2157 1325 2215 et

128 2252 302 2341 splendide
331 2255 578 2334 annunciaverat,
619 2253 796 2322 Schuiiasta
830 2253 935 2320 verbis
971 2253 1140 2320 tralatieiis
1174 2255 1324 2340 repetiit,

130 2379 219 2447 quae
237 2379 323 2426 nune
345 2359 563 2448 Thucydideis
583 2360 691 2428 addita
713 2360 791 2426 dicti
810 2361 1002 2446 gravitatem
1024 2380 1150 2427 omnem
1173 2361 1325 2426 minuunt

129 2471 165 2532 et
189 2471 415 2553 corrumpunt.

180 2568 329 2658 Tilueyd.
350 2571 409 2638 iii.
427 2577 457 2638 2.
476 2572 573 2640 scrib.
594 2571 722 2651 σοξύτοος
741 2598 778 2639 τε
796 2573 848 2638 nai
869 2581 952 2640 σῖτον
970 2573 1023 2640 κον)
1040 2568 1324 2652 ύομετοοΠΕΠΕΜ-

125 2677 217 2757 μένοι
241 2675 336 2754 ήσοον,
361 2698 419 2765 pro
445 2677 723 2759 μετοοτεμσύμενοι
751 2677 847 2756 ήσοον,
879 2678 963 2764 qnod
996 2687 1028 2744 et
1060 2698 1134 2744 cuin
1162 2677 1224 2744 loei
1249 2699 1322 2746 sen·

126 2783 236 2851 tentia
262 2792 384 2870 pugnat
407 2804 510 2870 neque
535 2805 592 2871 pro
614 2784 851 2865 μετεπέμποντο
875 2783 940 2850 dici
966 2792 1079 2872 potest.

174 2887 327 2976 Thucyd.
354 2889 407 2956 iii.
440 2895 472 2956 6.
503 2891 680 2972 νοούςοιύμον
710 2891 741 2958 δὲ
772 2895 895 2972 μᾶλλον
925 2886 959 2966 ἦν
990 2893 1095 2983 atron
1127 2891 1239 2957 annius
1270 2892 1322 2958 nai

121 2997 268 3077 otyopnc
293 2997 311 3071 ή
334 2995 474 3075 Mania,
499 2998 619 3083 corrig.
643 2997 696 3063 ιοοοὶ
721 2999 839 3079 οἱνορλ.

174 3098 328 3188 Thucyd.
353 3100 410 3167 iii.
438 3106 468 3170 7.
488 3111 558 3176 τοοῖς
579 3103 666 3170 vanai
686 3111 804 3170 ΚΑΤΑ
824 3103 875 3170 τὸν
894 3105 1052 3186 Ἀχελῷον
1076 3101 1240 3184 ἔπλευσεν,
1261 3105 1325 3171 into

124 3227 206 3275 vero
231 3206 364 3272 adverso
386 3207 519 3292 flumine
541 3210 643 3275 'ANA
666 3210 718 3274 τὸν
738 3211 907 3292 Ἀχελῷον,
935 3218 968 3276 ut
988 3209 1013 3276 1.
1029 3214 1102 3277 104.
1127 3211 1327 3279 ’λΝΑτλεύ-

121 3337 245 3387 σοντες
272 3313 303 3386 ἐς
326 3311 378 3378 τὸν
400 3321 530 3391 Νεῖλον,
556 3322 588 3380 et
611 3313 700 3381 aiibi.

172 3416 329 3506 Thucyd.
360 3419 415 3486 ili.
449 3424 503 3487 10.
536 3423 626 3499 ήμεῖς
657 3421 688 3487 δὲ
719 3420 880 3500 οιύτύνομοι
914 3431 973 3488 ΔΗ
996 3420 1077 3497 ύυτες
1102 3422 1155 3488 nai
1179 3423 1325 3506 ἐλεύθεροι

123 3527 186 3615 [τῷ
221 3525 368 3611 ύνύμοιτι]
400 3522 704 3609 ξυνεςροοτεύσοομεν,
745 3529 978 3615 interpretatus
1009 3537 1058 3594 est
1097 3528 1216 3614 atiquis
1248 3529 1326 3615 quid

123 3640 215 3700 esset
240 3639 332 3696 Ain·

173 3735 331 3824 Thucyd.
356 3736 410 3804 ill.
441 3742 492 3805 11.
518 3736 590 3818 ύμοο
621 3739 679 3819 μὲν
706 3741 769 3821 γὰρ
792 3740 944 3824 μοορσυρύιρ
969 3741 1101 3822 ἐχρῶντο
1124 3740 1169 3820 μή
1193 3738 1232 3806 ev
1255 3740 1325 3814 τοὺς

121 3844 312 3929 ἰσοψήφους
340 3846 516 3923 ’Ἀκοντοος,
548 3847 572 3912 si
604 3849 649 3926 μή
681 3870 711 3912 τι
744 3846 861 3923 ήδύιοουν
884 3841 926 3920 οἷς
950 3847 1086 3928 ἐτήσιον,
1110 3845 1332 3929 ξυςύοοτεύειυ,

122 3952 253 4022 uianiat
297 3951 457 4016 sententia
492 3972 551 4039 pru
576 3954 732 4026 ’Ἀκοντοις
772 3951 989 4040 reponendum
1022 3972 1093 4019 esse
1128 3953 1328 4019 eontrarium

119 4058 298 4131 Ἐνούντοις.
347 4055 558 4125 Athenienses
582 4059 627 4126 ita
652 4058 817 4127 dicebant:
843 4061 896 4126 οὐκ
920 4058 959 4125 οόν
982 4059 1008 4124 οἱ
1032 4058 1159 4137 Λέσβιοι
1180 4057 1330 4141 iudendo!

120 4195 164 4254 γε
190 4165 283 4240 ὄντες
305 4161 521 4246 ξυνεςρούτευον
545 4168 618 4246 ήμῑυ
640 4165 781 4240 ‘endum
802 4168 828 4233 si
852 4169 897 4245 μή
920 4166 1125 4241 dinaniensis
1147 4165 1330 4247 ξυμμούχοις

119 4268 398 4356 ἐπεςροοσεύομεν.

171 4373 332 4466 Thucyd.
358 4374 415 4443 ΙΙΙ.
453 4381 504 4443 ln.
535 4378 583 4453 τίς
611 4373 660 4444 οὖν
691 4376 771 4456 οούτή
803 4379 940 4462 ήφιλύοι
965 4379 1109 4460 ἐγίγνετο
1133 4378 1151 4455 ’i
1175 4376 1331 4459 ἐλευύερύοι

118 4485 246 4582 [mik
277 4483 365 4560 Quae
389 4491 436 4550 est
467 4481 542 4551 Ιιοοο
572 4494 627 4556 aut
649 4486 787 4553 amicitia
817 4496 871 4552 σοιο
896 4486 1047 4554 tibertus?
1073 4483 1105 4551 id
1129 4492 1179 4552 est
1201 4505 1261 4552 ιιοοι
1285 4491 1331 4547 σοι
