3150 4972
702 380 814 492 oa·

120 578 153 645 V.
175 583 226 645 nt.
253 577 308 643 οὐκ
339 576 378 644 ἂν
401 575 548 654 bibernis,
572 575 628 642 Vl.
655 579 709 642 66.
738 577 763 641 el
787 576 886 650 ἱστοῖς
916 570 1046 652 ἔμελλον
1077 574 1157 654 ήιοιτ’
1181 573 1220 640 ee
1243 574 1297 640 οὗ·

119 687 179 757 τοὺς
200 684 353 760 λνοτήσειν.
383 683 425 748 ll.
451 685 495 748 80
518 691 550 747 el
575 681 650 748 Vlll
671 685 724 747 λδ.
749 671 920 763 νομίζοντές
940 681 1046 765 debitor
1066 677 1104 746 deo
1124 682 1298 764 οιροσχωρή·

119 813 190 868 eso,
209 789 291 856 Vlll.
313 795 367 856 tl.
389 787 515 870 νομίζων
532 789 586 854 οὐκ
603 787 642 853 ἂν
662 785 851 866 ήσιιχοὲσειν,
874 785 951 852 lraec
972 786 1073 852 lerme
1093 797 1169 854 sunt
1182 807 1298 873 genera

118 915 272 972 errorum,
298 913 380 982 quae
404 894 488 980 apud
514 913 624 959 omues
648 891 850 958 Athenienses
871 892 1056 978 frequenter
1082 913 1167 960 ouoc
1190 913 1301 960 recur-

119 1010 200 1080 runt,
223 1001 298 1068 olim
325 1001 446 1066 nemini
473 1019 626 1086 uonpmor
651 997 762 1064 audita
787 1006 843 1063 aut
865 997 965 1075 lecta,
989 1007 1021 1065 et
1042 1018 1213 1084 possumus
1234 999 1300 1065 lere

118 1107 209 1193 digito
233 1115 412 1173 monstrare
437 1126 508 1181 σοι,
532 1125 670 1192 quorum
696 1102 842 1169 socordia
867 1102 986 1169 lacteum
1013 1105 1055 1169 sit
1077 1113 1112 1170 ut
1136 1113 1227 1171 tanta
1248 1126 1300 1192 ap·

119 1223 220 1299 pareat
252 1211 515 1278 soloecismorum
549 1209 741 1297 frequentia.
789 1209 851 1290 Qui
885 1210 1070 1296 inmeritum
1104 1211 1301 1278 Grammati-

118 1338 184 1384 eum
208 1317 407 1384 soloecismis
432 1317 517 1382 ultro
541 1317 724 1382 coromissis
749 1315 936 1382 ludificatur
959 1315 1043 1402 apud
1067 1315 1220 1382 bucmuou
1240 1321 1301 1394 76,

121 1428 149 1491 b.
173 1425 267 1490 etiarn
291 1425 323 1488 in
347 1421 405 1488 boc
429 1423 574 1510 exeroplo
597 1424 667 1488 eius
689 1422 850 1487 inscitiam
872 1421 1029 1508 explodit:
1049 1425 1083 1488 ed
1103 1423 1166 1503 γὰρ
1189 1423 1302 1498 ἐθέλεις

118 1527 235 1596 teretes
258 1529 435 1606 σιινήσων
462 1528 508 1594 ἂν
527 1528 612 1610 εἴπερ
631 1530 821 1604 ἐήελήσειοοςτ
848 1526 928 1593 nihil
949 1527 1072 1593 bomini
1093 1527 1237 1607 subolet,
1258 1531 1302 1595 lla

120 1636 180 1720 ipse
203 1633 324 1700 solebat
353 1635 462 1701 dicere
493 1643 525 1701 et
557 1635 636 1700 alios
664 1633 776 1700 audire
801 1633 962 1709 dicentes,
989 1635 1159 1722 respondet
1184 1637 1300 1721 igitur:

118 1743 185 1806 ἀλλ’
213 1743 274 1820 ἐγὼ
299 1741 467 1820 βούλομαι.
500 1742 538 1808 σὺ
566 1742 592 1806 δ’
616 1743 699 1807 οὐδὲν
730 1736 822 1813 εἴποις
855 1737 893 1806 ὧν
916 1739 1064 1822 ἄνθρωποι
1088 1741 1302 1825 σολοικίζοντες

120 1847 244 1924 λέγουσι.
292 1845 350 1911 Cui
373 1846 440 1912 ille:
465 1847 500 1912 rb
521 1848 583 1928 γὰρ
607 1851 657 1912 νῦν
681 1847 762 1928 ῥηθὲν
785 1847 890 1927 μικρόν
914 1848 947 1912 rl
969 1872 1014 1912 σοι
1039 1849 1186 1930 peteme
1208 1848 1304 1914 κοινὸν

120 1949 205 2028 rbem
228 1950 305 2039 quid
328 1950 451 2018 diceret
475 1953 501 2018 si
529 1961 673 2018 nostrum
702 1951 943 2030 llouosroeueu,
972 1952 1161 2031 lsocmrou,
1189 1953 1303 2020 Peiro-

120 2079 188 2139 rmr,
220 2059 319 2136 alios,
352 2057 475 2124 rideret
498 2057 634 2124 subinde
657 2061 699 2123 ita
721 2057 917 2124 scribentes?
968 2057 1062 2146 Apud
1088 2069 1212 2126 veteres
1236 2059 1303 2127 lere

121 2164 244 2249 perinde
276 2173 326 2231 est
357 2164 474 2244 εἴποιμ’
502 2163 540 2230 ἄν
572 2175 628 2230 aut
653 2166 705 2246 σ’ρῶ
735 2164 859 2242 dicere,
894 2165 954 2229 nisi
980 2165 1063 2251 quod
1092 2164 1170 2231 illud
1196 2164 1302 2232 lenius

120 2280 147 2336 et
176 2272 331 2338 urbanius
370 2270 510 2347 dieitur,
550 2269 608 2337 boc
642 2270 735 2356 paulo
768 2271 877 2336 acrius
908 2281 938 2336 et
973 2271 1152 2337 incitatius.
1201 2271 1303 2338 Num·

120 2379 185 2462 quis
214 2386 306 2465 putet
337 2379 385 2442 sic
416 2379 533 2456 εἵσοιμι
567 2377 669 2442 solnm
708 2395 800 2463 posse
835 2374 897 2442 dici
931 2375 979 2442 vel
1011 2377 1063 2458 ἐρῶ
1097 2375 1154 2442 olel
1204 2373 1303 2443 Nemo

121 2481 228 2550 bercle.
277 2481 360 2566 Quid
394 2485 421 2548 si
454 2482 599 2570 exempla
631 2482 797 2569 complura
832 2483 1001 2567 utriusque
1034 2483 1103 2547 vitii
1138 2482 1304 2568 prolereo·
1403 2539 1405 2544 ,

122 2601 186 2670 tur,
219 2590 303 2678 quod
334 2589 428 2656 facile
463 2588 547 2655 lactu
580 2587 651 2654 est?
684 2609 724 2654 an
757 2591 863 2654 oannis
892 2587 945 2654 illa
970 2591 1111 2655 assensio
1135 2589 1301 2655 elabetur?

121 2697 220 2783 itaque
245 2699 467 2764 Deuosroeueu
491 2695 637 2768 deseres,
666 2703 700 2760 ut
724 2693 854 2760 stolidos
878 2693 1002 2760 scribas
1025 2696 1183 2781 sequeris.
1218 2695 1299 2761 Nmo

123 2811 208 2887 putas
234 2823 291 2891 pro
322 2803 414 2880 ήδὲως
444 2802 482 2868 ἂν
513 2802 714 2884 ἐρωτήσαιμι,
747 2801 837 2878 ήδέως
869 2799 907 2865 ἂν
939 2802 1087 2880 συνοίμιον
1119 2810 1205 2868 recle
1238 2800 1301 2867 dici

124 2910 207 2985 ήδέως
229 2912 266 2978 ἂν
289 2909 427 2993 ἐρωτήσω
458 2907 506 2974 uel
530 2908 619 2984 ήδὲως
644 2907 682 2973 ἂν
703 2905 880 2986 σεύοομοοιῖ
929 2905 996 2972 Νοιι
1028 2907 1169 2973 arbitror
1193 2927 1303 2994 quem·

125 3035 212 3102 quaro
236 3019 279 3083 ita
304 3017 443 3090 sentire,
468 3014 543 3100 quia
568 3033 607 3079 ue
632 3012 779 3080 Graeculi
805 3012 934 3100 quidem
954 3014 999 3078 ita
1021 3022 1155 3101 peccant
1177 3026 1206 3080 et
1230 3035 1303 3082 rora

126 3123 269 3206 quaedam
296 3132 372 3188 suot
397 3121 457 3185 ista
484 3120 558 3184 vitia
584 3119 634 3182 rix
660 3117 700 3184 ab
726 3139 789 3184 uno
813 3119 977 3206 alteroque
1003 3117 1132 3185 librario
1162 3119 1213 3184 bie
1239 3120 1304 3186 illic

126 3226 238 3294 incuria
263 3228 449 3294 commissa.
500 3222 663 3306 Quomodo
695 3225 797 3311 igitur
825 3225 1026 3313 concoquitis
1049 3226 1081 3290 io
1109 3227 1204 3292 tertia
1229 3224 1303 3291 Pbi·

126 3332 230 3418 lippire
262 3355 292 3420 p.
321 3337 400 3409 128,
432 3333 465 3398 rl
495 3337 647 3410 ποιῶμσν;
683 3329 785 3396 melnes
813 3354 861 3406 τις
885 3332 975 3409 ήδέως
999 3331 1037 3398 im
1060 3333 1129 3406 leue
1152 3333 1305 3414 ἐρωτήσων

126 3436 263 3519 silerem
300 3459 374 3504 nam
407 3435 678 3525 quemadmodum
705 3444 790 3502 rocte
816 3437 970 3502 Socerres
994 3438 1025 3501 io
1051 3437 1200 3504 Psoroms
1226 3440 1304 3526 Αρο-

126 3543 200 3632 lopio
228 3544 373 3631 dispulal
406 3565 436 3630 p.
459 3548 518 3620 27,
550 3543 597 3614 τίς
630 3542 667 3608 ἂν
696 3543 856 3624 ἀνθρώπων
886 3545 956 3608 θεῶν
976 3545 1034 3621 μὲν
1057 3545 1175 3617 naides
1200 3547 1305 3622 ήγοῑτο

126 3648 210 3729 river,
238 3653 319 3724 leode
351 3650 383 3716 dl
414 3650 475 3729 wit
507 3649 613 3726 ὁμοίως
644 3648 707 3728 γὰρ
738 3647 776 3714 ἂν
808 3646 923 3714 ἄτοπον
954 3647 998 3724 sin
1027 3645 1125 3729 ὥσπερ
1159 3649 1197 3715 ἂν
1231 3647 1306 3722 εἴτις

126 3753 216 3824 ἴστων
244 3758 302 3838 μὲν
333 3755 452 3827 areidae
481 3757 587 3834 ήροῖτο
611 3754 628 3830 i
652 3756 704 3821 xei
737 3753 806 3820 ὄνων
837 3755 906 3826 τοὺς
939 3752 1076 3832 testesve
1101 3755 1305 3841 (expunged

127 3863 201 3949 quod
233 3883 327 3929 nemo
354 3861 538 3926 admonitus
571 3860 690 3946 releget
722 3863 792 3927 sine
823 3859 920 3948 risu),
953 3857 1065 3934 ἵππους
1090 3860 1122 3927 n
1146 3861 1199 3926 κωὶ
1224 3861 1305 3934 ὅνους

127 3973 164 4045 μή
194 3972 297 4050 ήροῖτο
329 3964 423 4042 σῖνοοις
454 3968 501 4032 sic
533 3966 704 4033 manifesto
734 3965 909 4032 absurdum
944 3975 991 4031 est
1017 3965 1153 4048 ἐρωτήσω
1178 3968 1216 4033 ἄν
1241 3987 1302 4032 nou

127 4093 189 4141 esse
222 4077 391 4150 Graecum,
423 4074 575 4156 ἐρωτήσων
605 4072 643 4139 ἄν
669 4072 748 4139 nibil
775 4070 889 4137 babere
914 4070 1138 4141 dubitationis.
1188 4073 1305 4138 Eodem

128 4179 191 4245 iore
212 4179 330 4247 dixeris
354 4181 562 4268 participium
587 4179 728 4258 ἐσόμενος
753 4179 879 4245 Graecis
897 4198 982 4255 esse,
1009 4178 1218 4244 indicativum
1242 4178 1307 4243 ἔσο-

129 4307 181 4360 μοι
202 4306 262 4352 ooo
285 4305 366 4352 esse.
414 4286 456 4350 At
478 4298 595 4352 veteres
618 4285 817 4352 rnembreoee
838 4285 958 4370 passim
982 4306 1085 4350 omues
1108 4285 1142 4348 io
1164 4283 1214 4348 bis
1233 4283 1308 4349 scri·

126 4391 220 4472 ptoris
241 4390 454 4458 incredibilem
477 4393 510 4458 οόι
534 4392 661 4458 modum
684 4391 875 4478 conspirent,
901 4393 1064 4477 inquiunt.
1111 4387 1151 4453 Ιιο
1169 4389 1227 4453 boo
1242 4389 1309 4474 ipso

130 4493 189 4562 loco
210 4497 420 4566 [leuosrarms
443 4498 642 4566 admirabilis
666 4506 710 4564 est
735 4497 888 4565 librorum
909 4517 1090 4574 consensus,
1116 4495 1309 4576 ἐρωτήσων
