<?xml version="1.0" encoding="UTF-8"?>
<!DOCTYPE html PUBLIC "-//W3C//DTD XHTML 1.0 Transitional//EN"
    "http://www.w3.org/TR/xhtml1/DTD/xhtml1-transitional.dtd">
<html xmlns="http://www.w3.org/1999/xhtml" xml:lang="en" lang="en">
 <head>
  <title>
</title>
<meta http-equiv="Content-Type" content="text/html;charset=utf-8" />
  <meta name='ocr-system' content='tesseract 3.04.00' />
  <meta name='ocr-capabilities' content='ocr_page ocr_carea ocr_par ocr_line ocrx_word'/>
</head>
<body>
  <div class='ocr_page' id='page_1' title='image "./variaelectiones04cobegoog_0438.png"; bbox 0 0 3160 4972; ppageno 0'>
   <div class='ocr_carea' id='block_1_1' title="bbox 717 354 787 428">
    <p class='ocr_par' dir='ltr' id='par_1_1' title="bbox 717 354 787 428">
     <span class='ocr_line' id='line_1_1' title="bbox 717 354 787 428; baseline 0.029 -2"><span class='ocrx_word' id='word_1_1' title='bbox 717 354 787 428; x_wconf 79' lang='lat'><strong>393</strong></span> 
     </span>
    </p>
   </div>
   <div class='ocr_carea' id='block_1_2' title="bbox 130 544 1357 4581">
    <p class='ocr_par' dir='ltr' id='par_1_2' title="bbox 130 544 1357 4581">
     <span class='ocr_line' id='line_1_2' title="bbox 157 544 1346 628; baseline -0.005 -11"><span class='ocrx_word' id='word_1_2' title='bbox 157 551 221 618; x_wconf 83' lang='lat' dir='ltr'><strong>vim</strong></span> <span class='ocrx_word' id='word_1_3' title='bbox 247 547 367 618; x_wconf 79' lang='lat' dir='ltr'><strong>inferre</strong></span> <span class='ocrx_word' id='word_1_4' title='bbox 394 550 514 618; x_wconf 89' lang='lat' dir='ltr'><strong>iudicio</strong></span> <span class='ocrx_word' id='word_1_5' title='bbox 539 559 648 618; x_wconf 75' lang='lat' dir='ltr'><strong>nostro</strong></span> <span class='ocrx_word' id='word_1_6' title='bbox 668 557 698 616; x_wconf 82' lang='lat' dir='ltr'><strong>el</strong></span> <span class='ocrx_word' id='word_1_7' title='bbox 718 549 902 617; x_wconf 78' lang='lat' dir='ltr'><strong>certissima</strong></span> <span class='ocrx_word' id='word_1_8' title='bbox 922 546 1119 628; x_wconf 78' lang='lat' dir='ltr'><strong>consedere,</strong></span> <span class='ocrx_word' id='word_1_9' title='bbox 1146 556 1181 612; x_wconf 84' lang='grc' dir='ltr'><strong>ιιι</strong></span> <span class='ocrx_word' id='word_1_10' title='bbox 1199 544 1346 613; x_wconf 82' lang='lat' dir='ltr'><strong>nihilisti</strong></span> 
     </span>
     <span class='ocr_line' id='line_1_3' title="bbox 159 653 1346 744; baseline -0.006 -19"><span class='ocrx_word' id='word_1_11' title='bbox 159 677 307 744; x_wconf 80' lang='lat' dir='ltr'><strong>peccasse</strong></span> <span class='ocrx_word' id='word_1_12' title='bbox 340 657 522 724; x_wconf 77' lang='lat' dir='ltr'><strong>videantur.</strong></span> <span class='ocrx_word' id='word_1_13' title='bbox 570 655 724 724; x_wconf 83' lang='grc' dir='ltr'><strong><em>Νιοιιιιιιιιι</em></strong></span> <span class='ocrx_word' id='word_1_14' title='bbox 755 661 788 722; x_wconf 92' lang='lat' dir='ltr'><strong>in</strong></span> <span class='ocrx_word' id='word_1_15' title='bbox 823 664 963 724; x_wconf 81' lang='lat' dir='ltr'><strong>montom</strong></span> <span class='ocrx_word' id='word_1_16' title='bbox 996 656 1083 722; x_wconf 78' lang='lat' dir='ltr'><strong>veuit</strong></span> <span class='ocrx_word' id='word_1_17' title='bbox 1115 653 1222 721; x_wconf 80' lang='lat' dir='ltr'>dicere</span> <span class='ocrx_word' id='word_1_18' title='bbox 1246 654 1346 721; x_wconf 95' lang='grc' dir='ltr'><strong><em>δείδιθι</em></strong></span> 
     </span>
     <span class='ocr_line' id='line_1_4' title="bbox 158 762 923 852; baseline 0 -22"><span class='ocrx_word' id='word_1_19' title='bbox 158 762 314 852; x_wconf 80' lang='lat' dir='ltr'><strong>producta</strong></span> <span class='ocrx_word' id='word_1_20' title='bbox 339 765 515 852; x_wconf 72' lang='lat' dir='ltr'><strong>penultima</strong></span> <span class='ocrx_word' id='word_1_21' title='bbox 539 763 572 828; x_wconf 91' lang='lat' dir='ltr'><strong>iu</strong></span> <span class='ocrx_word' id='word_1_22' title='bbox 598 763 818 848; x_wconf 80' lang='lat' dir='ltr'><strong>Aiecipiorm.</strong></span> <span class='ocrx_word' id='word_1_23' title='bbox 846 767 923 830; x_wconf 77' lang='lat'><strong>445.</strong></span> 
     </span>
     <span class='ocr_line' id='line_1_5' title="bbox 293 867 1164 952; baseline -0.003 -14"><span class='ocrx_word' id='word_1_24' title='bbox 293 867 381 938; x_wconf 79' lang='grc' dir='ltr'><strong><em>ἱέντα</em></strong></span> <span class='ocrx_word' id='word_1_25' title='bbox 404 870 443 936; x_wconf 85' lang='grc' dir='ltr'><strong>τὺ</strong></span> <span class='ocrx_word' id='word_1_26' title='bbox 467 872 511 951; x_wconf 73' lang='grc' dir='ltr'><strong>μδ</strong></span> <span class='ocrx_word' id='word_1_27' title='bbox 535 869 652 949; x_wconf 87' lang='grc' dir='ltr'><strong><em>δείδιθι,</em></strong></span> <span class='ocrx_word' id='word_1_28' title='bbox 677 869 781 949; x_wconf 76' lang='grc' dir='ltr'><strong><em>μέλοιο</em></strong></span> <span class='ocrx_word' id='word_1_29' title='bbox 804 870 836 935; x_wconf 83' lang='grc' dir='ltr'><strong>δέ</strong></span> <span class='ocrx_word' id='word_1_30' title='bbox 859 868 999 950; x_wconf 83' lang='grc' dir='ltr'><strong><em>τοέμταν</em></strong></span> <span class='ocrx_word' id='word_1_31' title='bbox 1022 870 1164 952; x_wconf 69' lang='grc' dir='ltr'><strong><em>δρυμοῖς,</em></strong></span> 
     </span>
     <span class='ocr_line' id='line_1_6' title="bbox 159 973 1348 1064; baseline -0.003 -20"><span class='ocrx_word' id='word_1_32' title='bbox 159 974 245 1044; x_wconf 85' lang='lat' dir='ltr'><strong>unde</strong></span> <span class='ocrx_word' id='word_1_33' title='bbox 276 977 473 1064; x_wconf 86' lang='lat' dir='ltr'><strong>praesidium</strong></span> <span class='ocrx_word' id='word_1_34' title='bbox 508 974 665 1042; x_wconf 74' lang='lat' dir='ltr'><strong>laboranti</strong></span> <span class='ocrx_word' id='word_1_35' title='bbox 698 975 809 1041; x_wconf 81' lang='grc' dir='ltr'><strong><em>Ιίιιιιιιο</em></strong></span> <span class='ocrx_word' id='word_1_36' title='bbox 842 976 1024 1062; x_wconf 74' lang='lat' dir='ltr'><strong>quaesitum</strong></span> <span class='ocrx_word' id='word_1_37' title='bbox 1055 985 1121 1054; x_wconf 78' lang='lat' dir='ltr'><strong>est,</strong></span> <span class='ocrx_word' id='word_1_38' title='bbox 1152 975 1204 1042; x_wconf 89' lang='lat' dir='ltr'><strong>oui</strong></span> <span class='ocrx_word' id='word_1_39' title='bbox 1227 973 1348 1062; x_wconf 76' lang='lat' dir='ltr'><strong>placuit</strong></span> 
     </span>
     <span class='ocr_line' id='line_1_7' title="bbox 159 1082 535 1163; baseline -0.008 -12"><span class='ocrx_word' id='word_1_40' title='bbox 159 1082 302 1151; x_wconf 84' lang='lat' dir='ltr'><strong>seribere</strong></span> <span class='ocrx_word' id='word_1_41' title='bbox 326 1082 388 1151; x_wconf 81' lang='lat' dir='ltr'><strong>iah.</strong></span> <span class='ocrx_word' id='word_1_42' title='bbox 415 1089 478 1163; x_wconf 73' lang='lat'><strong>74,</strong></span> <span class='ocrx_word' id='word_1_43' title='bbox 503 1088 535 1148; x_wconf 69' lang='grc' dir='ltr'><strong><em>δ.</em></strong></span> 
     </span>
     <span class='ocr_line' id='line_1_8' title="bbox 259 1188 1060 1273; baseline -0.002 -15"><span class='ocrx_word' id='word_1_44' title='bbox 259 1209 264 1218; x_wconf 90' lang='grc'><em>“</em></span> <span class='ocrx_word' id='word_1_45' title='bbox 385 1189 509 1258; x_wconf 82' lang='grc' dir='ltr'><strong><em>τοίντον</em></strong></span> <span class='ocrx_word' id='word_1_46' title='bbox 532 1190 703 1270; x_wconf 72' lang='grc' dir='ltr'><strong><em>λεγόντοιν·</em></strong></span> <span class='ocrx_word' id='word_1_47' title='bbox 729 1191 773 1269; x_wconf 78' lang='grc' dir='ltr'><strong><em>μίι</em></strong></span> <span class='ocrx_word' id='word_1_48' title='bbox 796 1188 907 1268; x_wconf 88' lang='grc' dir='ltr'><strong><em>δέδιθι,</em></strong></span> <span class='ocrx_word' id='word_1_49' title='bbox 933 1189 1060 1273; x_wconf 61' lang='lat' dir='ltr'><strong>codice.</strong></span> 
     </span>
     <span class='ocr_line' id='line_1_9' title="bbox 159 1293 1346 1384; baseline -0.003 -23"><span class='ocrx_word' id='word_1_50' title='bbox 159 1296 216 1384; x_wconf 88' lang='lat' dir='ltr'><strong>qui</strong></span> <span class='ocrx_word' id='word_1_51' title='bbox 247 1295 306 1362; x_wconf 87' lang='lat' dir='ltr'><strong>ioci</strong></span> <span class='ocrx_word' id='word_1_52' title='bbox 340 1316 402 1363; x_wconf 88' lang='lat' dir='ltr'><strong>non</strong></span> <span class='ocrx_word' id='word_1_53' title='bbox 434 1295 636 1363; x_wconf 78' lang='lat' dir='ltr'><strong>demonstrat</strong></span> <span class='ocrx_word' id='word_1_54' title='bbox 667 1296 756 1364; x_wconf 85' lang='grc' dir='ltr'><strong><em>δέδῖθι</em></strong></span> <span class='ocrx_word' id='word_1_55' title='bbox 790 1295 870 1364; x_wconf 73' lang='lat' dir='ltr'><strong>irene</strong></span> <span class='ocrx_word' id='word_1_56' title='bbox 894 1297 1052 1363; x_wconf 88' lang='lat' dir='ltr'><strong>Graecum</strong></span> <span class='ocrx_word' id='word_1_57' title='bbox 1075 1315 1164 1374; x_wconf 84' lang='lat' dir='ltr'><strong>esse,</strong></span> <span class='ocrx_word' id='word_1_58' title='bbox 1197 1293 1250 1362; x_wconf 90' lang='lat' dir='ltr'><strong>sed</strong></span> <span class='ocrx_word' id='word_1_59' title='bbox 1278 1300 1346 1380; x_wconf 80' lang='lat' dir='ltr'><strong>poe·</strong></span> 
     </span>
     <span class='ocr_line' id='line_1_10' title="bbox 160 1400 1349 1490; baseline -0.003 -21"><span class='ocrx_word' id='word_1_60' title='bbox 160 1411 279 1469; x_wconf 77' lang='lat' dir='ltr'><strong>iasii-os</strong></span> <span class='ocrx_word' id='word_1_61' title='bbox 302 1403 467 1490; x_wconf 90' lang='lat' dir='ltr'><strong>sequiores</strong></span> <span class='ocrx_word' id='word_1_62' title='bbox 498 1403 595 1470; x_wconf 77' lang='lat' dir='ltr'><strong>etiam</strong></span> <span class='ocrx_word' id='word_1_63' title='bbox 622 1403 654 1468; x_wconf 89' lang='lat' dir='ltr'><strong>in</strong></span> <span class='ocrx_word' id='word_1_64' title='bbox 680 1401 759 1482; x_wconf 85' lang='lat' dir='ltr'><strong>hoo,</strong></span> <span class='ocrx_word' id='word_1_65' title='bbox 789 1410 825 1468; x_wconf 87' lang='lat' dir='ltr'><strong>ut</strong></span> <span class='ocrx_word' id='word_1_66' title='bbox 850 1404 881 1468; x_wconf 86' lang='lat' dir='ltr'><strong>in</strong></span> <span class='ocrx_word' id='word_1_67' title='bbox 906 1403 1066 1470; x_wconf 75' lang='lat' dir='ltr'>sexcentis</span> <span class='ocrx_word' id='word_1_68' title='bbox 1089 1400 1180 1480; x_wconf 81' lang='lat' dir='ltr'><strong>aliis,</strong></span> <span class='ocrx_word' id='word_1_69' title='bbox 1205 1401 1349 1487; x_wconf 68' lang='lat' dir='ltr'><strong>grauiter</strong></span> 
     </span>
     <span class='ocr_line' id='line_1_11' title="bbox 160 1505 1349 1598; baseline -0.003 -23"><span class='ocrx_word' id='word_1_70' title='bbox 160 1511 344 1598; x_wconf 80' lang='lat' dir='ltr'><strong>impegisse.</strong></span> <span class='ocrx_word' id='word_1_71' title='bbox 393 1510 460 1576; x_wconf 88' lang='lat' dir='ltr'><strong>Nou</strong></span> <span class='ocrx_word' id='word_1_72' title='bbox 498 1511 605 1575; x_wconf 81' lang='lat' dir='ltr'><strong>nriuus</strong></span> <span class='ocrx_word' id='word_1_73' title='bbox 640 1518 688 1576; x_wconf 78' lang='lat' dir='ltr'><strong>esi</strong></span> <span class='ocrx_word' id='word_1_74' title='bbox 725 1509 876 1576; x_wconf 74' lang='lat' dir='ltr'><strong>vitiosum</strong></span> <span class='ocrx_word' id='word_1_75' title='bbox 913 1507 1001 1575; x_wconf 89' lang='grc' dir='ltr'><strong><em>δέδιθι</em></strong></span> <span class='ocrx_word' id='word_1_76' title='bbox 1037 1507 1192 1596; x_wconf 74' lang='lat' dir='ltr'><strong>producta</strong></span> <span class='ocrx_word' id='word_1_77' title='bbox 1224 1505 1349 1584; x_wconf 88' lang='lat' dir='ltr'><strong>media,</strong></span> 
     </span>
     <span class='ocr_line' id='line_1_12' title="bbox 159 1612 1349 1704; baseline -0.003 -21"><span class='ocrx_word' id='word_1_78' title='bbox 159 1637 256 1704; x_wconf 84' lang='lat' dir='ltr'><strong>quam</strong></span> <span class='ocrx_word' id='word_1_79' title='bbox 282 1617 308 1682; x_wconf 91' lang='lat' dir='ltr'><strong>si</strong></span> <span class='ocrx_word' id='word_1_80' title='bbox 330 1616 463 1683; x_wconf 87' lang='lat' dir='ltr'><strong>eandem</strong></span> <span class='ocrx_word' id='word_1_81' title='bbox 489 1616 523 1681; x_wconf 89' lang='lat' dir='ltr'><strong>in</strong></span> <span class='ocrx_word' id='word_1_82' title='bbox 547 1615 634 1681; x_wconf 79' lang='grc' dir='ltr'><strong><em>δπιθι</em></strong></span> <span class='ocrx_word' id='word_1_83' title='bbox 661 1614 757 1682; x_wconf 78' lang='lat' dir='ltr'><strong>relies</strong></span> <span class='ocrx_word' id='word_1_84' title='bbox 780 1613 973 1700; x_wconf 85' lang='lat' dir='ltr'><strong>producere,</strong></span> <span class='ocrx_word' id='word_1_85' title='bbox 998 1613 1082 1702; x_wconf 89' lang='lat' dir='ltr'><strong>quod</strong></span> <span class='ocrx_word' id='word_1_86' title='bbox 1106 1613 1181 1682; x_wconf 82' lang='lat' dir='ltr'><strong>iaoil</strong></span> <span class='ocrx_word' id='word_1_87' title='bbox 1208 1612 1349 1703; x_wconf 86' lang='lat' dir='ltr'><strong>praeola-</strong></span> 
     </span>
     <span class='ocr_line' id='line_1_13' title="bbox 160 1721 1122 1811; baseline 0.001 -23"><span class='ocrx_word' id='word_1_88' title='bbox 160 1743 218 1790; x_wconf 90' lang='lat' dir='ltr'><strong>rus</strong></span> <span class='ocrx_word' id='word_1_89' title='bbox 242 1731 334 1811; x_wconf 80' lang='lat' dir='ltr'><strong>poeta</strong></span> <span class='ocrx_word' id='word_1_90' title='bbox 359 1724 392 1789; x_wconf 93' lang='lat' dir='ltr'><strong>iu</strong></span> <span class='ocrx_word' id='word_1_91' title='bbox 418 1721 557 1788; x_wconf 87' lang='lat' dir='ltr'><strong>Schoiiis</strong></span> <span class='ocrx_word' id='word_1_92' title='bbox 581 1721 620 1788; x_wconf 90' lang='lat' dir='ltr'><strong>ad</strong></span> <span class='ocrx_word' id='word_1_93' title='bbox 648 1721 800 1788; x_wconf 82' lang='lat' dir='ltr'><strong>Luormuu</strong></span> <span class='ocrx_word' id='word_1_94' title='bbox 826 1741 854 1808; x_wconf 91' lang='lat' dir='ltr'><strong>p.</strong></span> <span class='ocrx_word' id='word_1_95' title='bbox 876 1727 932 1790; x_wconf 82' lang='lat'><strong>60.</strong></span> <span class='ocrx_word' id='word_1_96' title='bbox 1120 1805 1122 1810; x_wconf 23' lang='grc' dir='ltr'>Ι</span> 
     </span>
     <span class='ocr_line' id='line_1_14' title="bbox 387 1827 1089 1910; baseline 0.001 -16"><span class='ocrx_word' id='word_1_97' title='bbox 387 1828 483 1894; x_wconf 75' lang='grc' dir='ltr'><strong><em>καλὸν</em></strong></span> <span class='ocrx_word' id='word_1_98' title='bbox 507 1830 542 1895; x_wconf 90' lang='grc' dir='ltr'><strong>τδ</strong></span> <span class='ocrx_word' id='word_1_99' title='bbox 567 1836 664 1907; x_wconf 78' lang='grc' dir='ltr'><strong><em>μῆλον</em></strong></span> <span class='ocrx_word' id='word_1_100' title='bbox 686 1834 746 1894; x_wconf 79' lang='grc' dir='ltr'><strong><em>τῶν</em></strong></span> <span class='ocrx_word' id='word_1_101' title='bbox 769 1828 842 1901; x_wconf 82' lang='grc' dir='ltr'><strong><em>Διδς</em></strong></span> <span class='ocrx_word' id='word_1_102' title='bbox 865 1833 974 1910; x_wconf 80' lang='grc' dir='ltr'><strong><em>χειρῶν</em></strong></span> <span class='ocrx_word' id='word_1_103' title='bbox 998 1827 1089 1910; x_wconf 76' lang='grc' dir='ltr'><strong><em>δέχου</em></strong></span> 
     </span>
     <span class='ocr_line' id='line_1_15' title="bbox 386 1933 1084 2017; baseline -0.001 -15"><span class='ocrx_word' id='word_1_104' title='bbox 386 1935 473 2002; x_wconf 76' lang='grc' dir='ltr'><strong><em>ἄπιθι</em></strong></span> <span class='ocrx_word' id='word_1_105' title='bbox 497 1935 594 2002; x_wconf 90' lang='grc' dir='ltr'><strong><em>τοίνυν</em></strong></span> <span class='ocrx_word' id='word_1_106' title='bbox 617 1936 672 2002; x_wconf 82' lang='grc' dir='ltr'><strong><em>σὺν</em></strong></span> <span class='ocrx_word' id='word_1_107' title='bbox 696 1936 780 2009; x_wconf 80' lang='grc' dir='ltr'><strong><em>θεαῖς</em></strong></span> <span class='ocrx_word' id='word_1_108' title='bbox 804 1934 877 2015; x_wconf 74' lang='grc' dir='ltr'><strong><em>τοδε</em></strong></span> <span class='ocrx_word' id='word_1_109' title='bbox 901 1935 953 2002; x_wconf 86' lang='grc' dir='ltr'><strong>τδν</strong></span> <span class='ocrx_word' id='word_1_110' title='bbox 976 1933 1084 2017; x_wconf 79' lang='grc' dir='ltr'><strong><em>Ποίοιν.</em></strong></span> 
     </span>
     <span class='ocr_line' id='line_1_16' title="bbox 162 2039 1349 2132; baseline 0.002 -24"><span class='ocrx_word' id='word_1_111' title='bbox 162 2040 247 2108; x_wconf 77' lang='lat' dir='ltr'><strong>Nihil</strong></span> <span class='ocrx_word' id='word_1_112' title='bbox 279 2041 365 2108; x_wconf 90' lang='lat' dir='ltr'><strong>onim</strong></span> <span class='ocrx_word' id='word_1_113' title='bbox 397 2051 447 2110; x_wconf 78' lang='lat' dir='ltr'><strong>est</strong></span> <span class='ocrx_word' id='word_1_114' title='bbox 478 2042 601 2108; x_wconf 74' lang='lat' dir='ltr'><strong>certius</strong></span> <span class='ocrx_word' id='word_1_115' title='bbox 632 2061 729 2128; x_wconf 88' lang='lat' dir='ltr'><strong>quam</strong></span> <span class='ocrx_word' id='word_1_116' title='bbox 755 2043 786 2106; x_wconf 90' lang='lat' dir='ltr'><strong>iu</strong></span> <span class='ocrx_word' id='word_1_117' title='bbox 811 2039 931 2120; x_wconf 79' lang='grc' dir='ltr'><strong><em>δέδιμεν</em></strong></span> <span class='ocrx_word' id='word_1_118' title='bbox 955 2040 1132 2132; x_wconf 78' lang='grc' dir='ltr'><strong><em>(δείδιμεν),</em></strong></span> <span class='ocrx_word' id='word_1_119' title='bbox 1158 2041 1253 2110; x_wconf 79' lang='grc' dir='ltr'><strong><em>δέδιτε</em></strong></span> <span class='ocrx_word' id='word_1_120' title='bbox 1279 2041 1349 2126; x_wconf 79' lang='grc' dir='ltr'><strong><em>(δεί-</em></strong></span> 
     </span>
     <span class='ocr_line' id='line_1_17' title="bbox 160 2145 1349 2239; baseline 0 -23"><span class='ocrx_word' id='word_1_121' title='bbox 160 2148 258 2232; x_wconf 79' lang='grc' dir='ltr'><strong><em>διτε),</em></strong></span> <span class='ocrx_word' id='word_1_122' title='bbox 288 2147 377 2216; x_wconf 88' lang='grc' dir='ltr'><strong><em>δέδιθι</em></strong></span> <span class='ocrx_word' id='word_1_123' title='bbox 409 2148 556 2239; x_wconf 85' lang='grc' dir='ltr'><strong><em>(δείδιθι),</em></strong></span> <span class='ocrx_word' id='word_1_124' title='bbox 592 2158 627 2216; x_wconf 86' lang='lat' dir='ltr'><strong>ui</strong></span> <span class='ocrx_word' id='word_1_125' title='bbox 660 2150 691 2214; x_wconf 90' lang='lat' dir='ltr'><strong>in</strong></span> <span class='ocrx_word' id='word_1_126' title='bbox 724 2145 858 2227; x_wconf 78' lang='grc' dir='ltr'><strong><em>έςαμεν,</em></strong></span> <span class='ocrx_word' id='word_1_127' title='bbox 889 2145 1001 2228; x_wconf 79' lang='grc' dir='ltr'><strong><em>έςατε,</em></strong></span> <span class='ocrx_word' id='word_1_128' title='bbox 1038 2146 1143 2226; x_wconf 65' lang='lat' dir='ltr'><strong>iecor,</strong></span> <span class='ocrx_word' id='word_1_129' title='bbox 1179 2149 1349 2230; x_wconf 87' lang='grc' dir='ltr'><strong><em>τέθναμεν,</em></strong></span> 
     </span>
     <span class='ocr_line' id='line_1_18' title="bbox 160 2252 1349 2344; baseline -0.002 -22"><span class='ocrx_word' id='word_1_130' title='bbox 160 2255 307 2334; x_wconf 85' lang='grc' dir='ltr'><strong><em>τέθνατε,</em></strong></span> <span class='ocrx_word' id='word_1_131' title='bbox 330 2255 466 2334; x_wconf 88' lang='grc' dir='ltr'><strong><em>τέθναθι,</em></strong></span> <span class='ocrx_word' id='word_1_132' title='bbox 493 2263 524 2322; x_wconf 86' lang='lat' dir='ltr'><strong>ei</strong></span> <span class='ocrx_word' id='word_1_133' title='bbox 544 2253 683 2321; x_wconf 80' lang='grc' dir='ltr'><strong><em>ἐδέδισαν</em></strong></span> <span class='ocrx_word' id='word_1_134' title='bbox 703 2253 893 2344; x_wconf 70' lang='grc' dir='ltr'><strong><em>(ἐδείδισαν),</em></strong></span> <span class='ocrx_word' id='word_1_135' title='bbox 919 2252 1055 2335; x_wconf 79' lang='grc' dir='ltr'><strong><em>ἕςαοαν,</em></strong></span> <span class='ocrx_word' id='word_1_136' title='bbox 1080 2255 1246 2322; x_wconf 87' lang='grc' dir='ltr'><strong><em>έτέθναταν</em></strong></span> <span class='ocrx_word' id='word_1_137' title='bbox 1264 2263 1296 2322; x_wconf 86' lang='lat' dir='ltr'><strong>ei</strong></span> <span class='ocrx_word' id='word_1_138' title='bbox 1317 2257 1349 2321; x_wconf 87' lang='lat' dir='ltr'><strong>in</strong></span> 
     </span>
     <span class='ocr_line' id='line_1_19' title="bbox 163 2359 1351 2450; baseline 0.002 -24"><span class='ocrx_word' id='word_1_139' title='bbox 163 2359 333 2426; x_wconf 80' lang='lat' dir='ltr'><strong>infinitivis</strong></span> <span class='ocrx_word' id='word_1_140' title='bbox 361 2361 509 2440; x_wconf 88' lang='grc' dir='ltr'><strong><em>δειδίμεν,</em></strong></span> <span class='ocrx_word' id='word_1_141' title='bbox 536 2359 708 2442; x_wconf 80' lang='grc' dir='ltr'><strong><em>τεθνοέμεν,</em></strong></span> <span class='ocrx_word' id='word_1_142' title='bbox 739 2361 901 2439; x_wconf 83' lang='grc' dir='ltr'><strong><em>τεθνοέναι,</em></strong></span> <span class='ocrx_word' id='word_1_143' title='bbox 931 2363 1039 2434; x_wconf 69' lang='lat' dir='ltr'><strong>isdem</strong></span> <span class='ocrx_word' id='word_1_144' title='bbox 1064 2361 1258 2450; x_wconf 78' lang='lat' dir='ltr'><strong>penultimus</strong></span> <span class='ocrx_word' id='word_1_145' title='bbox 1281 2381 1351 2428; x_wconf 82' lang='lat' dir='ltr'><strong>esse</strong></span> 
     </span>
     <span class='ocr_line' id='line_1_20' title="bbox 130 2467 1352 2556; baseline 0.003 -24"><span class='ocrx_word' id='word_1_146' title='bbox 130 2485 136 2496; x_wconf 80' lang='grc'>’</span> <span class='ocrx_word' id='word_1_147' title='bbox 165 2476 280 2534; x_wconf 73' lang='lat' dir='ltr'><strong>natura</strong></span> <span class='ocrx_word' id='word_1_148' title='bbox 314 2475 479 2554; x_wconf 82' lang='lat' dir='ltr'><strong>eorreplas</strong></span> <span class='ocrx_word' id='word_1_149' title='bbox 512 2487 616 2555; x_wconf 84' lang='lat' dir='ltr'><strong>neque</strong></span> <span class='ocrx_word' id='word_1_150' title='bbox 647 2467 711 2535; x_wconf 86' lang='lat' dir='ltr'><strong>ulio</strong></span> <span class='ocrx_word' id='word_1_151' title='bbox 736 2467 829 2535; x_wconf 92' lang='lat' dir='ltr'><strong>modo</strong></span> <span class='ocrx_word' id='word_1_152' title='bbox 853 2467 985 2556; x_wconf 80' lang='lat' dir='ltr'><strong>produci</strong></span> <span class='ocrx_word' id='word_1_153' title='bbox 1011 2488 1118 2556; x_wconf 85' lang='lat' dir='ltr'><strong>posse,</strong></span> <span class='ocrx_word' id='word_1_154' title='bbox 1144 2468 1352 2556; x_wconf 85' lang='lat' dir='ltr'><strong>quemadmo-</strong></span> 
     </span>
     <span class='ocr_line' id='line_1_21' title="bbox 163 2572 1350 2662; baseline 0.002 -22"><span class='ocrx_word' id='word_1_155' title='bbox 163 2572 240 2640; x_wconf 85' lang='lat' dir='ltr'><strong>dum</strong></span> <span class='ocrx_word' id='word_1_156' title='bbox 268 2575 343 2640; x_wconf 77' lang='lat' dir='ltr'><strong>item</strong></span> <span class='ocrx_word' id='word_1_157' title='bbox 367 2582 493 2642; x_wconf 78' lang='lat' dir='ltr'><strong>eousiet</strong></span> <span class='ocrx_word' id='word_1_158' title='bbox 516 2594 552 2641; x_wconf 88' lang='lat' dir='ltr'><strong>ea</strong></span> <span class='ocrx_word' id='word_1_159' title='bbox 575 2575 684 2642; x_wconf 86' lang='lat' dir='ltr'><strong>omnia</strong></span> <span class='ocrx_word' id='word_1_160' title='bbox 708 2573 793 2662; x_wconf 88' lang='lat' dir='ltr'><strong>apud</strong></span> <span class='ocrx_word' id='word_1_161' title='bbox 815 2583 939 2642; x_wconf 76' lang='lat' dir='ltr'><strong>veteres</strong></span> <span class='ocrx_word' id='word_1_162' title='bbox 963 2573 1072 2662; x_wconf 80' lang='lat' dir='ltr'><strong>poetas</strong></span> <span class='ocrx_word' id='word_1_163' title='bbox 1092 2593 1220 2662; x_wconf 82' lang='lat' dir='ltr'><strong>semper</strong></span> <span class='ocrx_word' id='word_1_164' title='bbox 1241 2574 1350 2642; x_wconf 85' lang='lat' dir='ltr'><strong>brevia</strong></span> 
     </span>
     <span class='ocr_line' id='line_1_22' title="bbox 162 2681 997 2780; baseline 0.001 -32"><span class='ocrx_word' id='word_1_165' title='bbox 162 2700 253 2759; x_wconf 85' lang='lat' dir='ltr'><strong>esse,</strong></span> <span class='ocrx_word' id='word_1_166' title='bbox 280 2688 315 2748; x_wconf 78' lang='lat' dir='ltr'><strong>ut</strong></span> <span class='ocrx_word' id='word_1_167' title='bbox 338 2681 422 2770; x_wconf 90' lang='lat' dir='ltr'><strong>apud</strong></span> <span class='ocrx_word' id='word_1_168' title='bbox 448 2681 616 2749; x_wconf 81' lang='lat' dir='ltr'><strong>Houruuu:</strong></span> <span class='ocrx_word' id='word_1_169' title='bbox 808 2765 815 2780; x_wconf 32' lang='grc' dir='ltr'><strong><em>ο</em></strong></span> <span class='ocrx_word' id='word_1_170' title='bbox 996 2695 997 2698; x_wconf 75' lang='grc'>’</span> 
     </span>
     <span class='ocr_line' id='line_1_23' title="bbox 319 2785 1172 2870; baseline -0.001 -16"><span class='ocrx_word' id='word_1_171' title='bbox 319 2787 398 2867; x_wconf 75' lang='grc' dir='ltr'><strong><em>μηδέ</em></strong></span> <span class='ocrx_word' id='word_1_172' title='bbox 420 2787 460 2854; x_wconf 78' lang='grc' dir='ltr'><strong>οὐ</strong></span> <span class='ocrx_word' id='word_1_173' title='bbox 484 2791 518 2868; x_wconf 73' lang='grc' dir='ltr'><strong>γ’</strong></span> <span class='ocrx_word' id='word_1_174' title='bbox 536 2790 640 2870; x_wconf 78' lang='grc' dir='ltr'><strong><em>’Άριια</em></strong></span> <span class='ocrx_word' id='word_1_175' title='bbox 664 2787 858 2862; x_wconf 85' lang='grc' dir='ltr'><strong><em>τέδεδείδιθι</em></strong></span> <span class='ocrx_word' id='word_1_176' title='bbox 881 2789 962 2868; x_wconf 72' lang='grc' dir='ltr'><strong><em>μέτε</em></strong></span> <span class='ocrx_word' id='word_1_177' title='bbox 985 2790 1041 2854; x_wconf 89' lang='grc' dir='ltr'><strong><em>τιν’</em></strong></span> <span class='ocrx_word' id='word_1_178' title='bbox 1064 2785 1172 2855; x_wconf 72' lang='grc' dir='ltr'><strong><em>ἄλλον.</em></strong></span> 
     </span>
     <span class='ocr_line' id='line_1_24' title="bbox 318 2893 1167 2977; baseline -0.001 -15"><span class='ocrx_word' id='word_1_179' title='bbox 318 2893 395 2977; x_wconf 79' lang='grc' dir='ltr'><strong><em>Ἤοιι</em></strong></span> <span class='ocrx_word' id='word_1_180' title='bbox 418 2897 500 2976; x_wconf 71' lang='grc' dir='ltr'><strong><em>μήτε</em></strong></span> <span class='ocrx_word' id='word_1_181' title='bbox 524 2897 594 2962; x_wconf 82' lang='grc' dir='ltr'><strong><em>θεῶν</em></strong></span> <span class='ocrx_word' id='word_1_182' title='bbox 618 2895 654 2962; x_wconf 83' lang='grc' dir='ltr'><strong>τί</strong></span> <span class='ocrx_word' id='word_1_183' title='bbox 677 2920 716 2977; x_wconf 73' lang='grc' dir='ltr'><strong><em>γε</em></strong></span> <span class='ocrx_word' id='word_1_184' title='bbox 740 2895 841 2962; x_wconf 84' lang='grc' dir='ltr'><strong><em>δείδιθι</em></strong></span> <span class='ocrx_word' id='word_1_185' title='bbox 863 2895 945 2975; x_wconf 80' lang='grc' dir='ltr'><strong><em>μιίτε</em></strong></span> <span class='ocrx_word' id='word_1_186' title='bbox 969 2897 1025 2962; x_wconf 80' lang='grc' dir='ltr'><strong><em>τιν’</em></strong></span> <span class='ocrx_word' id='word_1_187' title='bbox 1047 2894 1167 2977; x_wconf 70' lang='grc' dir='ltr'><strong><em>ἀνδρῶν.</em></strong></span> 
     </span>
     <span class='ocr_line' id='line_1_25' title="bbox 320 3000 1174 3086; baseline 0.002 -18"><span class='ocrx_word' id='word_1_188' title='bbox 320 3002 423 3083; x_wconf 70' lang='lat' dir='ltr'><strong>cepoe</strong></span> <span class='ocrx_word' id='word_1_189' title='bbox 446 3001 525 3084; x_wconf 79' lang='grc' dir='ltr'><strong><em>μηδέ</em></strong></span> <span class='ocrx_word' id='word_1_190' title='bbox 548 3026 579 3070; x_wconf 89' lang='grc' dir='ltr'><strong><em>τι</em></strong></span> <span class='ocrx_word' id='word_1_191' title='bbox 603 3002 722 3085; x_wconf 78' lang='grc' dir='ltr'><strong><em>τοίγχυ</em></strong></span> <span class='ocrx_word' id='word_1_192' title='bbox 745 3002 830 3082; x_wconf 82' lang='grc' dir='ltr'><strong><em>μετοδ</em></strong></span> <span class='ocrx_word' id='word_1_193' title='bbox 853 3002 943 3086; x_wconf 79' lang='grc' dir='ltr'><strong><em>φρεσί</em></strong></span> <span class='ocrx_word' id='word_1_194' title='bbox 969 3001 1069 3070; x_wconf 85' lang='grc' dir='ltr'><strong><em>δείδιθι</em></strong></span> <span class='ocrx_word' id='word_1_195' title='bbox 1092 3000 1174 3078; x_wconf 75' lang='grc' dir='ltr'><strong><em>λίην.</em></strong></span> 
     </span>
     <span class='ocr_line' id='line_1_26' title="bbox 162 3105 581 3197; baseline 0.005 -23"><span class='ocrx_word' id='word_1_196' title='bbox 162 3118 198 3175; x_wconf 83' lang='grc' dir='ltr'><strong>ιιι</strong></span> <span class='ocrx_word' id='word_1_197' title='bbox 223 3105 307 3197; x_wconf 89' lang='lat' dir='ltr'><strong>apud</strong></span> <span class='ocrx_word' id='word_1_198' title='bbox 333 3109 581 3176; x_wconf 76' lang='lat' dir='ltr'><strong>dmsrorururur:</strong></span> 
     </span>
     <span class='ocr_line' id='line_1_27' title="bbox 365 3211 843 3296; baseline 0.004 -16"><span class='ocrx_word' id='word_1_199' title='bbox 365 3216 480 3296; x_wconf 75' lang='grc' dir='ltr'><strong><em>μηδὲν,</em></strong></span> <span class='ocrx_word' id='word_1_200' title='bbox 503 3211 604 3294; x_wconf 74' lang='lat' dir='ltr'><strong>droia,</strong></span> <span class='ocrx_word' id='word_1_201' title='bbox 627 3213 716 3282; x_wconf 88' lang='grc' dir='ltr'><strong><em>δέδιθι</em></strong></span> <span class='ocrx_word' id='word_1_202' title='bbox 739 3215 843 3296; x_wconf 75' lang='grc' dir='ltr'><strong><em>μηδέν.</em></strong></span> 
     </span>
     <span class='ocr_line' id='line_1_28' title="bbox 367 3319 1091 3405; baseline 0.001 -18"><span class='ocrx_word' id='word_1_203' title='bbox 367 3321 419 3387; x_wconf 79' lang='grc' dir='ltr'><strong>καί</strong></span> <span class='ocrx_word' id='word_1_204' title='bbox 442 3321 488 3403; x_wconf 76' lang='grc' dir='ltr'><strong>μδ</strong></span> <span class='ocrx_word' id='word_1_205' title='bbox 511 3322 618 3401; x_wconf 86' lang='grc' dir='ltr'><strong><em>δέδιθ’,</em></strong></span> <span class='ocrx_word' id='word_1_206' title='bbox 644 3322 677 3388; x_wconf 80' lang='grc' dir='ltr'><strong>οὐ</strong></span> <span class='ocrx_word' id='word_1_207' title='bbox 702 3319 765 3404; x_wconf 67' lang='lat' dir='ltr'><strong>peip</strong></span> <span class='ocrx_word' id='word_1_208' title='bbox 789 3323 853 3392; x_wconf 81' lang='grc' dir='ltr'><strong><em>έτιν</em></strong></span> <span class='ocrx_word' id='word_1_209' title='bbox 876 3320 1091 3405; x_wconf 63' lang='grc' dir='ltr'><strong><em>ἐξῃκασμένος.</em></strong></span> 
     </span>
     <span class='ocr_line' id='line_1_29' title="bbox 163 3426 1352 3516; baseline 0.002 -22"><span class='ocrx_word' id='word_1_210' title='bbox 163 3449 246 3516; x_wconf 85' lang='lat' dir='ltr'><strong>quae</strong></span> <span class='ocrx_word' id='word_1_211' title='bbox 273 3426 428 3515; x_wconf 75' lang='lat' dir='ltr'><strong>legumus</strong></span> <span class='ocrx_word' id='word_1_212' title='bbox 460 3429 493 3494; x_wconf 89' lang='lat' dir='ltr'><strong>in</strong></span> <span class='ocrx_word' id='word_1_213' title='bbox 525 3427 623 3496; x_wconf 86' lang='grc' dir='ltr'><strong><em>ίίίοιί.</em></strong></span> <span class='ocrx_word' id='word_1_214' title='bbox 648 3439 686 3495; x_wconf 88' lang='grc' dir='ltr'><strong>Ε.</strong></span> <span class='ocrx_word' id='word_1_215' title='bbox 712 3431 788 3495; x_wconf 74' lang='lat'><strong>827.</strong></span> <span class='ocrx_word' id='word_1_216' title='bbox 813 3441 846 3498; x_wconf 80' lang='grc' dir='ltr'><strong>Ξ.</strong></span> <span class='ocrx_word' id='word_1_217' title='bbox 870 3433 947 3496; x_wconf 77' lang='lat'><strong>342.</strong></span> <span class='ocrx_word' id='word_1_218' title='bbox 977 3427 1088 3515; x_wconf 78' lang='lat' dir='ltr'><strong>Odyss.</strong></span> <span class='ocrx_word' id='word_1_219' title='bbox 1113 3437 1152 3495; x_wconf 92' lang='grc' dir='ltr'><strong>Δ.</strong></span> <span class='ocrx_word' id='word_1_220' title='bbox 1177 3433 1254 3496; x_wconf 74' lang='lat'><strong>825.</strong></span> <span class='ocrx_word' id='word_1_221' title='bbox 1284 3428 1352 3496; x_wconf 86' lang='lat' dir='ltr'><strong>Ves-</strong></span> 
     </span>
     <span class='ocr_line' id='line_1_30' title="bbox 161 3533 1353 3622; baseline 0.002 -22"><span class='ocrx_word' id='word_1_222' title='bbox 161 3536 214 3622; x_wconf 78' lang='lat' dir='ltr'><strong>pio</strong></span> <span class='ocrx_word' id='word_1_223' title='bbox 233 3539 315 3613; x_wconf 80' lang='lat'>373,</span> <span class='ocrx_word' id='word_1_224' title='bbox 348 3533 468 3622; x_wconf 77' lang='lat' dir='ltr'><strong>Equiti.</strong></span> <span class='ocrx_word' id='word_1_225' title='bbox 494 3539 576 3612; x_wconf 72' lang='lat'><strong>250.</strong></span> <span class='ocrx_word' id='word_1_226' title='bbox 608 3534 727 3621; x_wconf 86' lang='lat' dir='ltr'><strong>quibus</strong></span> <span class='ocrx_word' id='word_1_227' title='bbox 752 3534 854 3602; x_wconf 80' lang='lat' dir='ltr'><strong>mulla</strong></span> <span class='ocrx_word' id='word_1_228' title='bbox 878 3535 997 3621; x_wconf 86' lang='lat' dir='ltr'><strong>passim</strong></span> <span class='ocrx_word' id='word_1_229' title='bbox 1022 3533 1140 3601; x_wconf 78' lang='lat' dir='ltr'><strong>similia</strong></span> <span class='ocrx_word' id='word_1_230' title='bbox 1164 3544 1353 3602; x_wconf 78' lang='lat' dir='ltr'><strong>occurrunt.</strong></span> 
     </span>
     <span class='ocr_line' id='line_1_31' title="bbox 166 3637 1354 3727; baseline 0.002 -21"><span class='ocrx_word' id='word_1_231' title='bbox 166 3637 249 3721; x_wconf 83' lang='lat' dir='ltr'><strong>Quid</strong></span> <span class='ocrx_word' id='word_1_232' title='bbox 282 3641 384 3727; x_wconf 76' lang='lat' dir='ltr'><strong>igilur</strong></span> <span class='ocrx_word' id='word_1_233' title='bbox 414 3639 569 3706; x_wconf 82' lang='grc' dir='ltr'><strong><em>Νιοιιιιιιιο</em></strong></span> <span class='ocrx_word' id='word_1_234' title='bbox 601 3650 633 3708; x_wconf 81' lang='grc' dir='ltr'><strong>ει</strong></span> <span class='ocrx_word' id='word_1_235' title='bbox 667 3641 781 3707; x_wconf 75' lang='lat' dir='ltr'><strong>Buram</strong></span> <span class='ocrx_word' id='word_1_236' title='bbox 804 3639 979 3707; x_wconf 78' lang='lat' dir='ltr'><strong>iaciemus?</strong></span> <span class='ocrx_word' id='word_1_237' title='bbox 1027 3639 1121 3726; x_wconf 86' lang='lat' dir='ltr'><strong>Lapsi</strong></span> <span class='ocrx_word' id='word_1_238' title='bbox 1146 3648 1239 3718; x_wconf 84' lang='lat' dir='ltr'><strong>sunt,</strong></span> <span class='ocrx_word' id='word_1_239' title='bbox 1264 3661 1354 3708; x_wconf 85' lang='lat' dir='ltr'><strong>erra·</strong></span> 
     </span>
     <span class='ocr_line' id='line_1_32' title="bbox 167 3744 1355 3834; baseline 0.002 -22"><span class='ocrx_word' id='word_1_240' title='bbox 167 3753 261 3832; x_wconf 79' lang='lat' dir='ltr'><strong>runt,</strong></span> <span class='ocrx_word' id='word_1_241' title='bbox 285 3745 354 3813; x_wconf 85' lang='lat' dir='ltr'><strong>dari</strong></span> <span class='ocrx_word' id='word_1_242' title='bbox 377 3746 467 3813; x_wconf 85' lang='lat' dir='ltr'><strong>venia</strong></span> <span class='ocrx_word' id='word_1_243' title='bbox 490 3756 592 3834; x_wconf 80' lang='lat' dir='ltr'><strong>poiesl</strong></span> <span class='ocrx_word' id='word_1_244' title='bbox 613 3745 668 3814; x_wconf 85' lang='lat' dir='ltr'><strong>sed</strong></span> <span class='ocrx_word' id='word_1_245' title='bbox 691 3750 734 3814; x_wconf 81' lang='lat' dir='ltr'><strong>iia</strong></span> <span class='ocrx_word' id='word_1_246' title='bbox 757 3756 792 3814; x_wconf 80' lang='lat' dir='ltr'><strong>ut</strong></span> <span class='ocrx_word' id='word_1_247' title='bbox 805 3744 1193 3834; x_wconf 78' lang='lat' dir='ltr'><strong>peccassesoiaieaotur,</strong></span> <span class='ocrx_word' id='word_1_248' title='bbox 1214 3757 1244 3814; x_wconf 84' lang='lat' dir='ltr'><strong>el</strong></span> <span class='ocrx_word' id='word_1_249' title='bbox 1258 3748 1355 3815; x_wconf 77' lang='lat' dir='ltr'><strong>absti-</strong></span> 
     </span>
     <span class='ocr_line' id='line_1_33' title="bbox 168 3850 1356 3941; baseline 0.003 -23"><span class='ocrx_word' id='word_1_250' title='bbox 168 3850 308 3920; x_wconf 88' lang='lat' dir='ltr'><strong>nendum</strong></span> <span class='ocrx_word' id='word_1_251' title='bbox 340 3855 403 3919; x_wconf 77' lang='lat' dir='ltr'><strong>erit</strong></span> <span class='ocrx_word' id='word_1_252' title='bbox 435 3853 566 3941; x_wconf 77' lang='lat' dir='ltr'><strong>posthae</strong></span> <span class='ocrx_word' id='word_1_253' title='bbox 597 3873 708 3921; x_wconf 87' lang='lat' dir='ltr'><strong>eorum</strong></span> <span class='ocrx_word' id='word_1_254' title='bbox 744 3854 952 3931; x_wconf 72' lang='lat' dir='ltr'><strong>testimoniis,</strong></span> <span class='ocrx_word' id='word_1_255' title='bbox 984 3874 1063 3940; x_wconf 84' lang='lat' dir='ltr'><strong>quos</strong></span> <span class='ocrx_word' id='word_1_256' title='bbox 1094 3856 1281 3941; x_wconf 79' lang='lat' dir='ltr'><strong>saepissime</strong></span> <span class='ocrx_word' id='word_1_257' title='bbox 1309 3861 1356 3922; x_wconf 87' lang='lat' dir='ltr'><strong>sio</strong></span> 
     </span>
     <span class='ocr_line' id='line_1_34' title="bbox 165 3957 1355 4046; baseline 0.004 -22"><span class='ocrx_word' id='word_1_258' title='bbox 165 3959 339 4045; x_wconf 82' lang='lat' dir='ltr'><strong>impegisse</strong></span> <span class='ocrx_word' id='word_1_259' title='bbox 372 3959 541 4026; x_wconf 77' lang='lat' dir='ltr'><strong>corrstairil.</strong></span> <span class='ocrx_word' id='word_1_260' title='bbox 590 3960 637 4027; x_wconf 86' lang='lat' dir='ltr'><strong>De</strong></span> <span class='ocrx_word' id='word_1_261' title='bbox 667 3961 805 4028; x_wconf 66' lang='lat' dir='ltr'><strong>caeteris</strong></span> <span class='ocrx_word' id='word_1_262' title='bbox 837 3961 945 4039; x_wconf 81' lang='lat' dir='ltr'><strong>vitiis,</strong></span> <span class='ocrx_word' id='word_1_263' title='bbox 968 3957 1087 4046; x_wconf 83' lang='lat' dir='ltr'><strong>quibus</strong></span> <span class='ocrx_word' id='word_1_264' title='bbox 1110 3959 1262 4028; x_wconf 81' lang='grc' dir='ltr'><strong><em>Νιιιιιιιιοιι</em></strong></span> <span class='ocrx_word' id='word_1_265' title='bbox 1286 3982 1355 4029; x_wconf 87' lang='lat' dir='ltr'><strong>cae·</strong></span> 
     </span>
     <span class='ocr_line' id='line_1_35' title="bbox 168 4063 1354 4155; baseline 0.003 -24"><span class='ocrx_word' id='word_1_266' title='bbox 168 4065 295 4151; x_wconf 77' lang='lat' dir='ltr'><strong>{orique</strong></span> <span class='ocrx_word' id='word_1_267' title='bbox 319 4063 350 4130; x_wconf 93' lang='lat' dir='ltr'><strong>id</strong></span> <span class='ocrx_word' id='word_1_268' title='bbox 374 4085 478 4152; x_wconf 78' lang='lat' dir='ltr'><strong>genus</strong></span> <span class='ocrx_word' id='word_1_269' title='bbox 502 4075 613 4153; x_wconf 79' lang='lat' dir='ltr'><strong>poetae</strong></span> <span class='ocrx_word' id='word_1_270' title='bbox 638 4067 805 4153; x_wconf 84' lang='lat' dir='ltr'><strong>antiquam</strong></span> <span class='ocrx_word' id='word_1_271' title='bbox 827 4065 970 4152; x_wconf 80' lang='lat' dir='ltr'><strong>linguam</strong></span> <span class='ocrx_word' id='word_1_272' title='bbox 999 4065 1139 4132; x_wconf 86' lang='lat' dir='ltr'><strong>ionicam</strong></span> <span class='ocrx_word' id='word_1_273' title='bbox 1165 4076 1197 4134; x_wconf 76' lang='lat' dir='ltr'><strong>ei</strong></span> <span class='ocrx_word' id='word_1_274' title='bbox 1221 4067 1354 4155; x_wconf 81' lang='lat' dir='ltr'><strong>Epioam</strong></span> 
     </span>
     <span class='ocr_line' id='line_1_36' title="bbox 166 4172 1356 4261; baseline 0.003 -23"><span class='ocrx_word' id='word_1_275' title='bbox 166 4172 449 4249; x_wconf 80' lang='lat' dir='ltr'><strong>conrammaront,</strong></span> <span class='ocrx_word' id='word_1_276' title='bbox 474 4172 576 4260; x_wconf 84' lang='lat' dir='ltr'><strong>deque</strong></span> <span class='ocrx_word' id='word_1_277' title='bbox 597 4172 763 4259; x_wconf 77' lang='lat' dir='ltr'><strong>prosodiae</strong></span> <span class='ocrx_word' id='word_1_278' title='bbox 785 4173 902 4240; x_wconf 77' lang='lat' dir='ltr'><strong>veleris</strong></span> <span class='ocrx_word' id='word_1_279' title='bbox 924 4173 1073 4252; x_wconf 71' lang='lat' dir='ltr'><strong>inscitia,</strong></span> <span class='ocrx_word' id='word_1_280' title='bbox 1096 4192 1179 4259; x_wconf 87' lang='lat' dir='ltr'><strong>quae</strong></span> <span class='ocrx_word' id='word_1_281' title='bbox 1197 4174 1282 4261; x_wconf 86' lang='lat' dir='ltr'><strong>apud</strong></span> <span class='ocrx_word' id='word_1_282' title='bbox 1303 4193 1356 4242; x_wconf 86' lang='lat' dir='ltr'><strong>eos</strong></span> 
     </span>
     <span class='ocr_line' id='line_1_37' title="bbox 166 4277 1357 4368; baseline 0.001 -23"><span class='ocrx_word' id='word_1_283' title='bbox 166 4297 285 4346; x_wconf 86' lang='lat' dir='ltr'><strong>omnes</strong></span> <span class='ocrx_word' id='word_1_284' title='bbox 310 4288 461 4367; x_wconf 82' lang='lat' dir='ltr'><strong>apparel,</strong></span> <span class='ocrx_word' id='word_1_285' title='bbox 492 4299 526 4345; x_wconf 89' lang='grc' dir='ltr'><strong>ιιι</strong></span> <span class='ocrx_word' id='word_1_286' title='bbox 551 4281 660 4347; x_wconf 87' lang='lat' dir='ltr'><strong>animo</strong></span> <span class='ocrx_word' id='word_1_287' title='bbox 684 4287 732 4346; x_wconf 77' lang='lat' dir='ltr'><strong>esi</strong></span> <span class='ocrx_word' id='word_1_288' title='bbox 758 4277 940 4368; x_wconf 84' lang='lat' dir='ltr'><strong>propediem</strong></span> <span class='ocrx_word' id='word_1_289' title='bbox 966 4299 1062 4367; x_wconf 87' lang='lat' dir='ltr'><strong>quam</strong></span> <span class='ocrx_word' id='word_1_290' title='bbox 1086 4291 1195 4367; x_wconf 69' lang='lat' dir='ltr'><strong>potero</strong></span> <span class='ocrx_word' id='word_1_291' title='bbox 1219 4279 1357 4366; x_wconf 79' lang='lat' dir='ltr'><strong>diiigen-</strong></span> 
     </span>
     <span class='ocr_line' id='line_1_38' title="bbox 165 4383 1357 4471; baseline 0.002 -20"><span class='ocrx_word' id='word_1_292' title='bbox 165 4385 292 4453; x_wconf 79' lang='lat' dir='ltr'><strong>iissime</strong></span> <span class='ocrx_word' id='word_1_293' title='bbox 318 4386 481 4466; x_wconf 86' lang='lat' dir='ltr'><strong>seribere,</strong></span> <span class='ocrx_word' id='word_1_294' title='bbox 509 4407 594 4454; x_wconf 90' lang='lat' dir='ltr'><strong>nuno</strong></span> <span class='ocrx_word' id='word_1_295' title='bbox 618 4383 680 4463; x_wconf 84' lang='grc' dir='ltr'><strong><em>ίοος</em></strong></span> <span class='ocrx_word' id='word_1_296' title='bbox 699 4393 825 4456; x_wconf 76' lang='lat' dir='ltr'><strong>ionium</strong></span> <span class='ocrx_word' id='word_1_297' title='bbox 847 4387 1023 4471; x_wconf 67' lang='lat' dir='ltr'><strong>attingam,</strong></span> <span class='ocrx_word' id='word_1_298' title='bbox 1048 4384 1087 4452; x_wconf 91' lang='lat' dir='ltr'><strong>de</strong></span> <span class='ocrx_word' id='word_1_299' title='bbox 1105 4387 1198 4454; x_wconf 92' lang='lat' dir='ltr'><strong>ouius</strong></span> <span class='ocrx_word' id='word_1_300' title='bbox 1210 4385 1357 4453; x_wconf 82' lang='lat' dir='ltr'><strong>vocabuli</strong></span> 
     </span>
     <span class='ocr_line' id='line_1_39' title="bbox 166 4491 1357 4581; baseline -0.003 -21"><span class='ocrx_word' id='word_1_301' title='bbox 166 4494 349 4581; x_wconf 73' lang='lat' dir='ltr'><strong>quantitate</strong></span> <span class='ocrx_word' id='word_1_302' title='bbox 378 4491 459 4562; x_wconf 88' lang='lat' dir='ltr'><strong>mihi</strong></span> <span class='ocrx_word' id='word_1_303' title='bbox 480 4513 553 4562; x_wconf 88' lang='lat' dir='ltr'><strong>oum</strong></span> <span class='ocrx_word' id='word_1_304' title='bbox 578 4494 729 4564; x_wconf 77' lang='lat' dir='ltr'><strong>Mercurio</strong></span> <span class='ocrx_word' id='word_1_305' title='bbox 754 4514 815 4563; x_wconf 85' lang='lat' dir='ltr'><strong>oon</strong></span> <span class='ocrx_word' id='word_1_306' title='bbox 838 4492 1010 4569; x_wconf 74' lang='lat' dir='ltr'><strong>convenit,</strong></span> <span class='ocrx_word' id='word_1_307' title='bbox 1035 4492 1129 4560; x_wconf 87' lang='lat' dir='ltr'><strong>ouius</strong></span> <span class='ocrx_word' id='word_1_308' title='bbox 1152 4491 1226 4561; x_wconf 82' lang='lat' dir='ltr'><strong>vide</strong></span> <span class='ocrx_word' id='word_1_309' title='bbox 1253 4491 1357 4559; x_wconf 80' lang='lat' dir='ltr'><strong>Vindi-</strong></span> 
     </span>
    </p>
   </div>
   <div class='ocr_carea' id='block_1_3' title="bbox 0 0 1589 4972">
    <p class='ocr_par' dir='ltr' id='par_1_3' title="bbox 0 0 1589 4972">
     <span class='ocr_line' id='line_1_40' title="bbox 0 0 1589 4972; baseline 0 0"><span class='ocrx_word' id='word_1_310' title='bbox 0 0 1589 4972; x_wconf 95' lang='lat' dir='ltr'><strong> </strong></span> 
     </span>
    </p>
   </div>
  </div>
 </body>
</html>
