3150 4972
828 355 897 428 156

257 547 388 636 ὑεέςερον
424 551 459 618 τὺ
495 556 603 633 τὺμα,
637 552 693 628 τέιν
726 555 849 633 ψυχὴν,
880 550 935 626 rim
966 549 1089 626 ούτίαν,
1118 549 1174 626 τίον
1204 549 1317 634 Φύσιν,
1352 547 1450 638 idque

257 657 476 745 reponendum
501 667 568 736 est,
592 657 649 727 sed
673 656 774 724 forma
800 657 961 724 Isocraten
985 655 1232 738 ααταθεεςέρως,
1256 656 1367 746 quales
1387 655 1451 723 inr-

258 783 327 830 mas
363 784 437 830 num
475 761 580 846 ἔχειν,
617 763 799 843 διατιθέναι,
828 772 861 830 et
894 765 1065 831 διακεῖσθαι
1097 764 1233 848 iungere
1256 773 1367 830 amant
1392 763 1449 850 qui

256 869 452 936 nitidissime
472 869 630 937 scribunt.
656 870 785 958 (inpiam
808 870 922 936 harum
944 869 1121 936 formarum
1143 867 1271 956 collegit
1287 869 1450 936 diarrnrar

256 975 288 1040 in
318 974 489 1040 Grammat.
513 974 666 1064 Αιιιρέίιι.
694 980 712 1061 §
739 979 816 1044 262.
841 975 960 1064 quibus
984 994 1080 1042 unam
1106 973 1244 1055 addam,
1270 985 1305 1042 ut
1330 973 1448 1042 Sorno·

255 1101 320 1146 ems
353 1079 534 1167 fragmento
559 1083 675 1150 misere
698 1081 808 1150 habito
828 1083 964 1150 satutem
989 1079 1133 1150 afferam.
1173 1081 1286 1148 Exstat
1315 1081 1347 1146 in
1372 1079 1447 1148 Sro·
1516 1120 1520 1128 ·

256 1207 322 1254 ntrr
347 1185 521 1275 Floriieyio
545 1187 612 1254 XX.
638 1192 697 1254 32:

436 1293 526 1368 ύνους
551 1295 683 1375 ἐκεῖνος,
709 1297 742 1362 αί
767 1296 795 1362 δ’
817 1293 977 1379 οίνούςεραι
1003 1292 1048 1361 ἐτι

435 1401 546 1468 ἐκεῖνον
570 1403 724 1481 ἠμύναντο
748 1399 901 1486 καρτερύ.

255 1506 409 1575 restitue:

436 1612 527 1688 ύνους
552 1615 681 1691 ἐκεῖνος,
707 1617 741 1682 αί
764 1615 790 1681 θ’
814 1612 978 1696 ύνονςέριις
1000 1610 1046 1679 ἐτι

435 1721 545 1788 ἐκεῖνον
567 1719 722 1801 ἠμύναντο
749 1719 835 1810 [πρὺς
858 1719 907 1808 τέ]
935 1717 1090 1802 καρτερύν.

254 1823 373 1891 Eodem
406 1825 552 1912 exemplo
575 1825 659 1914 apud
684 1828 900 1894 dnrrrnorrmr
923 1825 961 1890 ιέο
984 1824 1076 1890 caede
1103 1822 1236 1890 έέονοθὶι
1261 1826 1278 1909 §
1308 1829 1361 1891 18.
1388 1822 1444 1890 ubi

253 1929 406 2016 vulgatur
447 1933 682 2016 προθυμοτέρους
725 1930 810 2015 ἐχειν
850 1930 1078 2016 corrigendum
1116 1937 1164 1996 esi
1199 1929 1443 2012 προθυμοτέρους,

254 2037 330 2123 quia
354 2057 469 2104 sensns
493 2047 544 2105 est
566 2039 800 2123 προθυμοτέρους
825 2035 913 2106 είναι.
938 2037 1137 2104 Manifestior
1162 2037 1258 2103 etiam
1280 2055 1331 2102 res
1343 2043 1391 2102 est
1409 2036 1444 2102 in

256 2141 393 2220 talibus,
427 2144 520 2230 quale
549 2154 598 2211 est
621 2145 705 2233 apud
731 2146 927 2211 Tnurrnmmr
951 2143 1037 2212 vttl.
1063 2147 1117 2210 tt.
1144 2140 1193 2210 ίνα
1217 2145 1261 2223 μίν
1284 2144 1310 2210 oi
1331 2146 1445 2210 ναύται

253 2250 296 2316 τὺι
328 2252 464 2330 τύματα
499 2251 619 2336 χείρω
655 2251 750 2334 ἔχωσι
786 2252 982 2324 δαπανῶντες
1018 2250 1049 2324 ἐς
1080 2253 1232 2327 τοιαῦτα,
1263 2249 1324 2325 ridi·
1354 2245 1393 2315 ὑν
1426 2253 1445 2328 ἦ

253 2355 394 2422 οὑούένεια
425 2355 615 2439 ξυμβαίνει,
648 2360 721 2445 quis
755 2360 857 2424 nescit
882 2356 945 2422 dini
970 2360 1071 2429 κοινῶς
1095 2355 1158 2436 ἔχιν
1182 2355 1218 2420 τὺ
1242 2360 1332 2434 οὑμα
1354 2363 1387 2422 et
1410 2354 1446 2424 εὑ

253 2459 335 2546 ἐχυ,
369 2483 431 2529 non
466 2464 561 2531 κανθν
584 2474 616 2532 et
638 2463 775 2545 αγαθθνέ
801 2464 913 2550 Itaque
938 2460 1080 2529 rescribe
1102 2469 1204 2543 χεῖρον
1227 2469 1259 2528 et
1283 2471 1445 2548 expuncto

252 2568 390 2636 artionio
413 2570 474 2654 ὑφ’
497 2566 536 2638 dv
559 2571 711 2639 ὑοθένεια.
738 2569 857 2638 Eadem
883 2571 990 2655 inepte
1014 2565 1145 2633 coniusn
1171 2565 1293 2633 ridebis
1319 2569 1351 2632 in
1375 2567 1445 2634 isn-

251 2695 356 2744 cnarts
379 2679 524 2745 oratione
547 2676 586 2746 de
610 2677 692 2744 Ροοο
714 2681 731 2764 §
754 2681 814 2743 rat
837 2674 1027 2756 ὑπομένομεν
1047 2671 1100 2738 τὺν
1118 2673 1212 2752 δῆμον
1228 2674 1322 2756 χείρω
1339 2673 1444 2757 πρύτ·

251 2805 345 2850 τοντα
379 2791 437 2852 τῶν
472 2793 543 2859 ταῖς
579 2786 779 2870 ὀλιγαρχίαις
812 2780 1028 2858 δουλευόντων,
1061 2779 1135 2865 quis
1173 2778 1255 2847 ierat
1279 2779 1443 2848 dicentem

250 2888 379 2972 προίττιο
413 2890 498 2958 κακοί
534 2911 590 2978 pro
624 2897 746 2967 κακῶς,
780 2899 838 2956 aui
868 2885 979 2968 οὑγαθοί
1011 2904 1069 2972 pro
1100 2881 1152 2965 εὑ,
1186 2894 1243 2952 aut
1274 2885 1361 2952 καλοί
1384 2907 1446 2974 pro

251 3003 375 3077 καλῶς,
400 3005 457 3064 aut
480 2997 592 3079 μέτρια
617 3017 674 3085 pro
697 2995 849 3079 μετρίωςί
875 2993 1017 3060 Tandem
1041 3000 1143 3074 χεῖρον
1167 2990 1302 3058 Urbinas
1321 2991 1444 3060 arrnlit.

250 3101 378 3170 Dicitur
399 3102 525 3185 πρύττω
550 3103 645 3170 καλύν
667 3125 698 3168 τι
724 3123 780 3190 pro
804 3108 926 3181 καλῶς,
948 3110 980 3166 et
1003 3097 1123 3178 οὑγαύύν
1146 3121 1176 3163 τι
1201 3098 1249 3164 vel
1273 3097 1389 3182 χρνςύν
1409 3124 1443 3166 τι

250 3227 309 3294 pro
339 3205 386 3277 εὑ.
420 3207 506 3276 Satis
543 3211 654 3274 mirari
680 3228 742 3274 non
765 3228 916 3294 possum,
941 3203 1101 3292 quomodo
1126 3201 1275 3270 Brnrmrs
1301 3207 1334 3270 in
1359 3204 1444 3272 Ροοο

251 3333 297 3378 rs.
322 3316 387 3381 215
413 3314 555 3381 retinere
580 3319 722 3403 potnerit
746 3315 920 3380 immanem
949 3308 1200 3376 barbarismum:

431 3421 457 3487 εί
483 3419 510 3485 δ’
535 3418 575 3489 αὑ
597 3447 627 3488 τι
651 3419 815 3506 προίξαιντ’
840 3417 960 3500 ὑγαθέν
983 3416 1184 3483 οίττικοινιιιοί.

248 3545 308 3612 pro
342 3525 490 3610 πράξαιτ’
523 3536 558 3595 nt
589 3528 628 3595 ad
663 3530 748 3615 ipsos
783 3527 904 3594 Atticos
928 3529 1060 3610 repente
1084 3523 1186 3588 oratio
1210 3529 1440 3602 convertatur,

248 3631 332 3719 quod
366 3631 505 3701 sanetum
539 3643 571 3702 et
602 3633 744 3721 lepidum
773 3642 821 3700 est
845 3639 877 3700 et
902 3631 1021 3717 optime
1044 3626 1222 3706 constabit,
1246 3629 1274 3695 si
1299 3649 1346 3698 rs.
1373 3635 1440 3697 217

247 3759 325 3826 pro:

428 3846 551 3929 ἐλέγετ’
576 3847 614 3916 dr
637 3849 723 3929 ὑμεῖς
750 3846 845 3922 εὑύὺς·
870 3841 1121 3924 ἐξαπατώμεθα,

249 3949 301 4017 nbi
328 3949 414 4031 ὑμεῖς
440 3953 655 4040 incongruum
681 3963 748 4032 est,
772 3953 913 4040 legetur:

429 4059 551 4139 ἐλέγετ’
575 4060 614 4128 ἂν
638 4059 737 4136 ιὺύύς·
764 4056 888 4142 ἄνδρες,
911 4051 1154 4136 ἐξαπατώμεθα.

246 4171 410 4230 caeteruin
440 4166 621 4248 πριίττομαρ
650 4165 769 4247 οὑγαθύν
802 4191 854 4245 τι,
888 4171 924 4230 ui
956 4158 1137 4244 προύττομαι
1159 4151 1214 4236 εὑ,
1240 4176 1302 4224 non
1329 4161 1442 4231 minus

246 4269 363 4336 bellum
384 4280 450 4351 est,
475 4293 571 4359 qnam
595 4275 719 4340 Darrnrs
731 4272 904 4355 χαίρομαι,
929 4287 1024 4356 quem
1040 4263 1183 4330 suaviter
1196 4262 1303 4330 rident
1316 4287 1440 4336 omnes.

290 4375 399 4444 Facile
423 4387 471 4444 est
497 4379 528 4444 in
556 4379 712 4445 isocnarrs
737 4375 967 4444 Panathenaico
990 4379 1007 4460 §
1036 4373 1099 4437 130
1121 4369 1153 4434 in
1175 4368 1280 4436 verbis
1300 4375 1354 4440 οὑκ
1374 4373 1440 4458 ἔχοι

244 4481 332 4557 τίνας
363 4483 504 4559 ἐπαίνους
538 4486 629 4551 είπὺν
662 4483 766 4562 ὑξίονς
790 4483 829 4552 dr
853 4485 916 4560 είκν
939 4478 1060 4563 εἰρηκὼς
1084 4481 1140 4551 τῆς
1162 4485 1281 4552 ἐκείνων
1304 4483 1441 4560 διανοίας
