3178 4972
825 361 870 430 56

249 550 466 632 elocutionem,
490 553 578 621 vides
602 561 702 630 κακῶς
726 555 877 621 ἀκούοντα
899 555 1075 635 ἀντιλέγειν
1100 559 1231 643 perinde
1255 559 1318 624 dici
1344 567 1440 644 alque

249 657 470 740 λοιδορούμενον
501 662 730 742 ἀντιλοιδορεῖν,
756 680 819 746 quo
844 660 970 726 lucilius
994 672 1044 728 est
1068 662 1309 730 Turornmsruu
1334 675 1440 730 cetere

250 761 367 830 mendo
391 765 527 832 liberare
552 770 584 833 in
611 768 766 833 Citoroell.
791 787 860 853 cap.
883 765 940 833 Vl:
968 767 1078 848 ίμίοοοι
1097 773 1206 852 ταχὺ,
1231 779 1331 846 κακῶς
1349 774 1440 836 ἀνιοῦ-

251 892 304 935 οαι
336 869 402 959 [καὶ
432 873 648 961 λοιδορηθῆναι]
680 872 869 952 δινούμενοςΙ
893 873 944 940 ltic
976 896 1102 963 qnoque
1128 877 1296 944 manifesto
1321 879 1440 943 indicio

248 972 339 1042 fraus
365 987 502 1044 tenetur.
551 979 667 1045 Eodem
691 979 768 1043 vitio
793 978 977 1045 liberandus
1000 989 1049 1047 est
1076 981 1272 1049 Psortncuos
1298 986 1327 1049 in
1359 983 1438 1048 Τίο-

247 1102 298 1147 seo
328 1087 383 1149 to:
408 1086 459 1152 καί
484 1087 585 1167 rapt
619 1088 722 1160 Μίνως
746 1085 795 1152 ἀεί
819 1085 946 1151 διετέλει
970 1095 1070 1162 κακῶς
1103 1089 1218 1155 ἀκούων
1254 1091 1319 1180 [καί
1341 1090 1439 1156 λοιδο-

247 1191 400 1282 ρούροενος]
430 1194 459 1259 ἕν
482 1202 545 1268 τοῖς
569 1196 725 1265 Ἀττικοῖς
749 1189 892 1274 ύεάτροις.
941 1193 1218 1274 Quemadmodum
1244 1197 1344 1282 igitur
1373 1221 1438 1262 ποι-

249 1305 292 1365 εῖν
323 1311 355 1366 et
385 1301 543 1383 τάσχειν,
568 1298 673 1379 λέγειν
698 1308 729 1363 el
758 1299 898 1377 ἀκούειν,
923 1298 1099 1379 ε’ριβάλλειν
1128 1312 1159 1367 el
1184 1304 1351 1381 ἐμπίπτειν
1376 1302 1437 1368 sibi

249 1405 335 1471 inter
366 1427 400 1473 se
435 1405 648 1494 respondent,
683 1405 729 1470 sic
764 1402 916 1470 nonnulla
949 1409 1124 1492 composita
1156 1408 1243 1494 rerlti
1276 1408 1346 1487 ἀγα
1380 1429 1439 1496 pro
1488 1433 1492 1459 ι

247 1509 380 1591 tyrano
393 1511 510 1578 haltent
525 1511 767 1597 respondentem
783 1510 844 1576 silti
858 1509 993 1576 lormatn
1008 1513 1103 1592 ίίναι,
1118 1513 1201 1600 qnod
1218 1513 1295 1579 milti
1310 1517 1440 1602 saepius

247 1617 279 1681 io
313 1617 452 1684 κατιέναι
485 1637 541 1706 pro
572 1616 770 1696 καπάγεοίαι
802 1625 851 1682 est
884 1617 1099 1686 observatum.
1147 1617 1268 1684 Indocti
1294 1621 1438 1699 scribac,

246 1723 322 1809 quia
346 1723 405 1790 hoo
428 1743 530 1812 nequo
551 1733 705 1790 noverant
730 1742 834 1810 neque
856 1722 1094 1808 intelligebam,
1117 1725 1217 1790 solent
1239 1729 1344 1791 omnia
1360 1727 1439 1793 haec

246 1829 468 1916 interpolando
487 1841 543 1897 ant
564 1828 707 1895 vitiando
728 1829 901 1896 obscurare
923 1839 978 1895 aut
1001 1829 1145 1917 perdere.
1172 1831 1262 1913 Quod
1276 1831 1439 1900 liontrtntts

249 1935 280 2002 in
301 1935 411 2003 Medea
433 1937 670 2024 scripseratis.
702 1939 803 2002 tott:

429 2044 541 2129 ύάροει.
566 2044 685 2111 νιάτει
708 2067 754 2111 τοι
778 2041 830 2110 καί
855 2044 892 2108 ού
916 2043 989 2126 πρὸς
1012 2043 1123 2110 τίκνιον
1147 2041 1210 2108 ἔτι·

427 2148 543 2226 ἀλλους
567 2151 694 2230 κατάξω
722 2149 848 2232 πρύούεν
873 2152 890 2227 ti
914 2147 1042 2215 τάλαιν’
1066 2151 1138 2228 tro.

245 2256 354 2342 arguit
376 2255 464 2323 κάτει
488 2257 671 2344 significare
695 2257 889 2337 καταχύιίτει
915 2257 981 2322 sitte
1004 2255 1130 2322 καύύάον
1153 2253 1270 2333 τεύξει,
1295 2264 1327 2322 at
1355 2259 1437 2324 sori·

244 2361 302 2428 bae
330 2360 478 2428 stolidam
512 2366 705 2450 scripturam
739 2371 861 2442 κρατεῖς
893 2386 938 2427 τοι
969 2359 1008 2428 de
1040 2381 1099 2428 sno
1131 2358 1303 2439 dederuut,
1336 2383 1435 2448 quam

244 2466 399 2554 palmaria
441 2467 665 2534 emendatione
707 2469 832 2534 sonavit
871 2467 998 2533 i'onsom
1035 2467 1212 2551 ingenium.
1261 2467 1435 2556 Exspectat

244 2573 349 2641 adhoc
375 2573 567 2640 medicinam
587 2575 777 2642 Tuonuntoss
790 2573 871 2640 Vill.
895 2579 953 2640 te:
980 2573 1217 2652 δ’Λλιιιβιοίδιιι
1238 2573 1332 2640 illm
1351 2576 1436 2641 οὐδὲν

242 2680 323 2747 ἀλλο
347 2682 525 2747 οιιοπεῑούαι
556 2682 573 2758 ἦ
604 2677 660 2764 ίπιρ
692 2681 791 2763 τρίπιρ
824 2681 857 2746 εἰι
880 2684 934 2745 τού
958 2678 1104 2760 παρόντος
1128 2681 1243 2758 κύαμον
1266 2681 1320 2756 rip
1345 2681 1437 2747 πύλιν

243 2791 428 2870 μεταςίοας
453 2788 511 2854 orl
534 2794 592 2855 τῶν
616 2789 740 2870 ἑταίραν
761 2785 1039 2868 παρακληθείς
1058 2782 1214 2864 ιιάτειοιν,
1242 2786 1294 2851 ulti
1317 2785 1437 2852 Tunet-

242 2915 332 2961 utnss
353 2893 411 2960 ὑπὸ
434 2901 492 2960 τῶν
517 2894 641 2975 ἑταίρων
669 2893 789 2960 κάτειοι
812 2894 1004 2978 scripserat,
1032 2889 1076 2978 (id
1101 2899 1148 2956 esl
1173 2893 1435 2973 καταχύιίοεται,

244 3011 278 3068 ut
313 2999 462 3068 Graeculi
495 2999 675 3084 dicebant,)
708 2998 915 3079 deponentale
949 2995 988 3062 ab
1021 2996 1076 3062 illo
1106 2995 1266 3063 adiectum
1301 3007 1349 3063 cst
1379 2998 1437 3083 qui

243 3107 301 3172 ὑπὸ
324 3113 382 3172 τῶν
405 3107 530 3187 ἑταίρων
561 3125 622 3170 nott
655 3102 861 3189 intelligebat.
912 3103 1031 3168 llonunt
1066 3101 1186 3168 iactum
1213 3101 1296 3188 quod
1322 3102 1436 3167 absur-

243 3210 319 3278 dum
339 3211 547 3298 participium
570 3210 726 3296 arripuit:
752 3229 813 3275 non
833 3219 917 3276 esset
939 3209 1000 3274 alia
1020 3229 1119 3296 poena
1140 3208 1250 3274 exsilio
1272 3207 1385 3285 letior,
1407 3211 1435 3274 si

242 3319 315 3404 quis
341 3319 372 3382 in
398 3317 562 3403 integrum
596 3317 722 3382 restitui
753 3325 858 3403 posset
891 3317 947 3382 ὑπὸ
980 3322 1038 3380 τῶν
1069 3315 1192 3396 ἑταίρων
1223 3328 1434 3396 παρακλη·

242 3424 334 3499 θείς.
372 3424 564 3489 diminuere
586 3442 701 3489 manus
721 3425 750 3487 in
774 3420 969 3501 simillimis,
993 3430 1028 3487 ut
1048 3422 1079 3486 in
1099 3422 1204 3507 capite
1226 3423 1284 3486 68:
1308 3417 1435 3502 νομίζων

242 3532 295 3598 οὐκ
318 3528 357 3595 ἀν
381 3555 456 3597 ποτε
481 3530 574 3596 αὐτὸν
598 3530 683 3596 κατά
703 3533 737 3596 τὸ
762 3529 840 3600 risis
865 3530 917 3595 ὑπ’
945 3527 1135 3609 ὀλιγαρχίας
1161 3528 1331 3593 κατελθεῖν.
1380 3527 1433 3592 Sic

242 3657 374 3725 prorsus
394 3633 503 3703 eodem
530 3655 592 3702 uso
615 3634 736 3702 dicitur
761 3635 818 3701 dri
842 3641 899 3700 τῶν
924 3633 1047 3716 ἑταίρων
1071 3633 1209 3699 κατιέναι
1234 3643 1263 3698 et
1290 3632 1341 3699 iV.
1368 3637 1429 3700 66:

240 3741 421 3816 ἔνιπεούντες
453 3742 509 3808 dard
539 3745 593 3807 τοῦ
623 3743 754 3819 πλήθους
786 3750 815 3806 et
850 3740 873 3805 l.
903 3745 960 3819 12,
985 3739 1157 3812 ἀναςάντες
1182 3740 1239 3804 ὑπὸ
1265 3747 1433 3806 Θετταλῶν

241 3849 367 3935 aliaque
395 3847 624 3934 compluscula.
675 3849 770 3913 Plane
803 3845 1033 3912 eiusdemmodi
1068 3848 1181 3912 vitium
1214 3847 1244 3911 itt
1273 3846 1432 3911 ilcnoooro

241 3942 447 4042 deprehendi.
480 3953 532 4019 lV.
564 3959 644 4034 tot,
678 3957 729 4020 ούκ
753 3953 959 4028 ἀπονοςνίτετε
988 3953 1081 4019 ύπίτιι
1106 3954 1163 4019 ort
1187 3952 1278 4017 τῶνδε
1299 3959 1357 4017 τῶν
1384 3975 1431 4017 το·

240 4059 403 4141 ξεοριάτον
426 4058 700 4139 βαλλόμενοι,
740 4058 891 4145 qnoniam
918 4077 979 4122 non
1006 4059 1073 4146 ipsa
1098 4058 1278 4137 τοξεύματα
1299 4057 1431 4136 βάλλει,

242 4168 295 4235 sed
328 4167 498 4247 τοξεύματι
531 4167 708 4247 βάλλονται
733 4167 757 4231 oi
789 4165 837 4230 ἀεί
862 4163 1073 4243 βαλλόμενοι,
1106 4184 1253 4250 expungo
1285 4164 1428 4249 ineplttut

241 4275 449 4364 {torticipium
482 4272 521 4338 alt
556 4274 664 4359 inepto
697 4270 852 4338 Graeculo
880 4268 1097 4357 adscriptum,
1131 4291 1194 4355 quo
1226 4269 1310 4334 lacto
1333 4289 1428 4356 qnam

239 4381 353 4448 acrior'
369 4389 400 4446 ct
424 4379 748 4446 vehementioremat
772 4377 874 4443 oratio
894 4385 924 4442 et
947 4375 994 4442 rei
1014 4375 1430 4462 accommodatiorquisest

240 4487 295 4572 qui
321 4505 383 4553 non
408 4483 543 4553 sentiat?
