3150 4972
692 385 761 458 155

141 581 246 649 scribi
271 579 374 648 solent
399 588 436 646 ut
461 597 518 666 pro
538 601 634 661 -περος
655 587 687 646 et
708 603 813 653 ·τατος
834 588 961 646 ιιιιιιιιιιι
981 605 1017 664 πρ
1035 589 1121 648 ειπτ
1133 579 1336 669 praecedenti

140 689 275 756 litterae
307 685 609 775 suprascrihantur,
643 686 751 771 itaque
783 683 884 751 lector
914 706 952 752 ex
988 687 1055 773 ipse
1080 691 1239 756 sententia
1264 711 1336 776 sup·

142 792 230 882 piet,
264 792 348 881 qttud
382 793 519 879 quisque
552 793 641 857 iocus
673 790 831 878 postulet,
866 810 939 858 nam
967 813 1077 858 ornnes
1101 814 1196 860 casus
1220 803 1253 861 et
1278 815 1337 861 nu-

143 902 231 967 meri
267 908 299 965 ct
323 918 440 985 genera
468 900 560 964 inca
591 897 752 984 scripturn
778 898 996 963 continentur.
1034 899 1115 980 Quia
1140 901 1277 967 seriores
1301 900 1337 966 li·

143 1006 249 1073 brarii
286 1008 318 1070 in
354 1025 388 1071 cn
427 1024 462 1070 re
497 1005 612 1089 supina
649 1001 844 1088 negligentia
877 1013 908 1068 et
941 1007 1029 1091 turpi
1061 1007 1191 1072 inscitia
1217 1007 1338 1073 versuti

143 1123 244 1192 sunt,
271 1110 361 1178 nobis
385 1122 434 1177 est
458 1111 621 1194 integrunt
648 1115 754 1173 vetera
779 1108 967 1196 compendia
995 1131 1146 1179 revocare
1170 1122 1201 1178 et
1222 1112 1338 1179 melius

142 1218 287 1305 explere.
337 1215 531 1303 Expeditum
558 1214 616 1280 boc
642 1215 805 1298 negotium
831 1219 980 1302 estquis
1006 1237 1067 1282 non
1093 1218 1158 1284 nidi
1184 1237 1336 1305 umquem

144 1341 249 1389 unum
275 1323 400 1400 ionum,
425 1322 457 1385 in
483 1339 546 1407 quo
571 1337 690 1406 anceps
713 1329 746 1385 et
769 1319 921 1406 ambigua
944 1332 1030 1388 esset
1053 1325 1149 1408 optio.
1177 1322 1244 1389 Unu
1268 1333 1338 1390 ten-

144 1439 218 1495 tum
251 1426 353 1494 forme
389 1447 464 1493 vera
500 1436 533 1493 et
565 1427 747 1493 neccssaria
780 1433 829 1492 est
862 1426 1116 1512 inteltigentibus
1140 1437 1228 1495 certe
1252 1429 1337 1516 quod

144 1534 256 1620 tegunt
289 1540 322 1600 et
360 1532 437 1599 bene
477 1531 593 1598 Graece
626 1530 816 1598 scientibus.
865 1531 951 1599 Dabo
987 1534 1132 1622 exempla
1168 1534 1336 1621 quaedam.

143 1641 184 1707 ln
217 1639 389 1706 Hellenicis
419 1638 474 1705 ΙΙΙ.
508 1659 528 1704 ι.
557 1641 609 1704 tu.
639 1637 813 1722 ἀχθομένου
836 1639 867 1704 δέ
890 1643 944 1706 τοῦ
969 1641 1153 1722 Δερκυλίδου
1179 1640 1231 1707 καὶ
1256 1640 1337 1719 νομέ-

142 1747 247 1830 ζοντος
282 1744 471 1826 ἀθυμοτέραν
506 1745 559 1809 καὶ
593 1746 649 1820 τὴν
682 1745 857 1827 προσβολὴν
892 1747 1033 1822 ἔσεσθαι,
1071 1746 1203 1814 dubitur
1234 1746 1336 1825 mini,

143 1893 259 1971 credo,
283 1895 384 1979 ipsam
409 1895 583 1973 προσβολήν
609 1912 669 1957 nun
697 1912 789 1979 posse
809 1892 924 1970 ἀθυμον
944 1893 1007 1959 dici
1029 1904 1059 1959 et
1081 1895 1115 1958 in
1137 1851 1236 1975 ἀθυράθ
1249 1893 1335 1960 niiud

144 1997 223 2088 quid
249 1999 358 2066 intere.
383 1999 444 2081 Qui
472 1999 621 2066 meminit
645 2017 741 2084 quum
768 2019 861 2086 saepe
885 2000 941 2066 καθ
963 2009 992 2065 ct
1014 1998 1087 2082 πρθς
1121 1998 1241 2067 fuerint
1262 2021 1336 2066 con-

146 2107 216 2174 iuse
247 2105 409 2194 supplebit
442 2106 611 2188 νομίζοντος
646 2104 847 2186 ἀθυμοτέρους
882 2105 955 2186 πρὸς
987 2108 1043 2182 τὴν
1070 2107 1243 2186 προσβολὴν
1269 2104 1336 2172 ἔσε-

143 2217 235 2289 σθαι,
270 2223 303 2278 ut
330 2213 362 2277 iu
388 2212 524 2278 Ancbusi
548 2211 571 2275 1.
596 2232 640 2277 tv.
667 2213 699 2278 9.
724 2212 822 2285 εἴτις
844 2211 897 2276 καὶ
922 2212 1104 2294 ἀθυμότερος
1128 2208 1161 2288 ἦν
1185 2213 1258 2293 πρὸς
1281 2215 1337 2288 τὴν

143 2319 306 2399 ἀντίβασιν
334 2327 364 2383 ei
396 2317 493 2393 aiibi,
523 2318 619 2382 sicuti
652 2326 684 2383 et
711 2318 835 2396 ἀθύμως
859 2316 944 2400 ἔχειν
968 2317 1041 2399 πρθς
1064 2343 1095 2384 τι
1119 2317 1250 2384 dicitnr.
1298 2318 1334 2385 In

145 2424 322 2492 Hcidcnicic
352 2423 424 2490 VH.
460 2445 482 2489 r.
514 2427 533 2488 9
566 2421 674 2488 editur
703 2425 775 2505 πρὸς
799 2423 922 2498 τούτους
947 2425 1024 2498 εἰκὸς
1048 2425 1119 2498 τοὺς
1143 2425 1334 2506 ουμμάχους

144 2530 388 2615 εὐθαρτεεάτους
413 2530 581 2612 προσιέναι,
607 2531 741 2609 vitiose,
768 2548 906 2616 numque
935 2529 1086 2596 Graecum
1104 2538 1153 2597 est
1173 2531 1335 2613 προσέρχο-

1320 2631 1337 2662 f

144 2735 207 2791 μαι
231 2711 362 2793 θαρρῶν,
388 2707 443 2774 sed
469 2727 530 2774 nott
554 2708 702 2788 εὐθαρονὶς
726 2706 781 2772 sed
805 2707 965 2788 εὐθαρσῶς.
991 2709 1102 2796 ltaque
1131 2709 1163 2773 in
1190 2681 1338 2790 εὐθαρσεά

144 2820 252 2884 inerat
276 2815 500 2898 εὐθαρσὲς-ατο.
525 2813 682 2880 Similiter
708 2811 775 2879 Vil.
802 2833 848 2880 ιιι.
871 2819 902 2882 8.
926 2816 1071 2896 προδότης
1092 2839 1130 2893 γε
1150 2816 1211 2892 μὴν
1230 2814 1277 2888 τές
1298 2813 1336 2880 ἀν

144 2923 382 3006 περιφανέςερος
412 2920 566 3002 Εὔφρονος
594 2919 653 2994 sim
681 2921 756 3005 quia
789 2939 849 2984 ιιοιι
875 2918 996 2986 dicitur
1018 2920 1163 3001 προδότης
1187 2921 1232 2990 ές)
1257 2943 1337 3002 περι-

145 3033 251 3114 Φανὴς
281 3027 337 3095 sed
368 3032 562 3110 περιφανῶς,
594 3045 657 3112 quo
681 3024 826 3111 exemplo
849 3033 879 3091 et
906 3027 1017 3118 Crccnn
1040 3027 1121 3092 dixit
1147 3026 1178 3091 in
1207 3025 1338 3092 Veri-inc

145 3137 175 3206 1.
200 3140 240 3213 7,
266 3139 320 3201 20.
347 3143 452 3219 aperte
475 3133 540 3199 iam
560 3141 589 3197 ct
604 3133 767 3218 perspicue
782 3131 872 3198 πυθθο
892 3153 958 3198 esse
976 3133 1113 3211 iudicia,
1132 3140 1271 3218 etseepe
1284 3133 1337 3198 At·

622 3237 638 3266 ἲ

146 3286 202 3352 tici
210 3334 218 3362 ‚
251 3290 384 3369 apparet
417 3281 448 3344 in
479 3237 650 3364 περιφανέθ
683 3278 787 3348 inesse
814 3279 1061 3364 περιφανές-ερον.
1091 3278 1184 3368 Apud
1218 3279 1339 3345 iseum-

146 3411 208 3458 rrtt
240 3388 313 3471 πρὸς
345 3386 513 3466 Δνμθνιιοοι
543 3389 561 3472 §
596 3389 639 3452 56
671 3383 730 3457 dcc
753 3411 798 3452 σοι
821 3387 1021 3467 συμβήσεται
1044 3389 1099 3463 τὴν
1123 3386 1197 3466 παρ’
1221 3386 1339 3451 έιοεθνοιν

147 3496 267 3564 εὔνοιαν
289 3493 496 3576 βεβαιοτέραν
526 3491 626 3575 ἔχειν,
650 3493 813 3578 quianon
838 3492 959 3558 dicitur
983 3490 1046 3573 ἔχει
1072 3491 1204 3570 βέβαιόν
1227 3513 1257 3554 τι
1282 3487 1337 3555 sed

147 3602 291 3684 βεβαίως
325 3601 541 3667 necessarium
572 3608 621 3666 est
651 3597 864 3681 βεβαιότερον.
914 3597 1033 3665 Eadem
1065 3615 1160 3684 opera
1193 3595 1225 3660 in
1256 3595 1337 3660 Ιεεει

153 3707 238 3777 Orat.
265 3705 285 3773 Ι.
314 3707 331 3793 §
358 3710 400 3771 2⁴2
425 3703 595 3784 μέλλοντες
618 3706 673 3780 τὴν
693 3705 798 3772 οάσέαν
821 3701 899 3782 ἕξειν
921 3703 1129 3784 βεβαιοτέραν
1149 3697 1336 3768 adverbium

149 3833 269 3903 repone
298 3820 484 3898 comparatu
515 3809 584 3877 inco
612 3811 644 3876 in
678 3809 763 3876 Orat.
789 3808 840 3876 Vl.
868 3813 884 3894 §
914 3815 966 3876 50.
991 3811 1015 3874 ci
1041 3809 1072 3874 δὲ
1096 3804 1285 3886 ἀποδθμενθς
1307 3829 1338 3872 τι

148 3927 207 3988 τῶν
229 3919 322 3987 θντυν
345 3918 486 4000 ἀργύριον
509 3916 680 3983 καταλίποι
704 3921 792 3982 τοῦτο
814 3917 955 3998 βεβαίως
975 3912 1051 3990 ἕξειν
1071 3915 1195 3988 αὐτούς.
1220 3911 1338 3977 Contra

151 4026 332 4094 rectissime
355 4023 476 4089 dicitur
499 4021 583 4106 ἔχειν
606 4022 676 4088 τινά
701 4022 834 4104 βέβαιον
857 4022 966 4106 φίλον,
991 4021 1184 4100 σύμμαχον,
1210 4017 1338 4100 έραςνὶν,

151 4141 186 4200 ut
211 4133 243 4198 in
268 4129 446 4219 Lyrictmtc
470 4149 517 4195 vs.
549 4133 653 4194 1017:

334 4233 421 4312 έξθν,
446 4231 467 4300 ὦ
492 4231 619 4315 πονηρέ,
645 4257 690 4299 σοι
713 4233 846 4312 βέβαιον
870 4231 921 4312 ἔμ’
944 4229 1030 4316 ἔχειν
1052 4229 1160 4314 Φίλαν.

196 4345 231 4412 ln
263 4343 418 4410 isncnnrrs
443 4337 567 4404 Nr'cnclc
591 4341 608 4418 i
640 4344 689 4405 17.
716 4339 749 4417 ἢν
768 4340 820 4405 καὶ
840 4341 894 4415 τὴν
914 4341 1009 4420 φύσιν
1022 4335 1249 4419 sannices-ipen
1262 4333 1339 4418 ἔχεο·

150 4475 196 4518 οιν
227 4465 398 4538 perperam
431 4446 564 4512 dicitnr.
604 4445 718 4514 Graece
750 4445 872 4513 dicitnr
903 4445 1061 4519 ιιαταδεῶς
1095 4443 1159 4527 ἔχω
1182 4451 1215 4509 et
1237 4464 1341 4509 κατα-
