3150 4972
665 372 731 445 121

131 569 267 654 παριέναι
291 569 360 638 cicc
381 576 441 637 τῶν
463 569 709 651 περιρραντηρίων
731 564 793 644 deu
817 571 861 648 pb
886 567 1016 650 καίαρές
1036 569 1080 638 έςι
1101 568 1161 645 τοὶς
1183 577 1312 651 χεῖρας,

132 678 145 742 d
171 679 197 744 δ’
228 677 323 760 ίερεὺς
351 677 446 750 αὐτὸς
469 674 577 750 έςκκεν
600 675 780 757 ᾑμαγμένος
804 676 857 741 καί
881 672 981 758 ὥσπερ
1004 677 1018 740 d
1042 677 1180 758 Κύκλωψ
1204 678 1313 751 ἐκεῖνος

131 783 308 864 ἀνατέμνων
329 783 380 849 κα)
404 784 447 848 τα
467 781 594 861 ἔγκατα
614 780 737 864 ἐξαίρων
760 781 877 872 (scribe
896 781 1033 868 ἐξαιρῶν)
1047 784 1100 848 καί
1113 785 1315 865 καρδιουλκῶν

130 1003 201 1072 adm
222 995 318 1061 vidcu
341 993 458 1075 οίσεβές
482 1013 594 1059 rerum
615 993 705 1060 esse?
726 995 761 1060 ln
788 993 898 1060 eadem
920 1014 956 1061 re
982 994 1107 1062 scribae
1132 995 1315 1063 titubarunt

133 1106 187 1182 14,
216 1105 268 1167 19.
293 1099 348 1167 ubi
369 1100 423 1165 atti
442 1100 643 1183 οὶσεβέςερος,
668 1098 721 1166 ιιΙίί
742 1099 937 1182 εὖοεβέτερος
950 1099 1128 1180 dederunt,
1150 1111 1182 1167 ei
1196 1107 1255 1181 40,
1279 1108 1311 1170 8.

130 1205 179 1272 ubi
200 1207 327 1286 eiecticia
339 1213 371 1272 et
383 1206 519 1286 εὐσεβῶς
541 1204 805 1285 confunduntur,
831 1215 863 1271 et
884 1204 959 1270 alibi
979 1215 1011 1271 et
1031 1208 1150 1293 passim
1172 1209 1204 1273 in
1225 1210 1313 1274 simi·

128 1311 228 1394 libus,
263 1313 452 1400 saepissime
483 1312 666 1390 emendata,
699 1321 747 1378 sat
772 1331 867 1398 saepe
890 1321 985 1378 acuto
1007 1311 1118 1378 lectori
1143 1313 1183 1379 ad
1208 1335 1314 1380 emen·

129 1417 266 1485 dandum
300 1417 430 1494 relicta,
461 1417 500 1483 de
524 1438 585 1504 qua
611 1418 701 1506 copia
727 1439 812 1485 nuuc
838 1439 937 1484 unum
963 1417 1144 1503 exerupium
1170 1418 1315 1487 delibabo

129 1525 277 1593 disceret
311 1543 420 1590 causa.
468 1522 503 1589 lu
535 1525 639 1590 Pnoru
673 1524 792 1591 herico
824 1525 957 1610 iegitur:
982 1525 1151 1592 Ὀκτίιπαν
1174 1529 1315 1607 ποταμὸν

129 1632 285 1715 Αἰσχύλος
308 1629 519 1697 διαπέπλευκε
541 1631 733 1704 Νεανίσκοις.
779 1630 879 1696 Nemo
902 1630 1024 1696 dicitur
1048 1632 1191 1700 διαπλεῖν
1218 1657 1314 1700 ποτα·

129 1737 181 1817 ρωί
212 1759 271 1826 pru
304 1737 510 1820 διαπερᾶσαι,
542 1745 573 1803 et
597 1757 660 1802 non
686 1734 745 1801 tuit
771 1755 924 1822 umquam
950 1737 978 1801 is
1003 1735 1122 1805 fluvius
1145 1741 1178 1806 in
1204 1759 1312 1807 rerum

130 1852 260 1922 natura,
285 1846 463 1910 descramus
489 1863 562 1910 euru
587 1843 802 1909 διαπέπλακεν
825 1843 856 1908 ἐν
877 1845 1068 1916 Νεανίσκοις.

166 1951 233 2017 Nou
261 1951 369 2016 minus
394 1951 568 2035 protritum
586 1957 636 2014 est
655 1951 686 2014 iu
706 1949 856 2015 omuibus
878 1948 968 2014 tibris
989 1951 1121 2037 scriptis
1135 1953 1314 2018 uetustissi-

128 2058 199 2135 mis,
233 2056 485 2130 rccentissimis‚
518 2082 532 2121 ε
565 2066 596 2122 et
629 2079 663 2122 αι
692 2055 935 2142 imperitissime
959 2055 1111 2122 conittndi
1136 2065 1168 2123 et
1192 2059 1313 2144 permi-

126 2163 213 2229 sceri.
262 2162 308 2228 Ex
338 2163 473 2248 antiquo
504 2161 679 2247 exemplari
705 2159 798 2228 fluxit
823 2181 914 2228 error
939 2163 969 2226 iu
995 2160 1085 2228 libris
1113 2168 1171 2241 tt,
1198 2170 1230 2230 5.
1260 2164 1312 2230 ubi

125 2267 310 2336 testimoium
329 2291 382 2334 τισ
400 2267 479 2343 σὀτιρν
504 2287 562 2354 pro
581 2269 673 2334 δίκασ
693 2269 848 2345 ἐτισάτην.
876 2268 929 2334 Vei
953 2269 1063 2342 ιρδαίων
1083 2267 1236 2336 exhibent
1257 2290 1314 2357 pro

127 2374 211 2450 ἡδέων
242 2373 316 2462 (57,
342 2373 397 2462 26)
426 2384 458 2440 et
482 2375 660 2456 παραναίων
686 2395 743 2460 pro
766 2375 933 2452 adnotans,
958 2373 1115 2456 παρανέων
1129 2375 1183 2463 (9,
1206 2382 1244 2454 8,
1266 2382 1313 2464 2).

127 2479 222 2568 Saepe
245 2479 353 2566 gliscit
377 2499 468 2545 error
491 2479 647 2546 ulterius:
672 2481 755 2565 φέρω
779 2501 819 2546 an
844 2480 945 2563 φαίνω
968 2480 1009 2546 sit
1031 2481 1237 2548 scribendum
1258 2502 1314 2547 no-

127 2589 179 2652 stri
212 2594 262 2653 est
293 2585 443 2664 arbitrii,
477 2606 538 2651 nou
571 2587 751 2653 scribarum
815 2587 868 2652 Sic
898 2586 1039 2668 ῥαίνομαι
1064 2598 1174 2653 natum
1201 2595 1310 2653 estex

127 2693 226 2775 ῥέομαι
247 2696 309 2772 49,
334 2701 393 2771 11,
415 2691 671 2774 εὐδαιμονίζουσιν
692 2693 805 2766 αὐτοὺς
830 2689 943 2771 αἵματι
963 2692 1153 2775 ῥαινομένους
1166 2695 1310 2774 δρῶντες,

127 2819 229 2865 teram
254 2800 450 2885 scripturam
475 2800 630 2881 ῥεομένους
651 2798 859 2886 praestabunt
879 2798 912 2863 bi
934 2799 1007 2864 loci:
1033 2799 1066 2862 in
1089 2797 1148 2863 buc
1162 2799 1229 2884 ipso
1243 2797 1311 2862 dia·

128 2903 194 2991 logo
226 2909 244 2991 §
278 2910 334 2972 58.
360 2907 396 2982 ἣν
419 2905 487 2990 ὂρρῖς
512 2906 623 2979 αὐτοὺς
649 2906 698 2972 έπί
723 2907 766 2988 τῷ
789 2905 886 2988 βωμῷ
911 2903 1025 2984 αἵματι
1049 2903 1221 2987 ῥεομένους,
1250 2909 1311 2982 10,

132 3016 186 3088 14,
211 3019 242 3078 5.
266 3014 291 3078 εί
315 3012 461 3092 βλέποιέν
486 3034 521 3076 σε
545 3008 657 3090 αἵματι
682 3010 837 3093 ῥεόμενον,
862 3015 920 3087 55,
944 3016 996 3077 71.
1022 3011 1094 3093 dpaiv
1117 3008 1229 3090 αἵματι
1251 3016 1311 3094 ῥεο-

127 3118 237 3195 μένους.
285 3117 339 3185 Sic
368 3119 466 3200 ἱδρῶτι
498 3116 635 3200 ῥεόμενος
668 3117 787 3202 legitur
823 3120 876 3194 16,
907 3123 938 3184 3.
975 3123 1035 3194 10,
1069 3123 1144 3184 bet
1168 3122 1229 3196 55,
1258 3123 1309 3185 11.

128 3221 397 3304 Quemadmodum
412 3229 475 3300 26,
503 3229 553 3290 13.
579 3223 775 3290 dissentiunt
798 3221 869 3287 iibri
891 3231 999 3290 utrum
1020 3224 1155 3307 φέροντα
1175 3245 1215 3289 au
1236 3225 1311 3308 φαί·

127 3351 210 3396 νοντα
233 3350 346 3397 verum
371 3331 435 3409 sit,
459 3330 505 3396 sic
531 3330 606 3396 oiim
632 3339 682 3396 est
708 3329 882 3395 titubatum
908 3330 942 3394 in
967 3329 1136 3396 Pcurarent
1157 3329 1261 3396 Numa
1283 3336 1311 3397 l.

127 3433 238 3502 Editur
267 3441 327 3511 τοὶς
361 3437 393 3502 δέ
417 3441 468 3502 νῦν
491 3439 682 3517 φαινομένας
706 3437 759 3501 οὐκ
783 3436 903 3511 οέλιρίῶς
927 3438 1127 3515 συγκεῖσθαι,
1151 3435 1311 3502 edendum

127 3543 311 3622 Φερομένας,
341 3551 374 3610 et
402 3543 435 3608 in
469 3543 615 3609 Drontsto
644 3542 748 3609 Helio.
781 3541 835 3607 XI.
860 3546 916 3608 et.
943 3545 996 3610 οὐκ
1021 3544 1051 3609 ἕν
1076 3542 1217 3618 αποίσαις
1241 3551 1313 3616 ταῖς

128 3649 306 3728 Ῥωμαϊκαῖς
328 3650 575 3732 χρονογραφίαις
599 3648 778 3733 αμφίτεραι
802 3649 987 3732 φαίνονται,
1015 3668 1134 3736 repone
1153 3649 1312 3733 φέρονται.

131 3751 164 3818 ln
193 3757 359 3824 Pnurtacnt
395 3755 582 3822 Timoleonte
614 3761 655 3822 27
682 3755 750 3840 iege
773 3755 1046 3840 παραφαινομένον
1071 3775 1128 3841 pro
1152 3761 1312 3839 περιφερο-

131 3860 229 3941 μένου,
260 3864 293 3929 in
327 3861 424 3928 Bruto
458 3869 509 3929 13.
543 3866 559 3939 ιρ
589 3861 712 3946 φροντίς
737 3861 861 3944 έξέφερε
884 3862 1041 3928 scribitur
1065 3881 1122 3948 pro
1146 3861 1312 3946 ἐξέφαινε,

131 3965 159 4032 iu
187 3967 331 4057 bycurpo
359 3977 409 4034 11.
435 3967 561 4047 ἐξέπεσε
585 3967 773 4055 pervulgato
797 3986 906 4034 erroro
932 3987 988 4054 pro
1012 3967 1158 4046 ἐξέπαισε
1181 3968 1312 4054 legitur.

129 4068 161 4138 ln
188 4075 371 4141 nominibus
402 4077 541 4162 propriis
565 4095 659 4162 saepe
685 4076 816 4139 vitiosae
842 4072 963 4140 formae
989 4074 1126 4140 nimium
1153 4077 1313 4160 patienter

130 4191 310 4260 servantur,
343 4181 474 4254 Κεκίνας
499 4182 530 4246 in
560 4181 929 4259 οίίοιιν5,1(ενινιρτι5ν
954 4182 985 4246 iu
1011 4179 1143 4246 Romulo
1170 4185 1231 4260 16,
1258 4191 1314 4246 Κε·
1389 4208 1392 4215 ·

128 4287 213 4360 κίλισς
236 4296 268 4353 et
291 4287 423 4354 Κεκιλία
448 4291 480 4352 in
506 4286 712 4354 demosthene
733 4292 772 4364 3,
798 4285 929 4352 bucello
952 4295 962 4351 t
987 4288 1181 4368 Κοναίνειρος
1202 4307 1314 4374 quam·

128 4409 216 4476 quam
242 4413 356 4487 nomen
382 4393 479 4460 babet
502 4394 590 4476 παραὶ
613 4395 647 4461 τέ
671 4392 730 4467 τοὶς
756 4393 849 4467 κύνας
870 4391 1017 4474 ἐγείρειν,
1044 4401 1151 4459 tarnen
1173 4404 1315 4481 praeter·

128 4515 217 4583 quam
241 4499 326 4588 apud
346 4509 458 4588 poetas
478 4508 631 4588 corrupto
648 4500 778 4568 nomine
798 4497 1069 4568 circumambulat
1092 4506 1125 4564 et
1138 4498 1222 4586 apud
1236 4498 1315 4565 alios
