<?xml version="1.0" encoding="UTF-8"?>
<!DOCTYPE html PUBLIC "-//W3C//DTD XHTML 1.0 Transitional//EN"
    "http://www.w3.org/TR/xhtml1/DTD/xhtml1-transitional.dtd">
<html xmlns="http://www.w3.org/1999/xhtml" xml:lang="en" lang="en">
 <head>
  <title>
</title>
<meta http-equiv="Content-Type" content="text/html;charset=utf-8" />
  <meta name='ocr-system' content='tesseract 3.04.00' />
  <meta name='ocr-capabilities' content='ocr_page ocr_carea ocr_par ocr_line ocrx_word'/>
</head>
<body>
  <div class='ocr_page' id='page_1' title='image "./variaelectiones04cobegoog_0192.png"; bbox 0 0 3150 4972; ppageno 0'>
   <div class='ocr_carea' id='block_1_1' title="bbox 742 359 809 430">
    <p class='ocr_par' dir='ltr' id='par_1_1' title="bbox 742 359 809 430">
     <span class='ocr_line' id='line_1_1' title="bbox 742 359 809 430; baseline 0 -1"><span class='ocrx_word' id='word_1_1' title='bbox 742 359 809 430; x_wconf 83' lang='lat'><strong>151</strong></span> 
     </span>
    </p>
   </div>
   <div class='ocr_carea' id='block_1_2' title="bbox 173 549 1428 4131">
    <p class='ocr_par' dir='ltr' id='par_1_2' title="bbox 173 549 1428 3392">
     <span class='ocr_line' id='line_1_2' title="bbox 176 549 1369 641; baseline -0.004 -20"><span class='ocrx_word' id='word_1_2' title='bbox 176 564 214 621; x_wconf 82' lang='lat' dir='ltr'><strong>ut</strong></span> <span class='ocrx_word' id='word_1_3' title='bbox 246 554 375 641; x_wconf 75' lang='lat' dir='ltr'><strong>saepius</strong></span> <span class='ocrx_word' id='word_1_4' title='bbox 400 551 453 621; x_wconf 87' lang='lat' dir='ltr'><strong>ubi</strong></span> <span class='ocrx_word' id='word_1_5' title='bbox 483 556 598 636; x_wconf 83' lang='grc' dir='ltr'><strong><em>χλανίς</em></strong></span> <span class='ocrx_word' id='word_1_6' title='bbox 623 551 841 620; x_wconf 86' lang='lat' dir='ltr'><strong>necessarium</strong></span> <span class='ocrx_word' id='word_1_7' title='bbox 867 561 916 619; x_wconf 87' lang='lat' dir='ltr'><strong>est</strong></span> <span class='ocrx_word' id='word_1_8' title='bbox 939 551 1072 632; x_wconf 85' lang='grc' dir='ltr'><strong><em>χλαμύς</em></strong></span> <span class='ocrx_word' id='word_1_9' title='bbox 1097 549 1204 637; x_wconf 87' lang='lat' dir='ltr'><strong>inepte</strong></span> <span class='ocrx_word' id='word_1_10' title='bbox 1224 551 1369 637; x_wconf 79' lang='lat' dir='ltr'><strong>legetur,</strong></span> 
     </span>
     <span class='ocr_line' id='line_1_3' title="bbox 175 657 1369 746; baseline -0.003 -21"><span class='ocrx_word' id='word_1_11' title='bbox 175 659 342 725; x_wconf 80' lang='lat' dir='ltr'><strong>rarissime</strong></span> <span class='ocrx_word' id='word_1_12' title='bbox 369 661 483 742; x_wconf 86' lang='grc' dir='ltr'><strong><em>χλανίς</em></strong></span> <span class='ocrx_word' id='word_1_13' title='bbox 506 669 677 736; x_wconf 85' lang='lat' dir='ltr'><strong>occurrat,</strong></span> <span class='ocrx_word' id='word_1_14' title='bbox 704 657 758 724; x_wconf 88' lang='lat' dir='ltr'><strong>ubi</strong></span> <span class='ocrx_word' id='word_1_15' title='bbox 781 658 1039 746; x_wconf 78' lang='lat' dir='ltr'><strong><em>paludamentum</em></strong></span> <span class='ocrx_word' id='word_1_16' title='bbox 1062 657 1111 722; x_wconf 83' lang='lat' dir='ltr'><strong>vei</strong></span> <span class='ocrx_word' id='word_1_17' title='bbox 1136 678 1247 744; x_wconf 79' lang='lat' dir='ltr'><strong>soqum</strong></span> <span class='ocrx_word' id='word_1_18' title='bbox 1270 675 1369 744; x_wconf 85' lang='lat' dir='ltr'><strong>appa·</strong></span> 
     </span>
     <span class='ocr_line' id='line_1_4' title="bbox 173 761 1367 852; baseline -0.003 -22"><span class='ocrx_word' id='word_1_19' title='bbox 173 775 245 830; x_wconf 86' lang='lat' dir='ltr'><strong>reat</strong></span> <span class='ocrx_word' id='word_1_20' title='bbox 278 763 342 830; x_wconf 85' lang='lat' dir='ltr'><strong>diei</strong></span> <span class='ocrx_word' id='word_1_21' title='bbox 367 773 524 852; x_wconf 78' lang='lat' dir='ltr'><strong>oportere.</strong></span> <span class='ocrx_word' id='word_1_22' title='bbox 574 764 827 833; x_wconf 82' lang='lat' dir='ltr'><strong>Coniuuduntur</strong></span> <span class='ocrx_word' id='word_1_23' title='bbox 851 764 929 830; x_wconf 84' lang='lat' dir='ltr'><strong>haee</strong></span> <span class='ocrx_word' id='word_1_24' title='bbox 954 765 986 830; x_wconf 92' lang='lat' dir='ltr'><strong>in</strong></span> <span class='ocrx_word' id='word_1_25' title='bbox 1016 763 1142 829; x_wconf 77' lang='lat' dir='ltr'><strong><em>Timone</em></strong></span> <span class='ocrx_word' id='word_1_26' title='bbox 1166 769 1206 840; x_wconf 82' lang='lat'><strong>5,</strong></span> <span class='ocrx_word' id='word_1_27' title='bbox 1233 767 1286 828; x_wconf 83' lang='lat'><strong>58.</strong></span> <span class='ocrx_word' id='word_1_28' title='bbox 1313 761 1367 828; x_wconf 87' lang='lat' dir='ltr'><strong>ubi</strong></span> 
     </span>
     <span class='ocr_line' id='line_1_5' title="bbox 173 869 1368 955; baseline -0.002 -20"><span class='ocrx_word' id='word_1_29' title='bbox 173 870 419 949; x_wconf 66' lang='lat' dir='ltr'><strong>dertonensis</strong></span> <span class='ocrx_word' id='word_1_30' title='bbox 442 872 589 954; x_wconf 89' lang='grc' dir='ltr'><strong><em>χλανίδος</em></strong></span> <span class='ocrx_word' id='word_1_31' title='bbox 616 879 664 937; x_wconf 88' lang='lat' dir='ltr'><strong>est</strong></span> <span class='ocrx_word' id='word_1_32' title='bbox 690 872 721 934; x_wconf 90' lang='lat' dir='ltr'><strong>in</strong></span> <span class='ocrx_word' id='word_1_33' title='bbox 748 869 873 936; x_wconf 88' lang='lat' dir='ltr'><strong>duobus</strong></span> <span class='ocrx_word' id='word_1_34' title='bbox 896 870 1005 944; x_wconf 86' lang='lat' dir='ltr'><strong>tibris,</strong></span> <span class='ocrx_word' id='word_1_35' title='bbox 1032 869 1151 936; x_wconf 80' lang='lat' dir='ltr'><strong>caeteri</strong></span> <span class='ocrx_word' id='word_1_36' title='bbox 1169 888 1280 935; x_wconf 88' lang='lat' dir='ltr'><strong>omnes</strong></span> <span class='ocrx_word' id='word_1_37' title='bbox 1297 889 1368 955; x_wconf 89' lang='lat' dir='ltr'><strong>per·</strong></span> 
     </span>
     <span class='ocr_line' id='line_1_6' title="bbox 173 973 1368 1064; baseline -0.002 -22"><span class='ocrx_word' id='word_1_38' title='bbox 173 979 283 1064; x_wconf 86' lang='lat' dir='ltr'><strong>inepte</strong></span> <span class='ocrx_word' id='word_1_39' title='bbox 307 978 377 1043; x_wconf 79' lang='grc' dir='ltr'><strong><em>οὶντί</em></strong></span> <span class='ocrx_word' id='word_1_40' title='bbox 402 987 552 1056; x_wconf 79' lang='grc' dir='ltr'><strong><em>μαλακῆς</em></strong></span> <span class='ocrx_word' id='word_1_41' title='bbox 571 977 736 1059; x_wconf 98' lang='grc' dir='ltr'><strong><em>χλαμύδος</em></strong></span> <span class='ocrx_word' id='word_1_42' title='bbox 761 976 922 1044; x_wconf 80' lang='lat' dir='ltr'><strong>exhibent.</strong></span> <span class='ocrx_word' id='word_1_43' title='bbox 971 977 1007 1043; x_wconf 86' lang='lat' dir='ltr'><strong>in</strong></span> <span class='ocrx_word' id='word_1_44' title='bbox 1034 977 1204 1042; x_wconf 77' lang='lat' dir='ltr'><strong>Puu&#39;rauuur</strong></span> <span class='ocrx_word' id='word_1_45' title='bbox 1224 975 1290 1039; x_wconf 84' lang='lat' dir='ltr'><strong>vita</strong></span> <span class='ocrx_word' id='word_1_46' title='bbox 1314 973 1368 1040; x_wconf 82' lang='lat' dir='ltr'><strong>Cu·</strong></span> 
     </span>
     <span class='ocr_line' id='line_1_7' title="bbox 173 1079 1368 1172; baseline -0.001 -23"><span class='ocrx_word' id='word_1_47' title='bbox 173 1084 256 1149; x_wconf 83' lang='lat' dir='ltr'><strong>tonis</strong></span> <span class='ocrx_word' id='word_1_48' title='bbox 286 1084 418 1148; x_wconf 80' lang='lat' dir='ltr'><strong>minoris</strong></span> <span class='ocrx_word' id='word_1_49' title='bbox 450 1103 519 1172; x_wconf 70' lang='grc' dir='ltr'><strong><em>ουρ.</em></strong></span> <span class='ocrx_word' id='word_1_50' title='bbox 556 1088 606 1149; x_wconf 75' lang='grc'><strong>15.</strong></span> <span class='ocrx_word' id='word_1_51' title='bbox 640 1080 703 1150; x_wconf 82' lang='grc' dir='ltr'><strong><em>είδε</em></strong></span> <span class='ocrx_word' id='word_1_52' title='bbox 739 1083 805 1165; x_wconf 85' lang='grc' dir='ltr'><strong><em>περί</em></strong></span> <span class='ocrx_word' id='word_1_53' title='bbox 830 1085 890 1157; x_wconf 77' lang='grc' dir='ltr'><strong><em>τὰς</em></strong></span> <span class='ocrx_word' id='word_1_54' title='bbox 914 1083 1020 1156; x_wconf 87' lang='grc' dir='ltr'><strong><em>πύλας</em></strong></span> <span class='ocrx_word' id='word_1_55' title='bbox 1044 1079 1100 1160; x_wconf 78' lang='grc' dir='ltr'><strong>ἔξω</strong></span> <span class='ocrx_word' id='word_1_56' title='bbox 1124 1084 1236 1158; x_wconf 74' lang='grc' dir='ltr'><strong><em>πλῆθος</em></strong></span> <span class='ocrx_word' id='word_1_57' title='bbox 1260 1083 1368 1163; x_wconf 70' lang='lat' dir='ltr'><strong>dudod-</strong></span> 
     </span>
     <span class='ocr_line' id='line_1_8' title="bbox 173 1184 1368 1272; baseline -0.003 -16"><span class='ocrx_word' id='word_1_58' title='bbox 173 1214 239 1256; x_wconf 85' lang='grc' dir='ltr'><strong><em>τιον</em></strong></span> <span class='ocrx_word' id='word_1_59' title='bbox 267 1227 331 1268; x_wconf 91' lang='grc'><strong>-,</strong></span> <span class='ocrx_word' id='word_1_60' title='bbox 363 1189 394 1254; x_wconf 77' lang='grc' dir='ltr'><strong>ἐν</strong></span> <span class='ocrx_word' id='word_1_61' title='bbox 416 1184 458 1262; x_wconf 71' lang='lat' dir='ltr'><strong>oie</strong></span> <span class='ocrx_word' id='word_1_62' title='bbox 483 1187 596 1272; x_wconf 77' lang='grc' dir='ltr'><strong><em>ἔφηβοι</em></strong></span> <span class='ocrx_word' id='word_1_63' title='bbox 621 1191 678 1269; x_wconf 77' lang='grc' dir='ltr'><strong><em>μὲν</em></strong></span> <span class='ocrx_word' id='word_1_64' title='bbox 701 1190 794 1270; x_wconf 80' lang='grc' dir='ltr'><strong><em>χωρὶς</em></strong></span> <span class='ocrx_word' id='word_1_65' title='bbox 819 1191 849 1254; x_wconf 81' lang='grc' dir='ltr'><strong>ἐν</strong></span> <span class='ocrx_word' id='word_1_66' title='bbox 872 1190 1093 1270; x_wconf 62' lang='lat' dir='ltr'><strong>mundationi</strong></span> <span class='ocrx_word' id='word_1_67' title='bbox 1118 1189 1227 1260; x_wconf 82' lang='grc' dir='ltr'><strong><em>παῖδες</em></strong></span> <span class='ocrx_word' id='word_1_68' title='bbox 1252 1187 1368 1269; x_wconf 74' lang='grc' dir='ltr'><strong><em>ἑτέρωύι</em></strong></span> 
     </span>
     <span class='ocr_line' id='line_1_9' title="bbox 173 1293 1369 1374; baseline -0.003 -12"><span class='ocrx_word' id='word_1_69' title='bbox 173 1295 308 1374; x_wconf 84' lang='grc' dir='ltr'><strong><em>κοσμίοις</em></strong></span> <span class='ocrx_word' id='word_1_70' title='bbox 333 1296 513 1374; x_wconf 78' lang='grc' dir='ltr'><strong><em>εῖςύκεσαν,</em></strong></span> <span class='ocrx_word' id='word_1_71' title='bbox 537 1296 646 1362; x_wconf 88' lang='lat' dir='ltr'><strong>omnia</strong></span> <span class='ocrx_word' id='word_1_72' title='bbox 669 1307 761 1362; x_wconf 81' lang='lat' dir='ltr'><strong>erant</strong></span> <span class='ocrx_word' id='word_1_73' title='bbox 781 1293 819 1360; x_wconf 89' lang='lat' dir='ltr'><strong>ad</strong></span> <span class='ocrx_word' id='word_1_74' title='bbox 841 1295 996 1361; x_wconf 85' lang='lat' dir='ltr'><strong>laetitiam</strong></span> <span class='ocrx_word' id='word_1_75' title='bbox 1017 1303 1048 1361; x_wconf 86' lang='lat' dir='ltr'><strong>et</strong></span> <span class='ocrx_word' id='word_1_76' title='bbox 1062 1295 1269 1360; x_wconf 80' lang='lat' dir='ltr'><strong>testivitatem</strong></span> <span class='ocrx_word' id='word_1_77' title='bbox 1284 1311 1369 1359; x_wconf 89' lang='lat' dir='ltr'><strong>oom-</strong></span> 
     </span>
     <span class='ocr_line' id='line_1_10' title="bbox 173 1399 1368 1490; baseline -0.004 -22"><span class='ocrx_word' id='word_1_78' title='bbox 173 1410 289 1490; x_wconf 79' lang='lat' dir='ltr'><strong>paretu</strong></span> <span class='ocrx_word' id='word_1_79' title='bbox 305 1409 337 1467; x_wconf 90' lang='lat' dir='ltr'><strong>et</strong></span> <span class='ocrx_word' id='word_1_80' title='bbox 360 1401 506 1479; x_wconf 76' lang='lat' dir='ltr'><strong>stabant,</strong></span> <span class='ocrx_word' id='word_1_81' title='bbox 527 1401 640 1477; x_wconf 85' lang='lat' dir='ltr'><strong>crede,</strong></span> <span class='ocrx_word' id='word_1_82' title='bbox 667 1401 784 1481; x_wconf 74' lang='grc' dir='ltr'><strong><em>ἔφηβοι</em></strong></span> <span class='ocrx_word' id='word_1_83' title='bbox 798 1403 855 1480; x_wconf 73' lang='grc' dir='ltr'><strong><em>μὲν</em></strong></span> <span class='ocrx_word' id='word_1_84' title='bbox 874 1401 1011 1482; x_wconf 78' lang='grc' dir='ltr'><strong><em>χιορδςέν</em></strong></span> <span class='ocrx_word' id='word_1_85' title='bbox 1035 1402 1203 1480; x_wconf 87' lang='grc' dir='ltr'><strong><em>χλανίσι</em></strong></span> <span class='ocrx_word' id='word_1_86' title='bbox 1223 1399 1276 1466; x_wconf 77' lang='grc' dir='ltr'><strong>καὶ</strong></span> <span class='ocrx_word' id='word_1_87' title='bbox 1293 1405 1368 1463; x_wconf 79' lang='grc' dir='ltr'><strong><em>παῖ-</em></strong></span> 
     </span>
     <span class='ocr_line' id='line_1_11' title="bbox 173 1504 1370 1598; baseline -0.004 -23"><span class='ocrx_word' id='word_1_88' title='bbox 173 1511 225 1583; x_wconf 85' lang='grc' dir='ltr'><strong><em>δες</em></strong></span> <span class='ocrx_word' id='word_1_89' title='bbox 248 1508 443 1589; x_wconf 72' lang='grc' dir='ltr'><strong><em>ἑτέρωθεν</em></strong></span> <span class='ocrx_word' id='word_1_90' title='bbox 468 1507 527 1594; x_wconf 88' lang='lat' dir='ltr'><strong>(siu</strong></span> <span class='ocrx_word' id='word_1_91' title='bbox 551 1507 628 1598; x_wconf 83' lang='lat' dir='ltr'><strong>leg.)</strong></span> <span class='ocrx_word' id='word_1_92' title='bbox 654 1509 796 1586; x_wconf 83' lang='grc' dir='ltr'><strong><em>κοσμίως.</em></strong></span> <span class='ocrx_word' id='word_1_93' title='bbox 823 1507 857 1572; x_wconf 90' lang='lat' dir='ltr'><strong>ln</strong></span> <span class='ocrx_word' id='word_1_94' title='bbox 883 1506 1087 1593; x_wconf 73' lang='lat' dir='ltr'><strong>praecedenti</strong></span> <span class='ocrx_word' id='word_1_95' title='bbox 1114 1508 1177 1571; x_wconf 86' lang='lat' dir='ltr'><strong>vita</strong></span> <span class='ocrx_word' id='word_1_96' title='bbox 1202 1504 1370 1571; x_wconf 77' lang='lat' dir='ltr'><strong>Ptooiouis</strong></span> 
     </span>
     <span class='ocr_line' id='line_1_12' title="bbox 175 1611 1369 1701; baseline -0.005 -20"><span class='ocrx_word' id='word_1_97' title='bbox 175 1634 246 1701; x_wconf 80' lang='lat' dir='ltr'><strong>sap.</strong></span> <span class='ocrx_word' id='word_1_98' title='bbox 272 1617 446 1680; x_wconf 75' lang='lat' dir='ltr'><strong>nesciere</strong></span> <span class='ocrx_word' id='word_1_99' title='bbox 472 1614 604 1679; x_wconf 82' lang='lat' dir='ltr'><strong>Puocron</strong></span> <span class='ocrx_word' id='word_1_100' title='bbox 629 1614 756 1680; x_wconf 83' lang='lat' dir='ltr'><strong>luxuria</strong></span> <span class='ocrx_word' id='word_1_101' title='bbox 782 1622 813 1680; x_wconf 90' lang='lat' dir='ltr'><strong>et</strong></span> <span class='ocrx_word' id='word_1_102' title='bbox 839 1612 972 1679; x_wconf 83' lang='lat' dir='ltr'><strong>mollitie</strong></span> <span class='ocrx_word' id='word_1_103' title='bbox 996 1611 1194 1680; x_wconf 79' lang='lat' dir='ltr'><strong>diffluentem</strong></span> <span class='ocrx_word' id='word_1_104' title='bbox 1219 1613 1369 1678; x_wconf 80' lang='lat' dir='ltr'><strong>Drumuu</strong></span> 
     </span>
     <span class='ocr_line' id='line_1_13' title="bbox 177 1716 1369 1808; baseline -0.004 -22"><span class='ocrx_word' id='word_1_105' title='bbox 177 1721 224 1786; x_wconf 84' lang='lat' dir='ltr'><strong>siu</strong></span> <span class='ocrx_word' id='word_1_106' title='bbox 258 1719 379 1806; x_wconf 81' lang='lat' dir='ltr'><strong>carpit:</strong></span> <span class='ocrx_word' id='word_1_107' title='bbox 417 1718 499 1808; x_wconf 79' lang='grc' dir='ltr'><strong><em>ποίνυ</em></strong></span> <span class='ocrx_word' id='word_1_108' title='bbox 534 1725 608 1798; x_wconf 76' lang='grc' dir='ltr'><strong><em>γοῦν</em></strong></span> <span class='ocrx_word' id='word_1_109' title='bbox 644 1721 787 1800; x_wconf 76' lang='grc' dir='ltr'><strong>πρέψειεν</strong></span> <span class='ocrx_word' id='word_1_110' title='bbox 822 1719 860 1786; x_wconf 76' lang='grc' dir='ltr'><strong>διν</strong></span> <span class='ocrx_word' id='word_1_111' title='bbox 895 1720 939 1784; x_wconf 83' lang='grc' dir='ltr'><strong><em>σοδ</em></strong></span> <span class='ocrx_word' id='word_1_112' title='bbox 977 1720 1071 1800; x_wconf 88' lang='grc' dir='ltr'><strong><em>μύρου</em></strong></span> <span class='ocrx_word' id='word_1_113' title='bbox 1100 1725 1242 1785; x_wconf 84' lang='grc' dir='ltr'><strong><em>τοσοῦτον</em></strong></span> <span class='ocrx_word' id='word_1_114' title='bbox 1273 1716 1369 1800; x_wconf 76' lang='grc' dir='ltr'><strong><em>ὄζοντι</em></strong></span> 
     </span>
     <span class='ocr_line' id='line_1_14' title="bbox 177 1825 1370 1907; baseline -0.001 -16"><span class='ocrx_word' id='word_1_115' title='bbox 177 1828 228 1891; x_wconf 85' lang='grc' dir='ltr'><strong>καί</strong></span> <span class='ocrx_word' id='word_1_116' title='bbox 260 1825 419 1907; x_wconf 85' lang='grc' dir='ltr'><strong><em>χλαμύδα</em></strong></span> <span class='ocrx_word' id='word_1_117' title='bbox 450 1825 595 1901; x_wconf 89' lang='grc' dir='ltr'><strong><em>τοιαύτην</em></strong></span> <span class='ocrx_word' id='word_1_118' title='bbox 618 1831 757 1907; x_wconf 82' lang='grc' dir='ltr'><strong><em>Φοροῦντι</em></strong></span> <span class='ocrx_word' id='word_1_119' title='bbox 786 1825 1009 1906; x_wconf 75' lang='grc' dir='ltr'><strong><em>συμβουλεύειν</em></strong></span> <span class='ocrx_word' id='word_1_120' title='bbox 1031 1826 1199 1901; x_wconf 86' lang='grc' dir='ltr'><strong><em>’Λύηναίοις</em></strong></span> <span class='ocrx_word' id='word_1_121' title='bbox 1223 1826 1290 1906; x_wconf 81' lang='grc' dir='ltr'><strong><em>περί</em></strong></span> <span class='ocrx_word' id='word_1_122' title='bbox 1315 1831 1370 1907; x_wconf 83' lang='grc' dir='ltr'><strong>φι-</strong></span> 
     </span>
     <span class='ocr_line' id='line_1_15' title="bbox 177 1930 1369 2018; baseline 0 -20"><span class='ocrx_word' id='word_1_123' title='bbox 177 1932 276 1998; x_wconf 85' lang='grc' dir='ltr'><strong><em>διτίου</em></strong></span> <span class='ocrx_word' id='word_1_124' title='bbox 312 1931 364 1997; x_wconf 81' lang='grc' dir='ltr'><strong>καί</strong></span> <span class='ocrx_word' id='word_1_125' title='bbox 399 1932 451 1996; x_wconf 82' lang='grc' dir='ltr'><strong><em>τδν</em></strong></span> <span class='ocrx_word' id='word_1_126' title='bbox 482 1937 659 2013; x_wconf 71' lang='grc' dir='ltr'><strong><em>Λυκοῦργον</em></strong></span> <span class='ocrx_word' id='word_1_127' title='bbox 696 1933 849 2009; x_wconf 78' lang='grc' dir='ltr'><strong><em>ἐπινοεῖν,</em></strong></span> <span class='ocrx_word' id='word_1_128' title='bbox 881 1933 987 2018; x_wconf 82' lang='lat' dir='ltr'><strong>inepte</strong></span> <span class='ocrx_word' id='word_1_129' title='bbox 1023 1931 1145 1998; x_wconf 87' lang='lat' dir='ltr'><strong>dictum</strong></span> <span class='ocrx_word' id='word_1_130' title='bbox 1176 1935 1239 1999; x_wconf 85' lang='lat' dir='ltr'><strong>erit</strong></span> <span class='ocrx_word' id='word_1_131' title='bbox 1269 1930 1369 1998; x_wconf 85' lang='lat' dir='ltr'><strong>donee</strong></span> 
     </span>
     <span class='ocr_line' id='line_1_16' title="bbox 177 2037 1370 2124; baseline 0.001 -21"><span class='ocrx_word' id='word_1_132' title='bbox 177 2037 316 2121; x_wconf 83' lang='grc' dir='ltr'><strong><em>χλανίδα</em></strong></span> <span class='ocrx_word' id='word_1_133' title='bbox 336 2037 479 2112; x_wconf 78' lang='grc' dir='ltr'><strong><em>τοιούτοιν</em></strong></span> <span class='ocrx_word' id='word_1_134' title='bbox 504 2040 682 2123; x_wconf 84' lang='lat' dir='ltr'><strong>receperis.</strong></span> <span class='ocrx_word' id='word_1_135' title='bbox 711 2037 981 2124; x_wconf 80' lang='lat' dir='ltr'><strong><em>quemadmodum</em></strong></span> <span class='ocrx_word' id='word_1_136' title='bbox 996 2041 1163 2106; x_wconf 76' lang='lat' dir='ltr'><strong>Ausouinus</strong></span> <span class='ocrx_word' id='word_1_137' title='bbox 1176 2039 1370 2104; x_wconf 83' lang='lat' dir='ltr'><strong>Dnuosrnuur</strong></span> 
     </span>
     <span class='ocr_line' id='line_1_17' title="bbox 178 2144 1371 2231; baseline 0.002 -23"><span class='ocrx_word' id='word_1_138' title='bbox 178 2146 303 2210; x_wconf 88' lang='lat' dir='ltr'><strong>outtum</strong></span> <span class='ocrx_word' id='word_1_139' title='bbox 330 2145 474 2230; x_wconf 79' lang='lat' dir='ltr'><strong>eorporis</strong></span> <span class='ocrx_word' id='word_1_140' title='bbox 499 2144 596 2209; x_wconf 89' lang='lat' dir='ltr'><strong>nimis</strong></span> <span class='ocrx_word' id='word_1_141' title='bbox 620 2152 808 2210; x_wconf 78' lang='lat' dir='ltr'><strong>nooruatum</strong></span> <span class='ocrx_word' id='word_1_142' title='bbox 835 2144 972 2210; x_wconf 83' lang='lat' dir='ltr'><strong>nitidum</strong></span> <span class='ocrx_word' id='word_1_143' title='bbox 999 2155 1235 2230; x_wconf 71' lang='lat' dir='ltr'><strong>venustumque</strong></span> <span class='ocrx_word' id='word_1_144' title='bbox 1255 2164 1371 2231; x_wconf 79' lang='lat' dir='ltr'><strong>expro-</strong></span> 
     </span>
     <span class='ocr_line' id='line_1_18' title="bbox 180 2249 1370 2336; baseline 0.002 -21"><span class='ocrx_word' id='word_1_145' title='bbox 180 2249 276 2316; x_wconf 84' lang='lat' dir='ltr'><strong>brans</strong></span> <span class='ocrx_word' id='word_1_146' title='bbox 311 2252 339 2315; x_wconf 89' lang='lat' dir='ltr'><strong>ei</strong></span> <span class='ocrx_word' id='word_1_147' title='bbox 376 2249 418 2314; x_wconf 77' lang='grc' dir='ltr'><strong>τοὶ</strong></span> <span class='ocrx_word' id='word_1_148' title='bbox 452 2251 562 2331; x_wconf 69' lang='grc' dir='ltr'><strong><em>κομψοὶ</em></strong></span> <span class='ocrx_word' id='word_1_149' title='bbox 593 2255 699 2317; x_wconf 81' lang='grc' dir='ltr'><strong><em>ταῦτα</em></strong></span> <span class='ocrx_word' id='word_1_150' title='bbox 727 2251 900 2330; x_wconf 73' lang='grc' dir='ltr'><strong><em>χλανίσκια</em></strong></span> <span class='ocrx_word' id='word_1_151' title='bbox 933 2249 1102 2336; x_wconf 82' lang='lat' dir='ltr'><strong>exprobrat</strong></span> <span class='ocrx_word' id='word_1_152' title='bbox 1124 2253 1157 2316; x_wconf 91' lang='lat' dir='ltr'><strong>in</strong></span> <span class='ocrx_word' id='word_1_153' title='bbox 1188 2249 1370 2317; x_wconf 80' lang='lat' dir='ltr'><strong>i&#39;imorodeo</strong></span> 
     </span>
     <span class='ocr_line' id='line_1_19' title="bbox 180 2354 1371 2441; baseline 0 -21"><span class='ocrx_word' id='word_1_154' title='bbox 180 2376 211 2441; x_wconf 85' lang='grc' dir='ltr'><strong>ρ.</strong></span> <span class='ocrx_word' id='word_1_155' title='bbox 251 2359 314 2433; x_wconf 84' lang='grc'><strong>18,</strong></span> <span class='ocrx_word' id='word_1_156' title='bbox 352 2359 405 2421; x_wconf 86' lang='grc'><strong>50.</strong></span> <span class='ocrx_word' id='word_1_157' title='bbox 454 2354 599 2421; x_wconf 82' lang='lat' dir='ltr'><strong>Tertium</strong></span> <span class='ocrx_word' id='word_1_158' title='bbox 638 2355 768 2423; x_wconf 80' lang='lat' dir='ltr'><strong>inolevit</strong></span> <span class='ocrx_word' id='word_1_159' title='bbox 804 2357 918 2422; x_wconf 80' lang='lat' dir='ltr'><strong>vitium</strong></span> <span class='ocrx_word' id='word_1_160' title='bbox 952 2356 1036 2422; x_wconf 89' lang='lat' dir='ltr'><strong>idem</strong></span> <span class='ocrx_word' id='word_1_161' title='bbox 1076 2359 1108 2422; x_wconf 92' lang='lat' dir='ltr'><strong>iu</strong></span> <span class='ocrx_word' id='word_1_162' title='bbox 1145 2358 1209 2422; x_wconf 86' lang='lat' dir='ltr'><strong>vita</strong></span> <span class='ocrx_word' id='word_1_163' title='bbox 1244 2356 1371 2423; x_wconf 79' lang='lat' dir='ltr'><strong>Antonii</strong></span> 
     </span>
     <span class='ocr_line' id='line_1_20' title="bbox 179 2462 1370 2547; baseline 0.001 -21"><span class='ocrx_word' id='word_1_164' title='bbox 179 2481 247 2547; x_wconf 79' lang='lat' dir='ltr'><strong>cap.</strong></span> <span class='ocrx_word' id='word_1_165' title='bbox 278 2465 332 2526; x_wconf 76' lang='lat'><strong>34.</strong></span> <span class='ocrx_word' id='word_1_166' title='bbox 357 2469 553 2539; x_wconf 83' lang='grc' dir='ltr'><strong><em>Πτολεμαῖον</em></strong></span> <span class='ocrx_word' id='word_1_167' title='bbox 582 2462 613 2528; x_wconf 76' lang='grc' dir='ltr'><strong>δὲ</strong></span> <span class='ocrx_word' id='word_1_168' title='bbox 636 2463 800 2543; x_wconf 72' lang='grc' dir='ltr'><strong>προήγαγε</strong></span> <span class='ocrx_word' id='word_1_169' title='bbox 824 2471 946 2545; x_wconf 78' lang='grc' dir='ltr'><strong><em>κρηπῖσι</em></strong></span> <span class='ocrx_word' id='word_1_170' title='bbox 970 2465 1021 2530; x_wconf 78' lang='grc' dir='ltr'><strong>καί</strong></span> <span class='ocrx_word' id='word_1_171' title='bbox 1046 2463 1191 2542; x_wconf 75' lang='grc' dir='ltr'><strong><em>χλαμύδι</em></strong></span> <span class='ocrx_word' id='word_1_172' title='bbox 1214 2463 1267 2528; x_wconf 84' lang='grc' dir='ltr'><strong>καί</strong></span> <span class='ocrx_word' id='word_1_173' title='bbox 1295 2486 1370 2528; x_wconf 87' lang='grc' dir='ltr'><strong><em>καυ·</em></strong></span> 
     </span>
     <span class='ocr_line' id='line_1_21' title="bbox 179 2553 1370 2655; baseline 0.001 -23"><span class='ocrx_word' id='word_1_174' title='bbox 179 2569 232 2652; x_wconf 78' lang='grc' dir='ltr'><strong>σία</strong></span> <span class='ocrx_word' id='word_1_175' title='bbox 256 2567 511 2651; x_wconf 69' lang='grc' dir='ltr'><strong><em>διαδηματοφόρῳ</em></strong></span> <span class='ocrx_word' id='word_1_176' title='bbox 531 2569 772 2647; x_wconf 80' lang='grc' dir='ltr'><strong><em>κεκοσμημένον,</em></strong></span> <span class='ocrx_word' id='word_1_177' title='bbox 794 2589 855 2634; x_wconf 90' lang='lat' dir='ltr'><strong>non</strong></span> <span class='ocrx_word' id='word_1_178' title='bbox 876 2571 955 2635; x_wconf 79' lang='lat' dir='ltr'><strong>setis</strong></span> <span class='ocrx_word' id='word_1_179' title='bbox 975 2569 1122 2635; x_wconf 77' lang='lat' dir='ltr'><strong>ooomnit</strong></span> <span class='ocrx_word' id='word_1_180' title='bbox 1144 2553 1370 2655; x_wconf 79' lang='lat' dir='ltr'><strong>paludamedto</strong></span> 
     </span>
     <span class='ocr_line' id='line_1_22' title="bbox 180 2673 1371 2760; baseline 0.001 -22"><span class='ocrx_word' id='word_1_181' title='bbox 180 2693 253 2740; x_wconf 88' lang='lat' dir='ltr'><strong>oum</strong></span> <span class='ocrx_word' id='word_1_182' title='bbox 286 2673 435 2760; x_wconf 76' lang='lat' dir='ltr'><strong>orepidis,</strong></span> <span class='ocrx_word' id='word_1_183' title='bbox 467 2693 549 2758; x_wconf 89' lang='lat' dir='ltr'><strong>quae</strong></span> <span class='ocrx_word' id='word_1_184' title='bbox 578 2675 705 2755; x_wconf 89' lang='grc' dir='ltr'><strong><em>χλανίδι</em></strong></span> <span class='ocrx_word' id='word_1_185' title='bbox 741 2675 856 2741; x_wconf 87' lang='lat' dir='ltr'><strong>meiius</strong></span> <span class='ocrx_word' id='word_1_186' title='bbox 880 2675 1118 2740; x_wconf 82' lang='lat' dir='ltr'><strong>oorrsooiantur.</strong></span> <span class='ocrx_word' id='word_1_187' title='bbox 1166 2675 1297 2741; x_wconf 84' lang='lat' dir='ltr'><strong>Videbis</strong></span> <span class='ocrx_word' id='word_1_188' title='bbox 1321 2695 1371 2739; x_wconf 89' lang='lat' dir='ltr'><strong>se·</strong></span> 
     </span>
     <span class='ocr_line' id='line_1_23' title="bbox 181 2779 1368 2867; baseline 0.001 -21"><span class='ocrx_word' id='word_1_189' title='bbox 181 2779 242 2846; x_wconf 88' lang='lat' dir='ltr'><strong>mel</strong></span> <span class='ocrx_word' id='word_1_190' title='bbox 275 2791 307 2846; x_wconf 86' lang='lat' dir='ltr'><strong>et</strong></span> <span class='ocrx_word' id='word_1_191' title='bbox 343 2780 463 2848; x_wconf 81' lang='lat' dir='ltr'><strong>iterum</strong></span> <span class='ocrx_word' id='word_1_192' title='bbox 498 2780 632 2861; x_wconf 82' lang='grc' dir='ltr'><strong><em>χλαμύς</em></strong></span> <span class='ocrx_word' id='word_1_193' title='bbox 664 2790 696 2847; x_wconf 81' lang='grc' dir='ltr'><strong><em>οι</em></strong></span> <span class='ocrx_word' id='word_1_194' title='bbox 728 2783 843 2864; x_wconf 87' lang='grc' dir='ltr'><strong><em>χλανίς</em></strong></span> <span class='ocrx_word' id='word_1_195' title='bbox 874 2779 1005 2847; x_wconf 84' lang='lat' dir='ltr'><strong>contusa</strong></span> <span class='ocrx_word' id='word_1_196' title='bbox 1031 2780 1114 2867; x_wconf 89' lang='lat' dir='ltr'><strong>apud</strong></span> <span class='ocrx_word' id='word_1_197' title='bbox 1136 2780 1291 2846; x_wconf 74' lang='lat' dir='ltr'><strong>Lucrinus</strong></span> <span class='ocrx_word' id='word_1_198' title='bbox 1315 2785 1368 2847; x_wconf 81' lang='lat'><strong>58.</strong></span> 
     </span>
     <span class='ocr_line' id='line_1_24' title="bbox 180 2883 1428 2975; baseline 0.001 -23"><span class='ocrx_word' id='word_1_199' title='bbox 180 2883 204 2975; x_wconf 72' lang='grc'><strong>3</strong></span> <span class='ocrx_word' id='word_1_200' title='bbox 237 2892 280 2953; x_wconf 73' lang='lat'><strong>44</strong></span> <span class='ocrx_word' id='word_1_201' title='bbox 310 2894 342 2951; x_wconf 86' lang='lat' dir='ltr'><strong>et</strong></span> <span class='ocrx_word' id='word_1_202' title='bbox 375 2889 416 2952; x_wconf 75' lang='lat'><strong>49</strong></span> <span class='ocrx_word' id='word_1_203' title='bbox 448 2895 479 2952; x_wconf 81' lang='lat' dir='ltr'><strong>et</strong></span> <span class='ocrx_word' id='word_1_204' title='bbox 504 2887 632 2973; x_wconf 86' lang='lat' dir='ltr'><strong>saepius</strong></span> <span class='ocrx_word' id='word_1_205' title='bbox 654 2887 740 2973; x_wconf 85' lang='lat' dir='ltr'><strong>apud</strong></span> <span class='ocrx_word' id='word_1_206' title='bbox 765 2885 853 2954; x_wconf 84' lang='lat' dir='ltr'><strong>aiios.</strong></span> <span class='ocrx_word' id='word_1_207' title='bbox 903 2887 1029 2972; x_wconf 83' lang='lat' dir='ltr'><strong>itepone</strong></span> <span class='ocrx_word' id='word_1_208' title='bbox 1053 2884 1167 2951; x_wconf 88' lang='lat' dir='ltr'><strong>deinde</strong></span> <span class='ocrx_word' id='word_1_209' title='bbox 1192 2889 1210 2970; x_wconf 86' lang='lat'>§</span> <span class='ocrx_word' id='word_1_210' title='bbox 1237 2889 1291 2952; x_wconf 80' lang='lat'><strong>39.</strong></span> <span class='ocrx_word' id='word_1_211' title='bbox 1318 2887 1370 2953; x_wconf 83' lang='grc' dir='ltr'><strong>αί-</strong></span> <span class='ocrx_word' id='word_1_212' title='bbox 1427 2898 1428 2906; x_wconf 75' lang='grc'>’</span> 
     </span>
     <span class='ocr_line' id='line_1_25' title="bbox 179 2991 1370 3080; baseline -0.001 -22"><span class='ocrx_word' id='word_1_213' title='bbox 179 3015 266 3073; x_wconf 89' lang='grc' dir='ltr'><strong><em>σχιον</em></strong></span> <span class='ocrx_word' id='word_1_214' title='bbox 291 3000 391 3071; x_wconf 81' lang='grc' dir='ltr'><strong><em>νομιεῖ</em></strong></span> <span class='ocrx_word' id='word_1_215' title='bbox 410 2991 522 3073; x_wconf 83' lang='grc' dir='ltr'><strong><em>ίηρίοο,</em></strong></span> <span class='ocrx_word' id='word_1_216' title='bbox 549 2991 611 3057; x_wconf 86' lang='lat' dir='ltr'><strong>noli</strong></span> <span class='ocrx_word' id='word_1_217' title='bbox 633 2993 773 3059; x_wconf 84' lang='lat' dir='ltr'><strong>retinere</strong></span> <span class='ocrx_word' id='word_1_218' title='bbox 795 3000 811 3080; x_wconf 86' lang='lat'>§</span> <span class='ocrx_word' id='word_1_219' title='bbox 836 2997 889 3059; x_wconf 82' lang='lat'><strong>47.</strong></span> <span class='ocrx_word' id='word_1_220' title='bbox 912 2991 1083 3057; x_wconf 86' lang='lat' dir='ltr'><strong>absurdam</strong></span> <span class='ocrx_word' id='word_1_221' title='bbox 1101 2991 1295 3078; x_wconf 80' lang='lat' dir='ltr'><strong>scripturam</strong></span> <span class='ocrx_word' id='word_1_222' title='bbox 1317 2993 1370 3057; x_wconf 82' lang='grc' dir='ltr'><strong>πέ-</strong></span> 
     </span>
     <span class='ocr_line' id='line_1_26' title="bbox 180 3096 1370 3186; baseline -0.002 -22"><span class='ocrx_word' id='word_1_223' title='bbox 180 3114 259 3164; x_wconf 90' lang='grc' dir='ltr'><strong><em>πλου</em></strong></span> <span class='ocrx_word' id='word_1_224' title='bbox 282 3100 453 3175; x_wconf 76' lang='grc' dir='ltr'><strong><em>εύπιὶκτους</em></strong></span> <span class='ocrx_word' id='word_1_225' title='bbox 478 3096 562 3180; x_wconf 72' lang='grc' dir='ltr'><strong>ὑφάς</strong></span> <span class='ocrx_word' id='word_1_226' title='bbox 587 3100 834 3184; x_wconf 67' lang='lat' dir='ltr'><strong>prosternimus,</strong></span> <span class='ocrx_word' id='word_1_227' title='bbox 859 3099 984 3185; x_wconf 81' lang='lat' dir='ltr'><strong>corrige</strong></span> <span class='ocrx_word' id='word_1_228' title='bbox 1010 3105 1026 3186; x_wconf 88' lang='lat'>§</span> <span class='ocrx_word' id='word_1_229' title='bbox 1051 3104 1094 3166; x_wconf 81' lang='grc' dir='ltr'><strong>ὅθ</strong></span> <span class='ocrx_word' id='word_1_230' title='bbox 1118 3098 1289 3179; x_wconf 86' lang='grc' dir='ltr'><strong><em>παρείκατε</em></strong></span> <span class='ocrx_word' id='word_1_231' title='bbox 1313 3117 1370 3184; x_wconf 86' lang='lat' dir='ltr'><strong>pro</strong></span> 
     </span>
     <span class='ocr_line' id='line_1_27' title="bbox 181 3204 1195 3290; baseline 0.002 -20"><span class='ocrx_word' id='word_1_232' title='bbox 181 3204 341 3285; x_wconf 71' lang='grc' dir='ltr'><strong><em>παρείκατε</em></strong></span> <span class='ocrx_word' id='word_1_233' title='bbox 364 3205 453 3271; x_wconf 89' lang='lat' dir='ltr'><strong>etin</strong></span> <span class='ocrx_word' id='word_1_234' title='bbox 479 3208 496 3290; x_wconf 88' lang='lat'><em>§</em></span> <span class='ocrx_word' id='word_1_235' title='bbox 523 3209 576 3271; x_wconf 76' lang='lat'><strong>55.</strong></span> <span class='ocrx_word' id='word_1_236' title='bbox 603 3205 739 3271; x_wconf 83' lang='lat' dir='ltr'><strong>restitue</strong></span> <span class='ocrx_word' id='word_1_237' title='bbox 764 3225 801 3270; x_wconf 85' lang='lat' dir='ltr'><strong>ex</strong></span> <span class='ocrx_word' id='word_1_238' title='bbox 827 3205 985 3272; x_wconf 79' lang='lat' dir='ltr'><strong>Eumrmrs</strong></span> <span class='ocrx_word' id='word_1_239' title='bbox 1013 3204 1118 3270; x_wconf 82' lang='lat' dir='ltr'><strong>Oreste</strong></span> <span class='ocrx_word' id='word_1_240' title='bbox 1145 3211 1195 3272; x_wconf 80' lang='lat' dir='ltr'><strong>m.</strong></span> 
     </span>
     <span class='ocr_line' id='line_1_28' title="bbox 360 3309 1111 3392; baseline 0 -15"><span class='ocrx_word' id='word_1_241' title='bbox 360 3311 461 3377; x_wconf 88' lang='grc' dir='ltr'><strong><em>καίτοι</em></strong></span> <span class='ocrx_word' id='word_1_242' title='bbox 484 3312 517 3376; x_wconf 93' lang='grc' dir='ltr'><strong><em>τί</em></strong></span> <span class='ocrx_word' id='word_1_243' title='bbox 538 3309 663 3392; x_wconf 67' lang='grc' dir='ltr'><strong><em>τᾶρρητ’</em></strong></span> <span class='ocrx_word' id='word_1_244' title='bbox 687 3311 966 3392; x_wconf 73' lang='grc' dir='ltr'><strong><em>οἱναμετρύσασίαί</em></strong></span> <span class='ocrx_word' id='word_1_245' title='bbox 988 3336 1029 3390; x_wconf 89' lang='grc' dir='ltr'><strong>με</strong></span> <span class='ocrx_word' id='word_1_246' title='bbox 1053 3311 1111 3384; x_wconf 90' lang='grc' dir='ltr'><strong><em>δεῖ;</em></strong></span> 
     </span>
    </p>

    <p class='ocr_par' dir='ltr' id='par_1_3' title="bbox 181 3415 1375 4034">
     <span class='ocr_line' id='line_1_29' title="bbox 225 3415 1372 3504; baseline 0.002 -23"><span class='ocrx_word' id='word_1_247' title='bbox 225 3415 261 3481; x_wconf 89' lang='lat' dir='ltr'><strong>ln</strong></span> <span class='ocrx_word' id='word_1_248' title='bbox 292 3415 491 3504; x_wconf 60' lang='lat' dir='ltr'><strong>Imaginibus</strong></span> <span class='ocrx_word' id='word_1_249' title='bbox 527 3421 590 3496; x_wconf 82' lang='lat'><strong>59,</strong></span> <span class='ocrx_word' id='word_1_250' title='bbox 626 3421 655 3482; x_wconf 81' lang='lat'><strong>⁷.</strong></span> <span class='ocrx_word' id='word_1_251' title='bbox 687 3416 723 3481; x_wconf 76' lang='lat' dir='ltr'><strong>nd</strong></span> <span class='ocrx_word' id='word_1_252' title='bbox 750 3416 781 3482; x_wconf 76' lang='grc' dir='ltr'><strong>δὲ</strong></span> <span class='ocrx_word' id='word_1_253' title='bbox 805 3417 886 3482; x_wconf 78' lang='grc' dir='ltr'><strong><em>ἄλλο</em></strong></span> <span class='ocrx_word' id='word_1_254' title='bbox 907 3423 999 3496; x_wconf 78' lang='grc' dir='ltr'><strong><em>σῶμα</em></strong></span> <span class='ocrx_word' id='word_1_255' title='bbox 1022 3416 1036 3481; x_wconf 80' lang='lat' dir='ltr'><strong>d</strong></span> <span class='ocrx_word' id='word_1_256' title='bbox 1060 3419 1220 3491; x_wconf 75' lang='grc' dir='ltr'><strong><em>Ἀπελλῆς</em></strong></span> <span class='ocrx_word' id='word_1_257' title='bbox 1244 3416 1372 3495; x_wconf 74' lang='grc' dir='ltr'><strong><em>δειξάτω</em></strong></span> 
     </span>
     <span class='ocr_line' id='line_1_30' title="bbox 181 3521 1372 3608; baseline -0.001 -19"><span class='ocrx_word' id='word_1_258' title='bbox 181 3523 265 3589; x_wconf 71' lang='grc' dir='ltr'><strong><em>κατὰ</em></strong></span> <span class='ocrx_word' id='word_1_259' title='bbox 290 3524 346 3600; x_wconf 76' lang='grc' dir='ltr'><strong><em>την</em></strong></span> <span class='ocrx_word' id='word_1_260' title='bbox 376 3521 527 3597; x_wconf 87' lang='grc' dir='ltr'><strong><em>Πακοίτην</em></strong></span> <span class='ocrx_word' id='word_1_261' title='bbox 558 3521 697 3602; x_wconf 79' lang='grc' dir='ltr'><strong><em>μοίλιτα,</em></strong></span> <span class='ocrx_word' id='word_1_262' title='bbox 723 3523 910 3588; x_wconf 84' lang='lat' dir='ltr'><strong>memoriam</strong></span> <span class='ocrx_word' id='word_1_263' title='bbox 937 3530 1045 3588; x_wconf 79' lang='lat' dir='ltr'><strong>servat</strong></span> <span class='ocrx_word' id='word_1_264' title='bbox 1068 3529 1100 3588; x_wconf 88' lang='lat' dir='ltr'><strong>et</strong></span> <span class='ocrx_word' id='word_1_265' title='bbox 1125 3541 1239 3588; x_wconf 89' lang='lat' dir='ltr'><strong>nomeu</strong></span> <span class='ocrx_word' id='word_1_266' title='bbox 1264 3523 1372 3608; x_wconf 87' lang='lat' dir='ltr'><strong>ipsum</strong></span> 
     </span>
     <span class='ocr_line' id='line_1_31' title="bbox 183 3625 1374 3709; baseline 0 -17"><span class='ocrx_word' id='word_1_267' title='bbox 183 3625 434 3694; x_wconf 74' lang='lat' dir='ltr'><strong>formosissimae</strong></span> <span class='ocrx_word' id='word_1_268' title='bbox 468 3626 614 3695; x_wconf 87' lang='lat' dir='ltr'><strong>mulieris</strong></span> <span class='ocrx_word' id='word_1_269' title='bbox 647 3631 798 3694; x_wconf 71' lang='lat' dir='ltr'><strong>nunninus</strong></span> <span class='ocrx_word' id='word_1_270' title='bbox 831 3627 865 3694; x_wconf 84' lang='lat' dir='ltr'><strong>V.</strong></span> <span class='ocrx_word' id='word_1_271' title='bbox 893 3627 934 3694; x_wconf 81' lang='lat' dir='ltr'><strong>H.</strong></span> <span class='ocrx_word' id='word_1_272' title='bbox 961 3628 1030 3694; x_wconf 80' lang='lat' dir='ltr'><strong>xli.</strong></span> <span class='ocrx_word' id='word_1_273' title='bbox 1056 3633 1109 3694; x_wconf 71' lang='lat'><strong>34.</strong></span> <span class='ocrx_word' id='word_1_274' title='bbox 1133 3631 1293 3703; x_wconf 71' lang='grc' dir='ltr'><strong><em>Ἀπελλῆς</em></strong></span> <span class='ocrx_word' id='word_1_275' title='bbox 1317 3629 1374 3709; x_wconf 75' lang='grc' dir='ltr'><strong>ἤρα</strong></span> 
     </span>
     <span class='ocr_line' id='line_1_32' title="bbox 182 3731 1375 3818; baseline -0.001 -18"><span class='ocrx_word' id='word_1_276' title='bbox 182 3741 235 3809; x_wconf 78' lang='grc' dir='ltr'><strong><em>τῆς</em></strong></span> <span class='ocrx_word' id='word_1_277' title='bbox 260 3731 462 3816; x_wconf 70' lang='grc' dir='ltr'><strong><em>Ἀλεξάνδρον</em></strong></span> <span class='ocrx_word' id='word_1_278' title='bbox 483 3743 671 3811; x_wconf 78' lang='grc' dir='ltr'><strong><em>παλλακῆς,</em></strong></span> <span class='ocrx_word' id='word_1_279' title='bbox 695 3731 771 3818; x_wconf 67' lang='grc' dir='ltr'><strong><em>ᾗπερ</em></strong></span> <span class='ocrx_word' id='word_1_280' title='bbox 794 3733 888 3813; x_wconf 80' lang='grc' dir='ltr'><strong><em>ὄνομα</em></strong></span> <span class='ocrx_word' id='word_1_281' title='bbox 914 3733 949 3811; x_wconf 70' lang='grc' dir='ltr'><strong>ἦν</strong></span> <span class='ocrx_word' id='word_1_282' title='bbox 973 3732 1151 3813; x_wconf 77' lang='grc' dir='ltr'><strong><em>Παχκοίτη,</em></strong></span> <span class='ocrx_word' id='word_1_283' title='bbox 1175 3732 1210 3798; x_wconf 85' lang='grc' dir='ltr'><strong><em>τδ</em></strong></span> <span class='ocrx_word' id='word_1_284' title='bbox 1234 3734 1265 3800; x_wconf 75' lang='grc' dir='ltr'><strong>δὲ</strong></span> <span class='ocrx_word' id='word_1_285' title='bbox 1286 3735 1375 3812; x_wconf 75' lang='grc' dir='ltr'><strong><em>γένος</em></strong></span> 
     </span>
     <span class='ocr_line' id='line_1_33' title="bbox 182 3834 1375 3922; baseline 0 -16"><span class='ocrx_word' id='word_1_286' title='bbox 182 3839 342 3922; x_wconf 86' lang='grc' dir='ltr'><strong><em>Λαρισαία</em></strong></span> <span class='ocrx_word' id='word_1_287' title='bbox 374 3834 427 3920; x_wconf 76' lang='grc' dir='ltr'><strong>ἦν,</strong></span> <span class='ocrx_word' id='word_1_288' title='bbox 461 3839 515 3907; x_wconf 77' lang='lat' dir='ltr'><strong>otu</strong></span> <span class='ocrx_word' id='word_1_289' title='bbox 548 3839 684 3906; x_wconf 84' lang='lat' dir='ltr'><strong>iiuumus</strong></span> <span class='ocrx_word' id='word_1_290' title='bbox 707 3847 739 3907; x_wconf 89' lang='lat' dir='ltr'><strong>et</strong></span> <span class='ocrx_word' id='word_1_291' title='bbox 770 3840 951 3906; x_wconf 86' lang='lat' dir='ltr'><strong>Punuomus</strong></span> <span class='ocrx_word' id='word_1_292' title='bbox 975 3840 1172 3907; x_wconf 81' lang='lat' dir='ltr'><strong>aduronuere</strong></span> <span class='ocrx_word' id='word_1_293' title='bbox 1197 3840 1375 3907; x_wconf 83' lang='lat' dir='ltr'><strong>rescriben-</strong></span> 
     </span>
     <span class='ocr_line' id='line_1_34' title="bbox 183 3943 1333 4034; baseline 0.003 -24"><span class='ocrx_word' id='word_1_294' title='bbox 183 3943 257 4012; x_wconf 88' lang='lat' dir='ltr'><strong>dum</strong></span> <span class='ocrx_word' id='word_1_295' title='bbox 283 3945 316 4011; x_wconf 95' lang='lat' dir='ltr'><strong>in</strong></span> <span class='ocrx_word' id='word_1_296' title='bbox 343 3945 478 4013; x_wconf 84' lang='lat' dir='ltr'><strong>Lumum</strong></span> <span class='ocrx_word' id='word_1_297' title='bbox 501 3945 587 4011; x_wconf 75' lang='grc' dir='ltr'><strong><em>κατὰ</em></strong></span> <span class='ocrx_word' id='word_1_298' title='bbox 609 3949 665 4023; x_wconf 73' lang='grc' dir='ltr'><strong><em>την</em></strong></span> <span class='ocrx_word' id='word_1_299' title='bbox 689 3944 869 4025; x_wconf 75' lang='grc' dir='ltr'><strong><em>Παγκοίςην</em></strong></span> <span class='ocrx_word' id='word_1_300' title='bbox 893 3945 947 4013; x_wconf 86' lang='lat' dir='ltr'><strong>sed</strong></span> <span class='ocrx_word' id='word_1_301' title='bbox 973 3965 1067 4012; x_wconf 89' lang='lat' dir='ltr'><strong>nemo</strong></span> <span class='ocrx_word' id='word_1_302' title='bbox 1091 3945 1333 4034; x_wconf 85' lang='lat' dir='ltr'><strong>obtemperavit.</strong></span> 
     </span>
    </p>

    <p class='ocr_par' dir='ltr' id='par_1_4' title="bbox 227 4049 1377 4131">
     <span class='ocr_line' id='line_1_35' title="bbox 227 4049 1377 4131; baseline 0.001 -13"><span class='ocrx_word' id='word_1_303' title='bbox 227 4052 264 4118; x_wconf 88' lang='lat' dir='ltr'><strong>in</strong></span> <span class='ocrx_word' id='word_1_304' title='bbox 302 4051 434 4128; x_wconf 70' lang='lat' dir='ltr'><strong>Tomari,</strong></span> <span class='ocrx_word' id='word_1_305' title='bbox 466 4052 659 4118; x_wconf 89' lang='lat' dir='ltr'><strong>suavissimo</strong></span> <span class='ocrx_word' id='word_1_306' title='bbox 691 4050 815 4128; x_wconf 83' lang='lat' dir='ltr'><strong>libello,</strong></span> <span class='ocrx_word' id='word_1_307' title='bbox 849 4053 965 4119; x_wconf 81' lang='lat' dir='ltr'><strong>vitium</strong></span> <span class='ocrx_word' id='word_1_308' title='bbox 996 4060 1045 4119; x_wconf 87' lang='lat' dir='ltr'><strong>est</strong></span> <span class='ocrx_word' id='word_1_309' title='bbox 1080 4057 1142 4131; x_wconf 81' lang='lat'><strong>41,</strong></span> <span class='ocrx_word' id='word_1_310' title='bbox 1170 4055 1200 4118; x_wconf 87' lang='grc'><strong>9.</strong></span> <span class='ocrx_word' id='word_1_311' title='bbox 1226 4049 1271 4119; x_wconf 78' lang='grc' dir='ltr'><strong><em>ὅτι</em></strong></span> <span class='ocrx_word' id='word_1_312' title='bbox 1296 4053 1327 4119; x_wconf 78' lang='lat' dir='ltr'><strong>e</strong></span> <span class='ocrx_word' id='word_1_313' title='bbox 1350 4055 1377 4119; x_wconf 91' lang='grc' dir='ltr'><strong><em>οί</em></strong></span> 
     </span>
    </p>
   </div>
   <div class='ocr_carea' id='block_1_3' title="bbox 56 4157 1378 4245">
    <p class='ocr_par' dir='ltr' id='par_1_5' title="bbox 56 4157 1378 4245">
     <span class='ocr_line' id='line_1_36' title="bbox 56 4157 1378 4245; baseline -0.001 -21"><span class='ocrx_word' id='word_1_314' title='bbox 56 4203 62 4212; x_wconf 86' lang='lat'><strong>·</strong></span> <span class='ocrx_word' id='word_1_315' title='bbox 183 4157 267 4239; x_wconf 82' lang='grc' dir='ltr'><strong><em>Φίλοι</em></strong></span> <span class='ocrx_word' id='word_1_316' title='bbox 304 4157 422 4224; x_wconf 88' lang='grc' dir='ltr'><strong><em>Σκύύαι</em></strong></span> <span class='ocrx_word' id='word_1_317' title='bbox 457 4157 538 4224; x_wconf 83' lang='grc' dir='ltr'><strong><em>πολὺ</em></strong></span> <span class='ocrx_word' id='word_1_318' title='bbox 574 4157 725 4239; x_wconf 79' lang='grc' dir='ltr'><strong><em>τιτύτεροι</em></strong></span> <span class='ocrx_word' id='word_1_319' title='bbox 749 4159 808 4223; x_wconf 80' lang='grc' dir='ltr'><strong><em>τῶν</em></strong></span> <span class='ocrx_word' id='word_1_320' title='bbox 841 4159 995 4235; x_wconf 74' lang='grc' dir='ltr'><strong><em>Ἑλλήνων</em></strong></span> <span class='ocrx_word' id='word_1_321' title='bbox 1025 4159 1127 4241; x_wconf 79' lang='grc' dir='ltr'><strong><em>φίλων</em></strong></span> <span class='ocrx_word' id='word_1_322' title='bbox 1156 4159 1250 4236; x_wconf 85' lang='grc' dir='ltr'><strong><em>είοίν,</em></strong></span> <span class='ocrx_word' id='word_1_323' title='bbox 1283 4157 1378 4245; x_wconf 84' lang='lat' dir='ltr'><strong>paulo</strong></span> 
     </span>
    </p>
   </div>
   <div class='ocr_carea' id='block_1_4' title="bbox 184 4263 1378 4352">
    <p class='ocr_par' dir='ltr' id='par_1_6' title="bbox 184 4263 1378 4352">
     <span class='ocr_line' id='line_1_37' title="bbox 184 4263 1378 4352; baseline -0.001 -23"><span class='ocrx_word' id='word_1_324' title='bbox 184 4265 279 4330; x_wconf 87' lang='lat' dir='ltr'><strong>etiam</strong></span> <span class='ocrx_word' id='word_1_325' title='bbox 304 4265 395 4350; x_wconf 86' lang='lat' dir='ltr'><strong>peius</strong></span> <span class='ocrx_word' id='word_1_326' title='bbox 421 4265 581 4330; x_wconf 85' lang='lat' dir='ltr'><strong>Bsuurnus</strong></span> <span class='ocrx_word' id='word_1_327' title='bbox 606 4263 701 4344; x_wconf 82' lang='lat' dir='ltr'><strong>feeit,</strong></span> <span class='ocrx_word' id='word_1_328' title='bbox 724 4265 779 4351; x_wconf 90' lang='lat' dir='ltr'><strong>qui</strong></span> <span class='ocrx_word' id='word_1_329' title='bbox 804 4266 926 4352; x_wconf 83' lang='lat' dir='ltr'><strong>recepit</strong></span> <span class='ocrx_word' id='word_1_330' title='bbox 945 4265 970 4331; x_wconf 85' lang='grc' dir='ltr'><strong><em>οῖ</em></strong></span> <span class='ocrx_word' id='word_1_331' title='bbox 990 4267 1077 4348; x_wconf 85' lang='grc' dir='ltr'><strong><em>φίλοι</em></strong></span> <span class='ocrx_word' id='word_1_332' title='bbox 1097 4267 1123 4331; x_wconf 89' lang='grc' dir='ltr'><strong><em>οῖ</em></strong></span> <span class='ocrx_word' id='word_1_333' title='bbox 1145 4266 1272 4332; x_wconf 84' lang='grc' dir='ltr'><strong><em>Σκύίαι.</em></strong></span> <span class='ocrx_word' id='word_1_334' title='bbox 1295 4264 1378 4330; x_wconf 87' lang='lat' dir='ltr'><strong>dixit</strong></span> 
     </span>
    </p>
   </div>
   <div class='ocr_carea' id='block_1_5' title="bbox 187 4361 1380 4560">
    <p class='ocr_par' dir='ltr' id='par_1_7' title="bbox 187 4361 1380 4560">
     <span class='ocr_line' id='line_1_38' title="bbox 187 4361 1378 4457; baseline 0 -20"><span class='ocrx_word' id='word_1_335' title='bbox 187 4367 334 4438; x_wconf 75' lang='lat' dir='ltr'><strong>Loounus</strong></span> <span class='ocrx_word' id='word_1_336' title='bbox 364 4361 469 4447; x_wconf 88' lang='lat' dir='ltr'><strong>idom,</strong></span> <span class='ocrx_word' id='word_1_337' title='bbox 505 4369 590 4457; x_wconf 89' lang='lat' dir='ltr'><strong>quod</strong></span> <span class='ocrx_word' id='word_1_338' title='bbox 612 4372 833 4457; x_wconf 83' lang='lat' dir='ltr'><strong>unusquisque</strong></span> <span class='ocrx_word' id='word_1_339' title='bbox 858 4378 1003 4436; x_wconf 81' lang='lat' dir='ltr'><strong>nostrum</strong></span> <span class='ocrx_word' id='word_1_340' title='bbox 1030 4371 1060 4436; x_wconf 88' lang='lat' dir='ltr'><strong>in</strong></span> <span class='ocrx_word' id='word_1_341' title='bbox 1086 4369 1141 4436; x_wconf 80' lang='lat' dir='ltr'><strong>toli</strong></span> <span class='ocrx_word' id='word_1_342' title='bbox 1168 4391 1201 4438; x_wconf 91' lang='lat' dir='ltr'><strong>re</strong></span> <span class='ocrx_word' id='word_1_343' title='bbox 1226 4371 1378 4438; x_wconf 67' lang='lat' dir='ltr'><strong>irruisset:</strong></span> 
     </span>
     <span class='ocr_line' id='line_1_39' title="bbox 188 4475 1380 4560; baseline -0.001 -20"><span class='ocrx_word' id='word_1_344' title='bbox 188 4477 213 4542; x_wconf 85' lang='lat' dir='ltr'><strong>oi</strong></span> <span class='ocrx_word' id='word_1_345' title='bbox 243 4477 359 4546; x_wconf 81' lang='grc' dir='ltr'><strong><em>Σαύύαι</em></strong></span> <span class='ocrx_word' id='word_1_346' title='bbox 383 4476 463 4544; x_wconf 83' lang='grc' dir='ltr'><strong><em>πολὺ</em></strong></span> <span class='ocrx_word' id='word_1_347' title='bbox 487 4475 636 4560; x_wconf 80' lang='grc' dir='ltr'><strong><em>ποτίτεροι</em></strong></span> <span class='ocrx_word' id='word_1_348' title='bbox 659 4483 719 4544; x_wconf 83' lang='grc' dir='ltr'><strong><em>τῶν</em></strong></span> <span class='ocrx_word' id='word_1_349' title='bbox 741 4477 897 4552; x_wconf 70' lang='grc' dir='ltr'><strong><em>Ἑλλήνων</em></strong></span> <span class='ocrx_word' id='word_1_350' title='bbox 919 4476 1006 4560; x_wconf 80' lang='grc' dir='ltr'><strong><em>Φίλοι</em></strong></span> <span class='ocrx_word' id='word_1_351' title='bbox 1030 4477 1122 4554; x_wconf 86' lang='grc' dir='ltr'><strong><em>είσίν,</em></strong></span> <span class='ocrx_word' id='word_1_352' title='bbox 1155 4483 1187 4543; x_wconf 89' lang='lat' dir='ltr'><strong>et</strong></span> <span class='ocrx_word' id='word_1_353' title='bbox 1211 4495 1284 4542; x_wconf 84' lang='lat' dir='ltr'><strong>mox</strong></span> <span class='ocrx_word' id='word_1_354' title='bbox 1307 4475 1380 4554; x_wconf 80' lang='grc' dir='ltr'><strong><em>πρὸς</em></strong></span> 
     </span>
    </p>
   </div>
   <div class='ocr_carea' id='block_1_6' title="bbox 0 0 1593 4972">
    <p class='ocr_par' dir='ltr' id='par_1_8' title="bbox 0 0 1593 4972">
     <span class='ocr_line' id='line_1_40' title="bbox 0 0 1593 4972; baseline 0 0"><span class='ocrx_word' id='word_1_355' title='bbox 0 0 1593 4972; x_wconf 95' lang='lat' dir='ltr'><strong> </strong></span> 
     </span>
    </p>
   </div>
  </div>
 </body>
</html>
