3204 4978
770 397 839 468 325

210 586 266 675 qui
291 587 453 676 permulta
479 588 585 657 ionica
605 589 784 658 admiscere
808 590 877 657 suis
899 588 997 670 soiet,
1022 590 1098 679 (non
1122 599 1231 660 uetera
1255 592 1396 680 poetica,

211 699 248 760 ut
268 693 361 761 multi
381 696 595 786 existimant),
617 695 860 771 uaticinante
879 715 1007 782 semper
1031 696 1191 766 dicebant.
1219 703 1307 785 997.
1320 702 1398 766 θνα·

210 810 319 875 καλεῖς
348 803 404 878 την
436 801 622 886 ὑπόσχεσιν,
656 803 789 870 Veteres
819 802 1012 870 ἀνατίθεσαι.
1050 806 1067 889 §
1097 809 1153 872 56.
1189 805 1314 872 ἐτειδόιν
1346 831 1399 882 τη·

209 909 331 992 μόνηό
363 910 583 988 σαλπιγκτής,
615 909 748 976 Veteres
780 909 899 993 σημθνη
920 911 1038 975 omisso
1061 911 1076 976 ό
1100 914 1312 990 σαλπιγκτής.
1360 909 1397 978 lu

210 1017 277 1091 67:
298 1019 334 1092 t,
360 1019 392 1081 t.
418 1018 599 1098 κεκερᾶσθαι
617 1016 732 1082 vitiosa
757 1023 789 1081 et
809 1013 945 1080 barbara
968 1014 1069 1082 iorrna
1090 1025 1150 1083 est.
1198 1019 1304 1085 Attica
1322 1028 1399 1086 suot

209 1120 366 1203 κέκραμαι
388 1128 419 1188 et
443 1121 587 1204 ἐκριόθην,
604 1122 728 1188 601699
753 1129 860 1188 vetera
885 1120 1036 1203 κέκρηριαι
1067 1129 1099 1188 ei
1122 1124 1263 1206 ἕκρηθην,
1288 1126 1398 1192 minus

208 1236 317 1295 vetera
341 1227 532 1310 κεκέρασριιιι
561 1235 592 1294 et
615 1227 797 1311 insputatur,
823 1246 905 1314 quae
930 1227 1092 1293 Xsuornon
1125 1239 1259 1316 usurpat
1283 1232 1322 1297 ab
1346 1233 1397 1298 Io-

209 1333 305 1401 nibus
327 1333 516 1422 aequalibus
539 1343 665 1413 sumta,
688 1343 725 1401 ut
748 1342 781 1400 et
804 1333 986 1412 ἐδννθσθην,
1011 1333 1095 1420 quod
1120 1334 1207 1421 apud
1230 1356 1304 1402 eum
1327 1357 1395 1425 per·

210 1448 343 1528 petuum
368 1448 417 1507 est
447 1459 505 1528 pru
537 1441 696 1516 ἐδννθθηνε,
721 1439 796 1505 irinc
829 1439 978 1506 Lucruuus
1007 1449 1064 1506 aut
1092 1442 1255 1522 κεκρᾶσθαι
1280 1442 1398 1510 dixisse

209 1554 313 1634 potest
337 1553 392 1612 aut
417 1545 619 1629 κεκερθσθαι,
652 1545 706 1613 sed
737 1545 821 1633 quod
854 1565 891 1612 ex
922 1555 1060 1634 utroque
1084 1553 1252 1634 perperam
1281 1547 1401 1616 conda·

208 1662 278 1719 turn
304 1661 354 1719 est
378 1654 559 1735 esxpectat
584 1652 691 1719 dicere
716 1671 778 1718 non
804 1653 918 1738 potuit.
952 1656 1012 1731 67,
1039 1657 1081 1731 6,
1107 1660 1137 1719 4.
1161 1653 1340 1734 ἐνδειξάσας
1364 1681 1399 1722 σε

208 1761 250 1844 τῷ
273 1760 434 1844 δακτύλῳ,
459 1759 590 1825 Veteres
613 1757 775 1838 δειξθσαςτ
797 1757 965 1837 ἕνδεόκννμι
989 1765 1020 1824 ei
1044 1755 1165 1838 ἔνδειξις
1191 1761 1222 1825 in
1250 1761 1320 1828 iure
1340 1762 1398 1828 nt-

209 1867 273 1932 tico
293 1867 371 1932 trita
391 1873 467 1932 sunt
486 1864 660 1946 rocahuia,
683 1864 738 1931 sed
757 1872 824 1930 tam
840 1873 934 1930 notus
954 1863 1007 1930 hic
1021 1884 1100 1931 usus
1116 1876 1165 1933 ast
1182 1866 1345 1946 omnibus,
1361 1878 1396 1935 ut

210 1973 364 2038 Lucuuun
388 1970 534 2052 δειξθσας
565 1971 734 2057 scripsisse
757 1971 923 2058 suspicer,
949 1969 1060 2037 multis
1091 1981 1161 2060 post
1192 1974 1310 2040 secutis
1335 1975 1398 2040 inr-

209 2088 378 2165 portunam
410 2077 679 2165 praepositionem
704 2077 787 2143 maie
815 2075 1010 2144 adhaesisse.
1035 2082 1098 2156 67,
1124 2083 1165 2157 7,
1191 2083 1224 2144 5.
1249 2080 1396 2147 κατακεί·

207 2190 317 2266 ψασαν
338 2204 397 2271 pro
420 2188 659 2250 καταλιποῦσαν
683 2191 748 2250 tarn
784 2191 879 2270 turpe
903 2183 1032 2250 dicendi
1057 2186 1172 2250 vitium
1205 2193 1273 2261 est,
1302 2194 1337 2250 ut
1360 2204 1398 2252 ea

207 2293 369 2378 scriptura
404 2309 481 2356 sana
512 2309 583 2356 esse
615 2309 676 2355 non
710 2291 820 2376 possit.
868 2289 967 2356 iduito
997 2290 1103 2356 serius
1128 2293 1194 2356 nati
1221 2299 1314 2369 sunt,
1338 2293 1394 2378 qui

205 2402 331 2478 κεῖφαι,
354 2397 536 2478 θμαρτιῖσαι
558 2404 590 2462 et
614 2393 732 2461 similia
754 2403 900 2482 portenta
923 2397 1126 2486 invexerunt.
1175 2398 1395 2464 Antiatticista

207 2503 360 2581 Burseni,
386 2503 442 2590 qui
467 2522 497 2588 p.
521 2506 603 2580 106,
629 2505 685 2568 at.
711 2503 858 2584 λεόψιις
883 2501 953 2568 dori
976 2505 1031 2568 τοῦ
1050 2503 1166 2582 nendo,
1192 2502 1396 2587 Ἀριςσφιόνης

204 2608 391 2694 Ἀνδρομέδην
415 2606 543 2685 attulit,
578 2616 643 2674 tarn
673 2627 788 2696 parurn
824 2607 945 2674 iudicio
973 2606 1057 2674 vaiet
1088 2617 1120 2674 et
1151 2610 1276 2676 vitiosis
1303 2609 1396 2676 libris

206 2723 271 2782 tarn
305 2734 398 2802 saepe
422 2712 521 2782 stulte
549 2713 704 2801 deceptus
735 2725 805 2790 est,
833 2722 869 2780 ut
893 2715 963 2780 eius
990 2713 1050 2780 tide
1083 2717 1162 2781 stari
1195 2735 1256 2781 non
1282 2717 1395 2803 possit.

206 2821 327 2909 Ecquis
351 2828 417 2900 est,
437 2822 492 2910 qui
517 2823 547 2889 ei
571 2820 682 2888 credat
701 2820 833 2898 ἐωνηκθς
858 2819 978 2887 dixisse
1007 2820 1122 2887 Lrsrsu
1152 2841 1210 2908 pro
1234 2821 1396 2901 ἐωνημένος

206 2949 236 3015 p.
262 2932 326 3004 ee,
360 2932 420 3006 23,
459 2936 516 2994 aut
546 2927 750 3010 ἐγρηγόρησεν
777 2927 1000 2993 quuruoursn
1030 2948 1061 3014 p.
1086 2931 1150 3004 96,
1186 2931 1227 2994 25
1260 2929 1306 3014 ¹),
1340 2936 1398 2994 aut

205 3037 333 3117 stupunico
357 3033 552 3100 Anrrrnuuau
584 3055 615 3121 p.
639 3037 701 3113 98,
728 3037 786 3110 98,
819 3053 876 3120 pro
899 3034 1001 3116 ηκρνῶ.
1028 3033 1155 3114 ηκρόασι
1186 3033 1282 3101 credo
1305 3033 1395 3100 dixe·

207 3150 276 3221 rat,
303 3140 334 3206 id
359 3149 407 3208 est
430 3140 578 3219 ηκηκόεις.
625 3139 707 3222 Quid
733 3139 890 3206 erraverit
915 3161 944 3226 p.
973 3144 1056 3221 112,
1083 3143 1138 3208 99.
1162 3140 1196 3206 in
1219 3139 1395 3207 statuaras

205 3247 328 3338 (editur
351 3245 541 3336 τέτανντνιι)
572 3265 670 3333 supra
701 3245 1006 3312 demonstravimus.
1055 3245 1117 3328 Qut
1141 3246 1187 3312 sic
1218 3233 1398 3313 donntrarc'

203 3363 308 3442 potest
337 3363 369 3421 et
400 3355 433 3420 in
465 3363 530 3420 tam
556 3352 677 3440 apertis
701 3363 732 3418 et
757 3350 938 3418 manifestis
961 3353 1141 3430 caecutire,
1166 3352 1337 3439 quiscum
1362 3352 1395 3417 in

128 3451 143 3462 ’
204 3459 259 3528 tatt
284 3481 336 3538 re,
362 3461 396 3527 in
427 3461 560 3527 immani
588 3458 806 3534 barbarismo,
834 3457 928 3524 fidem
955 3477 1078 3527 merere
1100 3457 1247 3545 putabit?
1280 3460 1396 3539 λεῖψαι

204 3568 306 3654 igitur
330 3576 397 3635 tarn
426 3585 541 3634 sanum
563 3575 612 3633 est
631 3573 664 3633 et
681 3564 880 3651 genuinum,
905 3571 1002 3650 atque
1033 3563 1252 3630 dsrsroruaurs
1275 3565 1396 3630 Andro·

204 3665 310 3753 medo,
333 3692 415 3762 quae
447 3671 534 3740 nulia
564 3691 719 3760 umquam
746 3669 829 3754 tuit,
854 3671 965 3758 itaque
989 3669 1181 3754 Ἀντιφιόνηρ
1206 3671 1393 3756 reponitur,

205 3781 299 3847 cuius
321 3779 519 3846 Andromeda
538 3777 598 3846 hoc
617 3779 713 3845 unico
736 3777 921 3844 testimonio
943 3777 1071 3844 nititur.
1105 3775 1201 3843 Soros
1214 3784 1397 3863 poetastros

205 3888 250 3954 ita
273 3905 406 3976 peccare
433 3905 496 3952 non
522 3887 699 3962 miramur,
726 3893 760 3950 ut
786 3891 951 3950 auctorem
975 3887 1035 3950 τῶν
1045 3888 1167 3966 χρυσῶν
1179 3883 1258 3950 ἐτῶν
1280 3903 1327 3950 rs.
1342 3887 1396 3951 70.

338 3995 373 4072 ἣν
396 3993 424 4060 δ’
447 3991 629 4075 &considens
654 3992 732 4071 σῶμ’
754 3991 797 4065 εἰς
819 3987 910 4071 αθθέρ·
934 3987 1087 4072 ἐλεύθερον
1111 3985 1209 4073 indos.

205 4165 415 4180 Μαι-...ιι-

238 4265 264 4330 1)
281 4261 431 4317 Χιαοτιιοιι
454 4267 481 4317 in
504 4263 618 4316 Aoodooi
635 4263 738 4316 IV.'rr.
758 4269 797 4314 22.
822 4259 1008 4330 ἐγρηγόρεσαν
1028 4260 1140 4327 scripsit,
1165 4260 1233 4325 quod
1258 4259 1400 4312 Poenum

203 4348 297 4411 optime
313 4349 432 4410 restituit,
446 4363 496 4414 ‘pro
513 4348 595 4399 torma
611 4347 715 4398 barbara
732 4345 919 4415 ἐγρηγόρησεν
935 4360 951 4395 a
969 4343 1099 4395 Graeculis
1122 4343 1221 4394 inrecta
1238 4351 1263 4392 et
1284 4342 1401 4406 imperito

202 4431 368 4494 grammatico
385 4438 470 4482 nostro
488 4432 604 4495 probata,
622 4444 730 4494 namque
747 4445 793 4495 pro
810 4427 1005 4498 ἐγρηγόρησεκι
1024 4425 1152 4486 Ξενοφὸν
1169 4425 1296 4494 τετάρτῳ
1318 4422 1400 4476 'Aaou

202 4510 310 4572 βάσεως
326 4513 465 4578 tegendum
481 4526 535 4566 esse
551 4507 740 4579 ἐγρηγόρησκν
757 4512 919 4564 mendosum
936 4517 982 4564 eet.
