3178 4972
710 391 756 462 29

135 585 253 654 tlrator
280 592 365 654 acuo
397 593 550 672 posucrat
585 603 643 672 pro
675 585 802 664 vocabo,
834 586 867 652 in
891 583 1032 654 socuotla
1061 593 1153 674 parte
1175 586 1237 652 loci
1261 607 1325 654 non

135 701 307 758 senscrunt
340 691 425 757 idem
449 688 534 757 dici:
563 691 671 777 itaque
696 691 742 757 sic
768 691 862 778 vulgo
886 693 1005 779 legitur
1027 695 1044 778 §
1068 697 1123 772 67,
1148 696 1252 760 οὐκοῦν
1272 693 1325 761 καὶ

133 798 230 866 αὐτὸν
260 801 330 878 ὑμῖν
358 796 516 864 καλέσω
548 797 600 864 τὸν
624 797 848 880 Ἡγήσανδρον,
881 798 1037 883 γέγραφα
1061 799 1086 865 δ’
1099 801 1183 882 αὐτῷ
1206 824 1326 882 μαρτυ-

132 907 202 988 ρίαν
234 903 439 987 κοσμιωτέραν
470 905 528 982 μὲν
550 903 572 979 ,ἢ
594 907 668 970 κατ’
698 907 822 982 ἐκεῖνον,
853 907 950 988 μικρῷ
979 906 1012 971 δέ
1041 907 1219 989 σαφεςέραν
1243 906 1260 984 ἢ
1284 907 1327 988 τῷ

132 1011 298 1096 Μισγόλα.
330 1013 384 1077 οὐκ
415 1013 516 1090 tyron
542 1011 568 1075 δ’
580 1007 626 1076 tre
649 1013 822 1091 ἀπομεῖται
854 1012 906 1078 καὶ
940 1013 1123 1092 ἐπιορκήσει.
1148 1013 1200 1078 διά
1223 1013 1256 1079 σι’
1278 1007 1328 1080 οὖν

132 1115 230 1184 αιἰσθν
261 1123 347 1184 καλῶ
372 1116 423 1182 ἐπὶ
447 1118 502 1192 riu
525 1117 713 1198 μαρτυρίαις
743 1114 780 1182 ἵν’
804 1118 878 1196 ὑμῖν
900 1117 1040 1196 ἒσιδεθξω
1062 1121 1129 1185 κσέ.
1179 1117 1241 1200 Qui
1266 1139 1326 1184 nou

132 1226 236 1289 sentit
257 1228 344 1289 κακῶ
368 1219 516 1289 totorum
542 1242 630 1298 esse,
663 1221 742 1288 nihil
772 1243 925 1311 umquam
951 1223 1131 1310 degenere
1163 1225 1221 1292 boc
1254 1245 1329 1292 sen·

131 1329 216 1408 tiet,
241 1337 274 1394 at
296 1327 438 1394 librariis
462 1335 494 1393 ot
518 1327 627 1394 sciolis
650 1327 730 1394 nibil
751 1327 914 1407 suboluit,
937 1333 1048 1420 itaque
1068 1333 1161 1418 prius
1182 1337 1269 1398 καλῶ
1288 1329 1328 1397 ad

131 1454 228 1502 snam
250 1433 518 1502 consuetudinem
552 1444 764 1512 revocarunt,
798 1436 936 1502 alterum
971 1435 1173 1523 reliquerunt
1194 1427 1328 1502 inuiola-

133 1553 218 1608 tum.
266 1539 303 1607 Si
326 1541 405 1608 baec
430 1543 514 1608 ratio
544 1540 703 1606 constabit
736 1549 881 1627 potestne
905 1543 1042 1610 certiore
1066 1542 1185 1609 indicio
1209 1542 1328 1610 coniic-

131 1647 217 1714 mnri
243 1645 275 1714 id
300 1645 385 1734 quod
409 1654 523 1734 suaptc
547 1656 665 1714 natura
690 1647 769 1713 satis
791 1658 862 1717 erat
885 1658 1032 1727 certum,
1055 1670 1151 1716 ιιιιοιιι
1172 1669 1242 1716 csse
1263 1647 1329 1716 tor·

131 1772 220 1818 marn
247 1753 290 1820 in·
306 1771 386 1830 usu,
410 1772 472 1820 non
498 1754 594 1831 duos,
620 1752 737 1840 quibus
761 1773 819 1820 suo
843 1754 1003 1820 arbitratu
1027 1755 1123 1822 Attici
1146 1739 1329 1842 promiscue

132 1867 319 1928 uterentur.
369 1858 558 1939 Praeterea,
591 1861 620 1927 si
643 1861 718 1947 quis
751 1859 808 1927 bos
838 1860 924 1927 locos
949 1861 1138 1947 diligentius
1161 1861 1328 1949 inspiciet,

131 1967 169 2031 in
193 1964 306 2032 multis
331 1965 547 2053 corruptelam
572 1965 705 2034 subesse
730 1967 827 2032 ctiam
852 1967 924 2034 aliis
947 1966 1074 2033 indiciis
1094 1966 1329 2054 deprehendet,

131 2071 235 2140 veluti
259 2072 291 2137 in
316 2071 429 2144 bisunu
452 2075 597 2140 oratione
621 2072 843 2160 xvttt.§nt,
874 2075 929 2140 cim
953 2073 1034 2155 ἔχω,
1060 2071 1082 2140 ὦ
1106 2071 1210 2156 άυδρες
1239 2074 1328 2140 δικα·

129 2179 210 2253 cccl,
238 2175 394 2251 oir'crrrcc'
412 2179 609 2259 δεησομένους
635 2180 708 2260 ὑπὲρ
732 2182 815 2260 ὑμῶν
839 2180 1103 2261 άναβιβάσομαι,
1136 2179 1190 2246 ubi
1214 2180 1328 2260 άναβι·

129 2283 309 2364 βάσυμαι,
335 2293 372 2352 ut
395 2286 527 2372 opinor,
553 2295 601 2352 est
627 2286 859 2352 necessarium.

181 2391 294 2477 ltaque
325 2393 357 2456 iu
390 2391 527 2458 llormmr
557 2401 590 2458 et
622 2392 803 2471 Atticistis,
837 2393 865 2458 si
897 2393 970 2478 quis
1001 2412 1111 2484 eorum
1148 2394 1328 2480 praeceptis

131 2497 184 2564 sic
207 2499 256 2564 uti
279 2496 381 2574 uolet,
413 2499 578 2584 egregium
612 2507 760 2584 paratum
787 2497 849 2565 erit
873 2498 984 2566 Atticis
1016 2497 1232 2585 praesidium,
1267 2519 1328 2566 non

131 2622 200 2690 qno
223 2603 339 2670 melius
364 2603 604 2690 intelligantur,
629 2603 683 2670 sou
709 2623 772 2692 quo
798 2602 949 2672 eluantur
973 2605 1084 2672 sordes
1110 2607 1247 2672 nitorem
1268 2607 1326 2672 At·

131 2710 215 2776 ticoo
243 2710 423 2776 venustatis
454 2707 677 2777 obscurantes
726 2709 908 2814 Gaueptlum
934 2719 1042 2778 autem
1067 2711 1240 2798 diligenter
1263 2714 1326 2778 erit

132 2835 177 2884 nc
199 2823 322 2882 temere
352 2813 429 2902 quid
462 2814 680 2884 Grammatico
712 2817 824 2883 credas
857 2837 935 2884 neue
967 2837 1099 2884 caecum
1129 2811 1247 2886 ducem
1277 2828 1325 2886 te·

131 2941 224 2989 mere
247 2923 406 3007 soqtraris.
454 2920 555 3003 Quam
582 2943 695 3010 saepe,
728 2943 824 3010 quam
859 2923 1017 3009 turpiter,
1050 2943 1148 3010 quam
1171 2924 1325 2990 ioculari·

132 3038 185 3097 ter
208 3046 319 3094 erroro
350 3025 492 3107 soleant,
526 3041 599 3096 nota
633 3049 685 3096 res
716 3039 775 3097 est.
823 3030 940 3097 Moenus
964 3049 1023 3116 pro
1047 3030 1157 3096 Attiou
1180 3029 1325 3097 venditat

133 3134 305 3204 Homerica
329 3142 362 3200 et
384 3132 512 3214 lonico,
539 3136 657 3223 quibus
681 3135 810 3223 Tragici
831 3136 888 3202 soli
910 3134 1173 3215 delectabantur,
1194 3146 1251 3204 aut
1272 3154 1325 3204 uo·

132 3239 250 3308 cabula
280 3241 387 3326 prisca
412 3248 445 3306 et
468 3261 561 3309 casca
585 3263 603 3309 e
627 3242 756 3310 Sonours
788 3241 913 3329 legibus
945 3242 1109 3312 sublecta:
1144 3242 1188 3310 ci.
1212 3263 1243 3310 v.
1269 3264 1322 3310 u.:

132 3347 351 3429 dicticinio,
375 3347 452 3428 ἥρω,
477 3347 562 3430 ἱδρῶ,
587 3350 704 3428 κυκεῶ,
740 3348 866 3428 νὲασον,
890 3348 1019 3430 ostoun,
1048 3346 1188 3431 άθυρμα,
1213 3350 1326 3428 δημοθ-

132 3477 236 3533 μενσν,
257 3453 371 3534 διῆρες,
395 3454 558 3532 βουλυσθς.
594 3453 728 3522 Solonca
749 3465 825 3522 suut
846 3454 878 3520 in
899 3475 929 3520 v.
950 3475 991 3520 u.:
1016 3455 1228 3540 σεισάχθειαν,
1252 3457 1325 3522 lori·

132 3585 197 3640 ειν,
231 3557 382 3636 artano:
414 3569 470 3626 aut
501 3580 597 3627 usum
622 3570 654 3627 et
682 3563 911 3649 proprietatem
944 3561 1118 3628 Atticorum
1153 3581 1214 3626 nou
1246 3563 1326 3628 satis

133 3665 252 3734 callere
272 3667 439 3750 arguitur,
464 3667 577 3733 miscet
598 3667 717 3744 aliena,
735 3663 864 3734 'diuersa
883 3665 1072 3746 contundit,
1092 3651 1254 3753 scriptura
1274 3685 1325 3733 oo-

134 3772 245 3846 tlicum
282 3771 455 3858 deprauata
491 3771 673 3858 decipitur,
711 3781 747 3839 ut
780 3775 811 3839 iu
848 3773 1052 3852 άνκλυμένα,
1087 3775 1325 3854 ἀνασχήσει-αι,

133 3880 279 3958 dasiro,
299 3877 445 3958 βλάβος,
466 3877 619 3946 διωκάθειν
633 3881 703 3969 (pro
716 3881 874 3948 διωκαθεῖυ.
890 3880 1028 3958 acrisio,
1048 3877 1088 3945 ci.
1102 3877 1272 3945 Ecuacrms
1285 3879 1324 3946 ad

133 3984 277 4054 Medeam
314 3985 410 4073 186),
443 3987 491 4059 cic
521 3987 625 4068 σρθσιιν
658 3987 792 4070 ἡμέραν,
829 3984 1003 4069 κρεμάθρα,
1037 3985 1170 4064 κνισᾶν,
1193 3987 1324 4068 ὤφειλε,

133 4098 213 4159 oet:
240 4091 410 4177 ignorabat
432 4111 495 4178 qun
519 4100 608 4158 cono
634 4113 693 4160 usu
718 4092 876 4162 distarent
898 4090 1101 4174 γραψάμενος
1122 4099 1155 4157 et
1174 4091 1324 4173 γράψας,

134 4203 259 4284 φαῦλον
283 4207 317 4265 el
331 4201 499 4280 φλαῦρον,
535 4200 641 4278 δεσμσθ
671 4209 703 4266 et
727 4199 849 4279 δεσμά,
881 4199 1051 4280 sacrarat
1079 4207 1111 4264 et
1134 4199 1324 4280 πεπραχώς,

135 4305 209 4372 alia.
236 4302 373 4372 Codices
393 4303 556 4392 depravati
577 4323 650 4372 enm
671 4304 866 4394 deceperunt
880 4305 913 4371 in
926 4308 1076 4386 ἀνακωχή
1095 4323 1152 4391 pro
1169 4306 1325 4386 dccccxi,

135 4411 353 4494 κατακάχιμα
385 4429 442 4497 pro
473 4410 701 4494 κασσκάχιμα,
732 4412 824 4479 alibi:
859 4412 898 4480 ab
922 4410 972 4478 bis
1004 4412 1106 4497 igitur
1129 4411 1157 4476 si
1182 4413 1324 4490 caveris,

136 4525 174 4586 ut
193 4515 275 4584 nibil
294 4517 417 4586 erroris
436 4515 567 4584 subesse
587 4524 675 4584 certo
696 4519 800 4598 scias,
821 4517 938 4586 Moenus
958 4519 992 4584 in
1006 4537 1079 4586 cunr
1092 4515 1224 4584 modurn
1237 4513 1326 4581 adbi-
