3086 4974
664 349 731 421 ott

105 548 254 629 μέλλουσι
278 550 335 625 riri
356 545 546 623 δικαιοσύνην
568 547 777 630 παραδάσειν,
802 541 884 610 saise
908 550 942 609 et
964 540 1067 628 lepide
1091 539 1209 608 sciolus
1236 535 1293 604 ad·

107 655 238 743 scripsit
261 655 334 737 παρ’
357 651 396 721 ὧν
419 653 468 720 δεῖ
487 653 600 732 λαβεῖν
624 651 756 730 αὐτούς,
783 669 865 737 quoae
890 648 984 715 verita
1009 656 1080 735 post
1101 643 1147 713 ίτι
1172 648 1293 713 inserta

106 769 207 828 totam
233 759 294 827 ioci
318 759 556 848 pereicgantem
581 759 845 846 compositionem
870 755 998 842 penitus
1021 761 1181 821 evertunt.

154 865 312 934 Sintiiiter·
345 888 375 954 p.
398 871 474 932 311.
506 885 534 932 c.
564 885 664 953 quom
698 864 857 929 isocrates
887 861 1021 927 dixisset
1044 860 1232 926 couterutim
1256 859 1297 924 de

110 971 255 1060 improbo
286 970 539 1050 calumniatore,
583 969 779 1052 συκοφάντην
808 967 837 1035 δ’
861 967 936 1034 ὄντα
966 967 1018 1033 τὸν
1041 965 1222 1049 πράγματά
1245 988 1296 1044 μω

109 1077 306 1160 παρέχοντα,
330 1076 501 1165 adscripsit
523 1077 639 1163 aliquis
658 1075 710 1142 τὸν
729 1073 950 1157 γεγραμμένον
968 1083 1196 1153 accusatorem,
1214 1092 1298 1160 quac

111 1202 198 1250 nunc
222 1185 268 1248 ita
299 1191 426 1271 recepta
458 1189 534 1249 sont
567 1192 603 1248 ut
631 1180 727 1266 vulgo
751 1180 947 1266 legatoriis
971 1178 1205 1266 [γεγραμμένον
1227 1176 1294 1266 καί]

110 1289 291 1374 πράγματά
313 1313 364 1368 μοι
384 1289 584 1370 παρέχοντα,
611 1287 727 1374 inepte.
1330 1279 1334 1286 ’

155 1396 256 1462 Isocr.
291 1396 358 1478 περί
393 1394 588 1468 Ἀντιδόσεως
624 1413 654 1481 p.
682 1397 738 1460 82.
776 1395 857 1473 μήτε
888 1395 1069 1475 κληροῦσθαι
1100 1399 1160 1460 τῶν
1195 1394 1299 1476 άρχῶν

110 1498 252 1588 [irem.
281 1500 458 1569 absurdum
490 1495 581 1566 ἕνεκα
612 1519 629 1564 a
662 1498 762 1565 scioio
790 1505 859 1578 est,
886 1499 943 1585 qui
967 1497 1044 1584 quid
1067 1507 1152 1569 esset
1176 1504 1300 1580 κληροῦ·

112 1607 181 1674 σίαι
200 1613 259 1674 τῶν
276 1609 381 1696 άρχιῖιν
392 1604 570 1693 ignorabat.
596 1604 691 1670 Plura
704 1603 809 1670 dicam
824 1604 864 1671 ad
883 1603 1051 1672 Aeschinis
1072 1603 1298 1674 Timorctcom.

157 1713 255 1779 isocr.
280 1713 346 1796 περί
377 1711 574 1785 Ἀντιδόσεως
599 1731 631 1797 p.
653 1713 708 1777 89.
734 1711 805 1786 τοὺς
829 1711 861 1777 δὲ
883 1710 1085 1794 συκοφάντας
1109 1713 1299 1792 άτιμΗτίον.

112 1816 243 1886 Scribas
266 1820 462 1908 permiscere
477 1818 580 1884 soient
601 1817 806 1883 floruerioum
827 1803 1160 1896 desperationum
1182 1817 1300 1898 άτιμά·

112 1925 173 2008 ζειν
195 1936 246 2006 et,
280 1926 365 2014 quod
398 1935 464 1993 toto
487 1924 575 1991 coelo
597 1922 760 1990 diversum
785 1933 854 2003 est,
878 1925 1020 2003 άτιμοῖιν.
1069 1925 1156 1992 Luce
1180 1924 1300 1991 clarius

111 2040 162 2099 est
182 2032 370 2114 άτιματέοι
393 2051 463 2099 esse
486 2028 736 2098 emendandum.
1283 2119 1287 2126 .

155 2137 255 2205 lcocc
279 2138 347 2221 περί
371 2137 485 2205 Ἀντιδ.
513 2157 542 2223 p.
567 2142 640 2203 117.
664 2138 690 2203 οί
714 2143 834 2205 curtem
858 2143 917 2203 τῶν
938 2137 1098 2218 άνίριίπων
1125 2119 1325 2222 incrustata?

112 2267 159 2311 σιν
181 2243 372 2326 άδολεσχίαν
396 2241 449 2308 καί
470 2241 684 2325 μΙΚρολογίαν
703 2237 780 2308 είναι
804 2242 848 2308 τά
866 2249 999 2308 τοιαῦτα
1017 2249 1075 2310 τῶν
1094 2245 1299 2323 μαθημάτων.

114 2349 179 2415 Hoc
203 2348 333 2436 quidem
360 2369 452 2415 tremo
479 2367 632 2436 umquam
658 2349 875 2427 existimavit,
901 2347 956 2414 sed
980 2349 1195 2431 μικρολογίαν·
1211 2347 1299 2416 είναι.

160 2453 239 2521 ίίιίιί.
272 2473 304 2541 p.
337 2459 410 2521 125.
440 2452 535 2528 οὕτως
564 2453 773 2536 interemat
804 2454 857 2520 καί
888 2455 1089 2537 συγκέχυται
1111 2458 1220 2522 πολλά
1242 2462 1302 2522 τῶν

115 2561 200 2628 κατά
222 2562 278 2637 τίον
299 2559 406 2628 πάλιν.
437 2561 534 2628 scrib.
565 2561 807 2642 άΝΤίτρατται
837 2561 872 2626 in
895 2561 1085 2626 contrarium
1110 2583 1199 2628 cerro
1221 2571 1302 2627 utut.

161 2665 240 2734 liud.
260 2687 293 2753 p.
315 2672 394 2733 354.
414 2686 444 2734 a.
463 2669 496 2733 od
516 2665 656 2748 πρότερον
675 2665 855 2732 ἐπαύσαντο
871 2666 939 2747 πρὶν
957 2666 1142 2746 ἠνάγκασαν
1163 2671 1303 2734 ὈΜΟΙ-

114 2797 162 2848 ονς
185 2773 329 2854 γενίσίιιι
352 2780 423 2847 ταῖς
447 2772 564 2846 αίτίαις
586 2781 657 2847 ταῖς
675 2772 861 2852 λεγομέναις
879 2771 945 2854 περί
966 2775 1067 2839 αὐτῶν
1087 2793 1144 2860 pru
1164 2773 1304 2841 absurdo

113 2877 232 2959 ὁμοίους
256 2878 283 2944 si
309 2880 493 2965 reposueris
515 2881 695 2953 ’θΝΟΧους
719 2879 805 2945 cisra
831 2878 886 2944 iux
911 2877 1087 2966 effulgebit.

158 2982 361 3072 Quousquam
386 2985 493 3052 omnia
519 2983 750 3052 Graeculorum
774 2983 993 3052 additamenta
1013 2996 1069 3052 aut
1089 2985 1206 3073 frigida
1227 2995 1304 3054 suut

115 3098 172 3158 aut
204 3088 321 3170 stulta,
360 3091 503 3157 omnium
537 3098 645 3156 tamen
676 3090 922 3158 stolidissimum
956 3111 1058 3177 genus
1093 3102 1141 3159 cst
1176 3112 1305 3170 corum,

115 3215 199 3284 quac
230 3215 305 3263 cum
338 3197 506 3283 scriptoris
536 3197 669 3263 consitio
693 3205 726 3263 et
749 3195 809 3264 ioci
835 3198 994 3264 sententia
1018 3208 1179 3286 puguant:
1206 3200 1305 3266 vetuti

116 3323 147 3391 p.
179 3307 234 3371 tt.
288 3301 446 3368 isocrates
488 3301 527 3368 de
561 3301 718 3392 Lysandri
755 3303 857 3388 gioria
893 3302 1066 3370 detrahens
1100 3308 1305 3373 contemtim:

116 3408 217 3476 καίτοι
243 3409 305 3492 χρὴ
337 3407 492 3490 ςρατηγέν
521 3405 626 3490 άριτον
654 3406 784 3489 νομίζειν
814 3411 867 3475 οὐκ
899 3410 927 3475 εί
955 3432 1002 3484 τις
1026 3418 1085 3496 μιᾷ
1109 3412 1194 3493 τάχη
1216 3427 1306 3488 τηλι-

117 3514 223 3581 κοῦτίν
249 3538 284 3581 σι
315 3516 508 3596 mmccciv
536 3512 635 3597 r‘o'rrrsp
666 3514 855 3598 Λύσανδρος,
888 3515 1074 3603 supervenit
1106 3516 1225 3583 sciolus
1249 3519 1305 3604 qui

119 3618 254 3687 addidit:
279 3617 293 3686 ί
316 3620 423 3702 μηδενί
446 3621 504 3688 τῶν
526 3617 632 3687 άλλων
656 3620 884 3704 διαπράξασίαι
907 3622 1123 3702 συμβέβηκεν.
1166 3623 1205 3688 tt
1227 3622 1305 3690 haec

120 3723 279 3792 frontinus
310 3725 453 3795 adversis
485 3727 570 3794 inter
593 3746 628 3794 sc
650 3735 870 3807 concurrunt,
894 3726 1027 3795 dixeris.
1074 3727 1143 3795 Nou
1169 3729 1306 3796 mirum:

120 3828 185 3897 duo
208 3832 293 3902 euim
316 3830 514 3920 loquuntur,
540 3851 602 3899 uon
629 3851 722 3900 unus.

166 3934 264 4003 diuite
289 3937 387 4004 simui
410 3937 603 4006 erudiemeta
627 3936 848 4021 deperdidisse
873 3947 1030 4026 apparent
1052 3939 1120 4022 περί
1142 3939 1256 4008 Ἀντιέ.
1277 3960 1308 4028 p.

120 4047 174 4112 69.
198 4063 267 4131 sqq.
300 4044 416 4111 veluti:
450 4040 537 4132 [άπερ
565 4047 671 4118 αὐτοῖς
702 4054 758 4121 τῆς
784 4044 851 4127 περὶ
876 4050 1021 4127 Λεῦκτρα
1045 4051 1208 4129 συμφοράς
1232 4045 1306 4129 εὕροι

119 4175 168 4224 τις
188 4149 227 4217 im
246 4149 343 4218 ιιίτιον
360 4151 603 4238 γεγενημένω],
624 4150 710 4238 quod
731 4169 834 4238 usque
854 4171 965 4218 rerum
986 4160 1036 4218 est
1056 4152 1309 4240 necquidquam

121 4254 198 4324 iacit
222 4255 262 4324 ed
288 4277 370 4325 retu.
421 4258 502 4325 Tum
530 4259 556 4348 (ί
581 4264 731 4341 Περικλῆς
754 4261 809 4336 την
834 4256 956 4344 Σάμον)
982 4257 1045 4324 άπὸ
1069 4256 1226 4325 διακοσίων
1250 4261 1309 4348 [νε·

121 4361 173 4452 ὥν]
200 4363 253 4430 καί
276 4362 388 4445 χιλίων
410 4363 573 4432 ταλάντων
595 4363 868 4444 κατεπολέμησεν,
895 4363 1059 4451 perinepie
1085 4364 1310 4452 interpositum

122 4478 171 4536 est
203 4477 283 4538 νεῶν.
334 4470 378 4538 lie
406 4469 538 4556 pecunia
570 4469 635 4538 άπέ
665 4468 805 4546 dicitur,
838 4487 900 4536 non
928 4467 968 4535 de
992 4471 1106 4554 copiis,
1140 4479 1173 4535 ut
1200 4489 1230 4555 p.
1258 4475 1311 4536 70.
