3150 4972
666 365 735 440 137

111 562 204 642 μέιιιι
232 571 365 634 erutum
388 565 542 652 oportuit.
590 564 674 646 Quid
698 563 798 634 iacias
822 563 957 644 scribis,
980 565 1036 652 qui
1061 562 1111 631 uel
1133 565 1167 632 in
1192 563 1292 633 Nubi-

108 669 160 736 θυι
182 691 226 738 vs.
256 676 354 739 1443.

215 779 269 844 καὶ
292 779 353 857 μην
376 778 447 852 ioue
474 781 527 846 οὐκ
550 777 680 862 άχθέσει
704 779 806 844 παθὼν
830 773 852 844 ά
877 781 927 844 νῦν
950 777 1123 855 πέπονθας,

110 903 165 949 non
187 883 381 952 dubitarunt
401 906 496 952 suum
515 885 640 968 άχθηση
662 883 881 951 substitueret·
904 883 1019 951 lisdem
1041 883 1116 950 sniis
1135 883 1293 951 debentur

110 986 221 1056 formae
234 991 395 1076 longiores
407 993 637 1074 τιμηθάσυμαι,
659 991 915 1076 ὧφεληθνὶσυμαι,
932 988 1179 1071 ζημιωθήσομαι,
1198 990 1292 1057 aliae·

109 1111 164 1180 que
194 1096 320 1163 similes
353 1117 410 1184 pro
442 1097 642 1166 breuioribus
671 1102 865 1179 sibriacum,
899 1099 1122 1180 άφελησυμαι,
1147 1097 1292 1180 ζημιάσυ·

109 1223 180 1279 μαι,
204 1202 387 1282 similibus,
408 1203 525 1290 quihus
549 1206 703 1291 antiquus
727 1224 832 1272 sermo
848 1203 984 1270 Graecus
998 1203 1158 1271 utebatur.
1183 1201 1293 1269 lubio·

109 1325 208 1375 nunnus
240 1309 462 1396 pulcherrimo
494 1311 580 1388 ioco,
603 1331 698 1398 quem
727 1313 882 1377 brcuncus
905 1311 936 1376 in
966 1309 1129 1378 Leocratec
1152 1309 1291 1376 servavit

111 1414 125 1496 ς
149 1419 229 1494 100,
252 1415 385 1483 codices
408 1415 539 1504 quidam
566 1415 723 1484 dederunt
748 1435 793 1484 us.
811 1422 862 1485 ,48
886 1437 934 1503 sq.

323 1525 489 1603 Εθμυλπυς
514 1523 579 1588 οὐδὲ
605 1520 692 1608 Θρᾲξ
715 1523 882 1607 άυαςρέψει
905 1522 982 1595 nscia

322 1629 503 1712 ςεφάνυισν,
531 1629 668 1703 Παλλάς
689 1631 716 1696 θ’
739 1629 872 1709 οὐδαμοῦ
897 1627 1113 1708 τιμηθήσεται.

108 1733 388 1818 pronuntinsset
412 1735 592 1814 τιμήσεται.
641 1733 745 1802 Fraus
770 1735 801 1800 in
827 1735 929 1822 poetis
954 1731 1151 1821 deprebensa
1173 1730 1291 1819 ubique

108 1839 189 1924 arqui
219 1839 317 1908 debet
351 1850 382 1908 et
406 1841 490 1927 quod
515 1841 665 1908 uitiosum
691 1850 818 1908 constet
842 1861 911 1908 esse
933 1848 1023 1907 certa
1050 1838 1168 1927 tibique
1192 1838 1290 1905 medi·

108 1944 171 2012 cina
193 1948 328 2026 sanari,
354 1947 386 2012 in
414 1967 477 2034 qua
498 1967 534 2014 re
554 1948 755 2034 antiquiores
774 1946 848 2012 iibri
868 1963 961 2033 saepe
978 1944 1202 2012 emendantem
1215 1965 1291 2012 con·

109 2047 271 2119 firmabunt
297 2052 528 2139 optionemque
550 2052 677 2120 iaciiem
703 2053 837 2120 reddent
860 2060 893 2119 et
916 2061 1050 2119 certam.

145 2155 202 2238 Qui
234 2158 507 2226 consuetudinem
532 2170 677 2226 veterum
702 2179 719 2225 a
744 2160 962 2226 recentiorum
985 2157 1134 2224 sordibus
1157 2156 1290 2242 diiigen-
1344 2225 1349 2230 ,

108 2267 149 2328 ter
169 2262 356 2332 discernere
379 2263 475 2351 longo
499 2285 560 2332 usu
580 2275 810 2342 assueverunt,
837 2273 986 2350 poterunt
1009 2263 1168 2352 expiscari
1180 2283 1289 2330 veram
1388 2319 1390 2324 ,

108 2364 264 2438 lectionem
291 2374 328 2436 in
353 2369 422 2437 ioco
446 2373 647 2458 ineptissime
668 2372 924 2460 depravemini,
948 2375 979 2436 b.
1004 2379 1032 2436 t.
1055 2369 1108 2436 nbi
1132 2368 1236 2456 puelia
1250 2368 1288 2435 ad

108 2484 289 2544 amatorem:
316 2481 407 2544 ταῦτα
430 2484 507 2558 γοῦν
529 2479 581 2545 καὶ
606 2477 695 2558 μθνυν
719 2477 926 2560 ἐπριάμην
949 2481 1003 2544 τοῦ
1024 2481 1077 2543 coi
1102 2474 1225 2557 θρυτυς,
1244 2471 1289 2540 θ’τι

106 2602 149 2656 μοι
177 2585 370 2660 τηλικαύτην
399 2584 571 2660 πεπυέηνιας
593 2586 648 2659 την
671 2583 795 2665 μαςέρα
818 2584 882 2650 κτὲ.
930 2582 1046 2657 Nemo,
1071 2582 1126 2669 qui
1152 2579 1201 2646 vei
1224 2599 1288 2647 me·

107 2683 247 2755 diocriter
265 2691 301 2754 in
327 2689 454 2756 Graccis
467 2697 613 2757 versatus
626 2698 694 2765 est,
719 2699 897 2776 concoquat
910 2686 1068 2775 quomodo
1080 2685 1232 2768 ἐπριάμην
1244 2687 1289 2752 ita

106 2788 160 2857 dici
182 2795 292 2881 possit.
324 2793 464 2862 Verbum
489 2798 625 2862 ὠνεῖσθαι
649 2793 734 2883 aputl
759 2804 883 2862 ueteres
904 2793 1000 2861 babet
1019 2795 1176 2859 aoristum
1200 2793 1288 2874 πρθιι-

106 2899 165 2963 σθαι
186 2909 275 2968 eerto
297 2911 519 2989 perpetuoque
541 2923 621 2979 usu,
647 2922 664 2968 a
687 2921 750 2988 quo
774 2920 869 2966 nemo
894 2919 1047 2986 umquam
1064 2898 1209 2965 desciuit.
1234 2897 1288 2964 ln-

105 3006 208 3090 spiciat
228 3008 312 3075 mibi
339 3007 456 3095 aliquis
481 3009 593 3076 Lrsnc
617 3008 793 3074 orationem
818 3005 926 3086 xxti,
950 3005 1071 3072 videbit
1092 3005 1287 3070 συνωνεῖσθαι

105 3120 132 3176 et
151 3114 361 3195 συμπρίασθαι
386 3115 506 3202 passim
532 3113 592 3182 sibi
614 3115 700 3180 inter
722 3133 757 3179 se
778 3112 992 3200 respondere,
1017 3111 1185 3178 uteoristo
1199 3130 1286 3198 prae·

104 3236 178 3284 tone.
209 3223 227 3306 §
261 3224 293 3286 6.
318 3219 333 3284 θ
357 3217 446 3299 νθμσς
477 3219 663 3305 ἀπαγορεύει
686 3218 806 3298 μηδένα
829 3220 1021 3286 συνωνεῖσθαι
1045 3225 1077 3284 ei
1104 3220 1121 3302 §
1148 3223 1178 3284 7.
1201 3213 1287 3292 οὗτος

104 3323 152 3400 μὲν
180 3326 332 3407 beatiorsi
360 3326 594 3409 συμπρθασθαι,
627 3325 641 3391 θ
672 3325 703 3391 δέ
726 3326 815 3406 νθμνς
838 3325 1040 3407 άπαγυρεθαν
1063 3323 1230 3407 Φαίνεται,
1255 3333 1288 3390 et

105 3429 143 3494 sic
173 3439 361 3500 constanter
398 3443 523 3500 ueteres
554 3451 665 3498 omnes
700 3430 888 3518 toquuntur.
936 3430 1142 3498 decentiores
1179 3429 1288 3496 Graeci

104 3549 265 3624 coeperunt
291 3537 472 3620 έανησάμην
495 3549 526 3606 ei
550 3539 712 3619 ιθνησάμηυ
735 3537 860 3616 dicere,
885 3537 961 3604 hinc
987 3538 1019 3604 in
1044 3535 1137 3603 libris
1161 3535 1287 3601 Ato’cis·
1348 3617 1352 3625 ¹

105 3649 196 3710 torum
230 3647 472 3731 permiscentur
506 3657 537 3713 et
572 3643 817 3711 coniunduniur
847 3642 1000 3727 ἐπριάμην
1030 3653 1062 3709 ei
1095 3639 1285 3720 έανησάμην.

105 3743 263 3836 Scriptura
305 3751 457 3839 irequens
498 3754 531 3818 in
567 3751 657 3818 iibris
693 3753 837 3834 έπριάτι,
872 3751 1017 3833 πριάσθαι
1053 3767 1132 3815 novo
1166 3745 1288 3813 indicio

105 3862 163 3929 est,
189 3875 285 3942 quarn
321 3859 427 3944 igurari
460 3857 575 3924 barum
606 3856 783 3924 formarunt
817 3855 964 3924 Graecuii
997 3853 1128 3921 inerint.
1176 3851 1288 3939 itaque

105 3957 255 4042 ὧνησάμην
286 3973 321 4030 ei
351 3963 503 4045 ἐπριάμην
527 3972 656 4030 mutant
680 3962 807 4039 locum,
833 3962 995 4042 ὠνησάμην
1017 3969 1125 4028 nutem
1151 3957 1288 4025 subinde

105 4063 180 4148 aput
203 4087 274 4146 em,
299 4071 353 4156 qui
380 4068 459 4136 nibil
484 4072 646 4156 cogitant,
670 4066 816 4155 subrepit
839 4087 896 4155 prc
917 4067 1057 4146 ὠνάμην,
1083 4064 1168 4153 quod
1189 4073 1221 4132 et
1242 4065 1287 4152 ip·

106 4187 169 4236 sum
193 4176 366 4242 amiserant
390 4175 562 4256 Graceuii,
586 4177 642 4262 qui
668 4175 717 4242 uel
742 4173 907 4254 ῶνασάμην
927 4173 1037 4241 eodeni
1061 4191 1158 4238 sensu
1178 4190 1288 4259 coepe·

106 4285 177 4344 runt
199 4277 324 4357 dicere,
349 4290 383 4348 ut
396 4282 596 4349 Droscomnas
609 4281 642 4347 in
655 4278 783 4346 Anrtot.
797 4279 903 4346 Graec.
920 4280 1036 4347 iacens.
1055 4277 1121 4344 Vol.
1137 4278 1161 4345 l.
1176 4298 1207 4366 p.
1221 4281 1281 4344 aot

256 4384 354 4452 Πέντε
376 4387 467 4471 κέρας
492 4388 544 4454 καὶ
569 4389 662 4454 πέντε
686 4387 744 4452 Brcb
769 4385 923 4466 Aricinam
946 4390 1085 4452 τειιυῦσα

326 4491 456 4576 άρσεναρ
479 4495 545 4564 odat
568 4497 646 4576 μιάς
670 4491 731 4558 οὐδ’
755 4491 990 4567 intentatam.
