3086 4974
821 359 893 432 496

271 553 442 622 verborum
473 558 664 642 compositio
692 556 819 624 ἐναντόα
841 562 906 628 τοῖς
926 551 1061 632 Ἕλλησι
1084 553 1265 638 μόχεσθαι,
1299 575 1351 643 pro
1370 555 1435 620 ἐναι-

269 660 324 727 τόα
348 661 391 727 τόν
414 657 500 726 ότλα
523 661 668 730 τίθεσθαι.
694 661 749 729 sed
774 660 814 728 oi.
838 659 985 750 Thucyd.
1011 661 1037 728 i.
1061 665 1114 728 29.
1139 662 1194 730 ili.
1221 669 1273 729 oo.

317 765 352 832 in
377 769 394 851 ς
423 769 495 834 120.
520 767 582 846 ἐγὼ
606 769 664 848 μὲν
685 809 727 824 -·
748 769 846 850 βοηθῶ
868 770 910 849 τῷ
935 767 1111 850 θεῷ-καθ
1133 769 1215 851 χειρὶ
1239 766 1291 833 καῖ
1315 765 1376 832 τοδὶ
1396 765 1439 829 καὶ

269 878 357 956 φωνῇ
381 871 433 938 καὶ
457 875 553 938 τοῖσιν
578 870 620 950 οῖς
645 874 684 942 ev
709 875 865 952 δύνωμαι,
893 874 959 939 irno
983 893 1058 940 roro
1081 874 1134 940 καὶ
1159 877 1254 941 τοῖσιν
1277 869 1321 946 οἷς
1344 870 1442 938 δόνα·

268 999 355 1055 μαι.
392 975 518 1046 Dicitur
550 980 637 1047 enim
669 977 712 1054 οῖς
743 979 782 1048 θον
810 980 946 1059 δύνωμαι
978 981 1011 1045 in
1038 999 1072 1046 re
1096 983 1205 1068 serora
1229 989 1261 1046 el
1285 973 1443 1050 interimi

268 1085 330 1162 μήν
352 1082 491 1162 βοηθήσω
512 1079 555 1160 οῖς
578 1085 617 1152 δν
641 1087 796 1168 δύνωμαι,
821 1084 876 1153 sed
902 1087 934 1151 in
960 1105 995 1152 re
1014 1093 1104 1152 ceria
1125 1096 1155 1153 ei
1178 1093 1346 1174 praesente
1361 1085 1443 1164 βοηθῶ

269 1185 312 1263 οἷς
335 1189 530 1271 δόναμαι.
601 1248 603 1256 ,

314 1296 350 1362 In
383 1303 400 1385 §
426 1301 501 1364 128.
534 1302 622 1378 ήμεῖς
649 1299 707 1379 μέν
737 1296 803 1376 οὖν,
834 1295 984 1379 ὦόνδοες
1008 1299 1201 1377 ’ΛθνναῖΟΙ,
1233 1297 1444 1377 ΚΛΤΕμεόνα·

267 1427 346 1483 μεν,
382 1405 562 1490 requiritur
594 1407 678 1472 domi
702 1406 891 1483 mansimus,
922 1415 1041 1474 01K01
1065 1405 1245 1485 ἐμείναμεν,
1270 1413 1307 1470 ui
1332 1405 1364 1470 in
1386 1411 1446 1468 noio

269 1507 448 1576 versiculo:

497 1616 568 1684 οῖκοι
591 1617 692 1695 μένειν
716 1618 765 1684 δεῖ
785 1617 837 1684 τόν
860 1624 963 1693 καλοῖς
990 1617 1169 1697 εόδαόμονα.

316 1721 391 1788 Posi
413 1739 531 1808 pauco:
567 1727 647 1800 πλήν
681 1727 759 1804 μιοῖς
789 1724 929 1800 πόλεως,
961 1721 994 1802 ής
1026 1724 1088 1803 ἐγὼ
1113 1723 1176 1790 οὔτ’
1199 1721 1237 1790 όν
1260 1723 1396 1801 τοῦνομα
1415 1721 1444 1786 εῖ-

270 1850 357 1905 ντοιμι
388 1828 460 1906 μήθ’
490 1838 534 1896 ΑΙ
566 1832 723 1914 συμφοραὶ
755 1831 968 1910 παραπλήσιοι
998 1829 1132 1909 γένοιντο
1155 1829 1251 1903 αὐτῆς
1272 1828 1378 1908 μηδενὶ
1399 1833 1445 1893 τιῖι

270 1934 434 2009 Ἑλλήνων.
461 1933 549 2002 iocus
572 1945 621 2002 est
644 1934 819 2024 irnpedirus
842 1944 874 2003 et
896 1935 977 2002 maie
997 1935 1204 2020 eorrrposiurs.
1242 1935 1444 2021 {nleiiigererr

270 2049 396 2106 MHTe
427 2043 589 2124 (ῐυμφοραῖ
619 2044 829 2125 παραπλήσιοι
862 2041 996 2122 γένοιντο
1025 2051 1128 2108 TAIC
1153 2042 1249 2118 αὐτοῖς
1272 2042 1380 2121 μηδενὶ
1401 2045 1446 2104 τιῖν

262 2145 436 2222 Ἐλλήνων.
474 2143 601 2234 Opiinre
626 2147 739 2227 haret,
763 2149 870 2227 μήδενῖ
893 2156 951 2215 τῶν
974 2148 1130 2225 Ἐλλήνων
1148 2147 1282 2227 γένοιντο
1303 2143 1445 2230 συμφοραὶ

268 2259 341 2325 ταῖς
363 2257 422 2317 τοῖν
446 2253 593 2332 Θηβαίων
618 2256 848 2336 παραπλήσιοι,
874 2253 928 2321 ubi
954 2273 1057 2340 nequo
1080 2251 1238 2320 articulus
1263 2255 1297 2318 in
1321 2264 1365 2320 Ar
1385 2277 1446 2330 συμ-

269 2359 365 2441 φοραθ
395 2356 459 2425 uilo
489 2358 583 2426 modo
614 2359 688 2427 addi
714 2370 837 2448 polest,
872 2380 974 2448 neque
998 2359 1105 2426 omini
1132 2361 1165 2426 in
1188 2369 1292 2426 Tere
1314 2366 1375 2426 τοῖν
1397 2369 1446 2432 or·

268 2465 380 2544 βαόων.

317 2571 429 2638 Eritne
457 2570 536 2636 mihi
562 2570 675 2639 multis
699 2573 804 2640 verbis
828 2594 909 2662 opos
934 2583 968 2640 oi
993 2574 1120 2640 vincam
1146 2577 1163 2659 §
1194 2576 1255 2640 128
1279 2575 1336 2640 οὐκ
1360 2571 1446 2647 ἐτιδιι

270 2683 396 2758 μοῦντος
422 2680 452 2744 ἐν
473 2679 653 2764 Μακεδονία
675 2685 729 2746 τοῦ
754 2679 910 2747 Φιλόττου
934 2679 1023 2770 [ἄλλ’
1042 2681 1074 2746 ἐν
1092 2679 1226 2754 Σκύθαις
1246 2677 1324 2746 οὕτω
1337 2677 1448 2760 μακρόν

269 2783 436 2873 ύσόντοο],
461 2785 568 2873 inepte
592 2784 784 2874 interpolata
797 2807 866 2853 esse
886 2786 980 2854 rerba
1001 2805 1084 2874 quae
1104 2807 1121 2852 ν
1143 2787 1279 2852 caeteris
1305 2778 1445 2852 distinxi?

271 2891 306 2958 in
330 2912 400 2979 sqq.
427 2894 444 2976 §
473 2895 537 2958 129
562 2892 605 2957 iio
630 2893 838 2979 scripserim:
865 2895 935 2968 τοὺς
960 2895 1017 2972 μὲν
1040 2893 1163 2970 ἐναγεῖς
1187 2892 1321 2958 καὶτῶν
1345 2912 1448 2972 rem

268 2999 391 3079 γμένων
422 2998 537 3074 αῖτόους
567 2998 823 3078 μετέςήσαν,
857 3003 927 3074 τοὺς
958 3000 989 3066 δὲ
1021 2999 1059 3065 δι’
1086 2997 1249 3078 εύσέβειαυ
1279 3000 1449 3080 φεύγοντας

269 3106 466 3184 κατήγαγον.
501 3105 605 3180 ἐπειδή
634 3106 666 3172 δέ
697 3105 766 3172 οὔτε
794 3107 837 3172 τόν
865 3106 1020 3186 χρήματα
1044 3102 1170 3182 ἐξέτινον
1194 3107 1234 3185 τῷ
1259 3104 1313 3185 θεῷ
1339 3103 1408 3178 τούς
1427 3101 1449 3166 τ’

269 3211 392 3289 ἐναγεῖς
423 3211 609 3291 κατήγαγον
639 3211 691 3278 καὶ
720 3211 791 3286 τοὺς
814 3212 1022 3284 κατελθόντας
1047 3211 1120 3278 ὑπό
1143 3213 1202 3277 τῶν
1224 3207 1450 3292 Ἀμφικτυόνων

269 3313 422 3394 ἐξέβαλον
444 3317 511 3382 κτὲ.
539 3314 641 3402 Vulgo
666 3315 785 3403 iegitur
807 3320 1112 3398 μετεςήσαντο,
1135 3317 1205 3390 τοὺς
1225 3316 1257 3383 δέ
1277 3315 1449 3386 einaizos

268 3420 460 3500 εὐσεβεῖς
485 3423 695 3498 κατελθόντας
719 3424 787 3492 διόι
811 3430 869 3490 τῶν
893 3423 1125 3508 οῖμφικτυόνων.
1150 3423 1206 3490 Est
1230 3421 1353 3508 aliquid
1376 3423 1450 3488 inier

268 3537 449 3607 μετατιῖσαι
474 3537 506 3596 ei
529 3530 786 3609 μιταεήσασθαιι
818 3530 876 3596 hoo
900 3539 949 3596 osi
973 3530 1107 3596 arbitros
1129 3549 1285 3596 removere
1308 3547 1326 3594 e
1352 3525 1449 3594 corrri-

269 3634 328 3710 iio,
353 3636 526 3711 concione,
552 3636 661 3712 cirria,
696 3638 786 3703 utin
813 3639 830 3723 §
859 3641 932 3704 lio.
958 3637 1098 3703 εἰσελθὼν
1121 3638 1163 3710 οῖς
1187 3635 1222 3702 τό
1244 3635 1450 3716 βουλευτήριον

268 3743 320 3808 καῖ
353 3739 613 3822 μεταεκσόμεύος
643 3743 714 3816 τοὺς
738 3743 881 3821 ἰδιώτας,
911 3751 942 3810 ei
967 3741 1042 3808 alibi
1068 3740 1206 3829 passim,
1233 3739 1310 3807 illud
1335 3748 1386 3808 esi
1408 3741 1450 3804 ἐκ·

267 3849 394 3928 βαλεῖν,
429 3850 462 3914 io
497 3849 631 3914 eaeiiirrm
662 3847 784 3915 eiicere.
832 3849 913 3916 Tum
947 3848 1087 3928 εὐσεβεῖς
1119 3847 1233 3914 vitiose
1260 3846 1404 3914 abundet
1425 3851 1450 3909 ei

269 3955 430 4020 κατελθεῖν
471 3955 543 4022 ὑτό
582 3959 640 4020 τῶν
671 3953 927 4040 Ἀμφικτυόνων,
964 3973 1025 4021 oon
1061 3952 1132 4031 διοό,
1168 3952 1298 4042 linguae
1333 3953 1449 4020 Aiiieoo

269 4060 352 4126 ratio
377 4061 516 4147 requirit
538 4067 571 4126 ei
596 4080 684 4126 usos.

313 4165 403 4247 Quod
434 4167 593 4234 acerrime
624 4165 799 4234 Aeschines
832 4167 958 4234 dixerat
990 4170 1008 4252 §
1046 4171 1109 4232 130
1143 4183 1242 4232 unum
1268 4163 1448 4232 vocabulum

266 4293 283 4339 a
316 4273 413 4339 soioio
448 4275 606 4341 insertum
640 4272 745 4358 iregii.
789 4273 919 4341 iiixerai
953 4273 1098 4352 οὐδεμόαυ
1127 4295 1173 4338 τοι
1201 4271 1323 4338 τότοτε
1355 4271 1450 4351 ἔγωγε

267 4384 391 4460 μᾶλλον
423 4378 513 4446 πόλιν
542 4378 654 4460 ἑόρακα
687 4379 744 4446 ivri
776 4381 832 4460 μὲν
863 4387 922 4446 τοῖν
953 4381 1023 4447 θεῶν
1046 4377 1233 4460 σωζομένην,
1264 4375 1321 4442 oei
1346 4375 1378 4441 δέ
1400 4379 1448 4440 τῶν

267 4485 393 4568 ῥητόρων
423 4483 654 4562 οῖσολλυμέννν.
690 4485 851 4553 Metuebai
883 4486 990 4554 nescio
1021 4485 1095 4572 quis
1126 4503 1167 4550 oe
1196 4483 1263 4571 ipse
1286 4479 1448 4550 Aeschines
