3160 4972
698 369 768 439 383

135 569 226 638 llrrnc
247 577 415 657 postquam
436 561 514 630 haec
535 561 642 629 omnia
663 559 835 650 diligenter
853 564 1009 653 explicuit
1028 565 1153 634 dictum
1167 569 1326 655 oportuit:

135 686 164 743 ct
185 685 257 742 noto
280 675 356 741 ltoec
385 680 474 739 erunt
503 668 589 735 codic
618 679 647 735 et
675 671 752 736 rotie
781 671 819 736 de
844 672 883 736 iio
913 693 996 739 ιονιιισ
1027 693 1075 738 me
1106 672 1224 739 dicione
1246 674 1328 740 ordi·

135 792 209 848 tror.
257 781 369 868 ltaque
401 776 582 844 necessario
613 776 840 862 corrigendum
874 789 984 863 οννήεε
1016 781 1074 858 μὲν
1105 779 1157 846 cel
1182 780 1250 861 πρὺν
1274 781 1329 864 ἐμὲ

134 889 254 968 λέγειν,
279 895 348 954 tum
381 905 438 974 pro
470 882 693 962 ὑπομιμνήσκει
720 883 957 950 emendantium
988 885 1219 966 ὑπομέμνηκεν,
1255 905 1328 952 nam

135 1005 201 1062 tam
235 993 411 1062 absurdum
443 1001 492 1058 est
523 991 748 1068 ὑπομιμνήσκει
779 1009 817 1056 ac
850 992 878 1056 si
911 994 983 1079 quis
1009 994 1040 1058 in
1074 992 1127 1058 tali
1154 1013 1189 1059 re
1219 995 1329 1066 ὑκονῶς

132 1100 217 1181 λέγω
244 1121 299 1188 pro
318 1099 423 1182 εὑρήκοι
447 1097 556 1164 dicere
580 1083 743 1163 voluisset.
795 1097 1010 1165 Vehementer
1034 1098 1115 1164 mihi
1140 1109 1328 1186 suspectum

134 1206 269 1272 verbum
301 1215 350 1273 est
380 1208 412 1271 in
447 1202 661 1288 Gteaipd-onteo
698 1206 714 1288 §
742 1208 784 1269 82
815 1203 916 1285 χορίον
948 1202 987 1271 ὦν
1017 1206 1081 1271 οὑδὲ
1114 1205 1158 1272 τὺο
1189 1206 1329 1286 θνθμοοτοο

134 1313 301 1398 ήδειμεν
332 1311 488 1394 πρότερον,
514 1329 587 1374 narn
613 1309 723 1392 ήδεμεν
748 1310 859 1396 ntique
892 1311 1049 1397 scriptum
1076 1313 1238 1396 oportuit,
1272 1312 1331 1377 ita·

133 1438 198 1506 que
230 1415 344 1500 ήσμεν,
379 1425 413 1482 ut
445 1413 528 1502 apud
565 1415 801 1490 duracmum,
827 1418 1007 1501 genuinum
1041 1437 1112 1483 esse
1137 1416 1243 1483 credo.
1291 1417 1326 1483 ln

132 1523 245 1592 eadem
283 1524 427 1588 oratione
468 1525 485 1606 §
514 1526 575 1586 175
608 1523 633 1586 el
664 1521 721 1601 μδν
753 1521 817 1604 γὰρ
850 1526 962 1603 ήρνεῖτο
994 1525 1038 1601 μή
1071 1521 1168 1597 δειλδς
1202 1519 1280 1589 εἶναι
1312 1522 1329 1598 ή

133 1632 224 1711 ὑμεῖς
247 1632 291 1710 μή
315 1630 529 1712 σννήδειτε
562 1629 646 1708 ονὺτῷ
680 1627 839 1708 διατριβήν
871 1629 884 1694 ὑ
917 1629 1009 1709 λόγος
1033 1626 1071 1694 ἄν
1094 1652 1146 1709 μοι
1172 1629 1331 1710 ποςρθσχεν

133 1736 165 1804 id
194 1737 298 1823 ipsum
334 1731 552 1823 reponendum
569 1753 716 1812 censeo,
742 1733 825 1820 quod
851 1735 882 1799 in
914 1734 1099 1802 Τοίιιονιθιοσ
1124 1755 1222 1822 ρινειισ
1246 1737 1330 1802 inte·

131 1862 230 1929 grum
256 1841 358 1907 evasit
382 1849 506 1924 συνήςε,
532 1859 605 1904 nam
631 1840 774 1924 σννήδετε
797 1837 931 1906 fortasse
956 1841 1064 1908 dicere
1097 1842 1217 1927 potnit,
1242 1844 1330 1924 σννή·
1425 1843 1428 1850 ’

131 1952 302 2018 eserenon
337 1949 457 2033 potuit,
489 1945 561 2010 vide
586 1945 760 2014 Ecusorruu
785 1945 824 2011 ad
849 1945 1065 2013 Αοθιοοιιονεοε
1087 1967 1135 2016 vs.
1162 1951 1249 2024 523,
1274 1949 1329 2034 qui

132 2057 228 2123 affert
252 2073 290 2120 ex
316 2053 477 2120 llunrrcms
500 2051 635 2118 Boeotio
659 2073 706 2118 vs.
737 2057 833 2118 1545.

317 2157 369 2242 ὑφ’
392 2157 516 2237 ἐμάθεθ’
542 2160 643 2235 ήμοῖς,
668 2153 719 2224 ὅτε
747 2158 772 2223 δ’
796 2160 889 2241 ἐχρῆν
911 2161 964 2225 οὑκ
988 2160 1096 2243 ήδετε,

133 2287 233 2354 quam
263 2266 458 2353 scripturam
492 2261 662 2329 confirmat
688 2265 871 2330 testimonio
896 2266 1124 2332 Antiotticiotoe
1148 2265 1193 2354 (in
1231 2265 1328 2332 Banu.

133 2371 253 2438 Ancrd.
279 2392 310 2457 p.
326 2375 388 2448 91,
408 2371 463 2456 14)
485 2369 637 2446 ήδετονιτ
658 2371 822 2451 Εὑριπθδής
840 2370 1001 2452 Βοὶκχοοις,
1023 2391 1095 2437 narn
1110 2373 1198 2456 ήδετε
1217 2389 1327 2436 uerum

133 2497 219 2544 csse.
270 2477 326 2542 llic
357 2477 423 2562 ipso
454 2476 542 2541 locus
566 2473 763 2542 demonstrat
798 2497 894 2562 quom
922 2498 993 2544 rara
1019 2477 1140 2544 inerint
1165 2479 1228 2542 iam
1253 2475 1328 2542 olim

134 2583 237 2650 huirrs
263 2582 383 2648 lorrnae
406 2581 569 2668 exempla,
596 2590 631 2646 ut
650 2581 820 2648 Atticistae
841 2583 1071 2650 contenderent
1096 2583 1220 2649 illices
1244 2602 1329 2648 sem·

132 2709 192 2778 per
216 2688 337 2758 dixisse
360 2686 475 2770 ήσμεν,
500 2685 554 2771 ήςε
578 2695 610 2754 et
633 2684 727 2770 ήσοον,
758 2688 877 2774 quibus
902 2688 1106 2755 adversarius
1131 2708 1231 2754 unum
1260 2696 1330 2752 tau·

131 2803 202 2863 tum
238 2794 342 2860 locum
365 2812 413 2858 ex
451 2793 628 2880 Tragoedia
662 2813 821 2880 opponere
859 2797 972 2880 potuit.
1021 2795 1127 2862 Etiam
1159 2792 1234 2859 alibi
1270 2791 1330 2858 hac

131 2901 258 2968 lormoe
283 2900 469 2988 perierunt,
494 2911 531 2966 ut
555 2900 587 2964 in
613 2899 775 2968 nonnus
802 2900 980 2967 Heraclidis
1003 2921 1050 2967 vs.
1076 2904 1153 2967 658.

475 3007 529 3071 οὑκ
553 3005 642 3083 θσμεν
666 3011 756 3085 ὑμεῖς
780 3011 907 3084 τοῦτον,

112 3122 223 3182 -rccte
256 3113 443 3184 Hunnunnus
473 3109 569 3194 ήσμεν
596 3113 756 3198 reposuit,
780 3121 810 3179 et
837 3123 913 3179 sunt
938 3114 1034 3180 etiarn
1061 3112 1144 3190 alia,
1170 3109 1224 3178 sed
1250 3111 1330 3178 haec

130 3221 286 3288 sufficere
317 3238 402 3284 nunc
427 3217 578 3285 videntur
609 3217 648 3284 od
673 3218 959 3285 demonstrandum
996 3229 1083 3286 recle
1113 3215 1198 3306 apud
1233 3217 1330 3284 Xeno·

130 3346 274 3394 rnonrnn
298 3323 402 3391 colam
427 3323 481 3408 ήςε
501 3323 634 3391 rescribi
657 3345 748 3412 posse
768 3333 801 3391 et
821 3324 956 3401 debere,
978 3345 1117 3412 uariaque
1132 3335 1196 3392 tam
1220 3344 1331 3390 neces·

132 3433 260 3500 sarium
282 3451 352 3499 esse
378 3430 604 3517 imperfectum
634 3431 797 3509 sciebatis,
823 3441 920 3518 atque
945 3433 978 3497 in
1015 3431 1213 3498 Oeconomico
1245 3430 1329 3498 XlX.

136 3547 190 3608 17.
218 3539 324 3606 πάλοιι
345 3562 389 3604 σοι
410 3536 535 3617 ἔλεγον,
556 3547 586 3604 ct
611 3557 705 3624 saepe
724 3535 815 3606 alibi:
841 3536 944 3603 ποθλοοι
964 3537 1068 3616 λέγω,
1093 3537 1197 3604 ποθλοιι
1217 3539 1331 3618 ἐρωτῶ,

134 3653 168 3711 et
192 3647 267 3710 sim.
292 3643 449 3710 dicuntur
481 3644 521 3710 ab
545 3663 601 3720 eo,
627 3644 683 3730 qui
707 3664 816 3710 morae
848 3645 1020 3730 impatiens
1045 3643 1187 3731 postulat
1215 3652 1248 3709 nt
1273 3641 1333 3708 ali·

134 3749 270 3839 quando
283 3751 437 3817 audiatur
449 3759 506 3817 aut
521 3759 556 3816 ut
569 3749 629 3815 silri
646 3749 774 3816 tandem
787 3749 1035 3837 respondeatur,
1054 3758 1087 3815 ut
1101 3750 1132 3814 iu
1149 3749 1243 3815 Plnlo
1256 3753 1332 3816 tel.

254 3853 357 3922 οὔκουν
381 3857 484 3924 ποὺλοοι
508 3859 603 3935 δήπου
625 3856 727 3935 λέγω,
752 3859 789 3924 σὺ
815 3857 842 3920 δ’
867 3857 960 3930 ονὺτδς
985 3856 1038 3921 οὑκ
1061 3855 1194 3930 οὑκοὺεις.

135 3964 174 4033 dn
203 3965 221 4048 §
246 3964 290 4028 28
317 3962 526 4050 Apollodorus
549 3961 589 4029 ad
614 3961 778 4029 Socratem
804 3963 850 4027 lin
871 3961 967 4028 dicit:
993 3963 1081 4028 οὑλλοὶ
1101 3965 1186 4029 τοῦτ’
1210 3959 1334 4040 ἔμοιγε,

133 4067 157 4138 ὦ
183 4067 368 4150 Σώκρατες,
391 4069 613 4150 χαλεπώτατοι
636 4067 719 4152 Φέρει
748 4064 794 4134 θτι
819 4067 871 4150 δρῶ
896 4091 930 4134 σε
954 4067 1065 4142 οὑδθκνος
1092 4067 1334 4145 ἀποθνήσκοντα.

133 4177 195 4244 Cui
233 4173 305 4242 ille:
339 4176 376 4242 οὑ
407 4177 455 4256 δὲ,
490 4173 511 4242 ὦ
543 4177 683 4260 Φθλτοοτε
720 4175 954 4256 Ἀπολλόδωρε,
983 4180 1107 4255 μᾶλλον
1140 4175 1178 4242 διν
1206 4174 1336 4255 ἐβούλου

133 4309 176 4364 με
210 4283 284 4364 θροῖν
315 4283 439 4357 δικοοθοος
473 4283 504 4372 [ή
537 4283 664 4370 cicinno]
697 4284 951 4365 ἀποθνήσκοντος
989 4293 1133 4370 potestne
1159 4279 1334 4368 quidquam
1430 4329 1436 4339 .

134 4411 207 4459 esse
230 4388 420 4475 languidius
452 4397 484 4455 et
515 4389 554 4455 ab
591 4389 649 4457 hac
688 4389 809 4456 urbana
843 4392 987 4456 oratione
1011 4388 1149 4456 alienius
1184 4407 1280 4474 quam
1318 4385 1335 4462 ή

134 4498 251 4574 οὑδθιιωρ
296 4496 344 4562 εἰσ
375 4494 545 4564 additum?
595 4497 629 4563 lu
667 4503 684 4584 ς
722 4499 764 4562 29
799 4499 933 4564 Ἄνυτον
967 4495 1118 4577 ποοριθντοο
1151 4494 1218 4561 ἰδὼν
1253 4488 1338 4558 εἶπεν
