3208 4972
843 353 911 428 240

268 551 355 620 ouiio
387 551 515 638 negocio
546 551 659 620 critica
684 569 738 617 ers
762 547 919 637 dissipare
945 555 1066 636 polest,
1093 567 1149 636 pro
1171 549 1326 629 τιόέμενον
1350 547 1458 634 legeo-

267 657 344 725 dum
370 669 418 724 esc
441 657 608 736 τιόίμενοι,
632 667 663 724 ci
690 656 806 724 boboni
828 655 888 722 boc
909 653 972 722 duo
991 656 1105 742 optimi
1120 653 1254 738 Codices
1267 655 1337 731 bii:
1358 654 1456 722 eiiam

267 765 293 830 εἰ
321 783 381 830 non
406 762 578 842 baberent,
604 773 691 831 corio
711 761 934 830 emendacione
947 769 1072 848 pocomi
1085 762 1234 841 restitui,
1255 761 1457 848 adscriptum

267 877 316 936 esi
348 871 382 935 in
412 870 557 956 margine
581 871 768 950 ποιούμενοι,
794 869 869 956 quia
893 869 1053 951 τεκμιίριον
1075 869 1223 949 τιθέμενοι
1246 867 1330 955 opud
1356 868 1457 935 Grae·

267 975 357 1041 cuios
381 995 444 1041 non
469 983 538 1042 ecci
564 976 595 1041 in
619 996 698 1055 usu,
722 977 776 1042 scd
798 975 958 1055 τεκμήριον
978 974 1162 1054 ποιούμεναι
1188 975 1319 1061 irrepsit
1338 973 1372 1039 in
1391 981 1457 1042 iex-

269 1091 355 1157 inm,
380 1080 495 1149 deinde
518 1080 608 1148 scioli
629 1082 780 1162 τιόόμενον
800 1080 971 1152 dederuui.
997 1079 1148 1167 Corrigc:
1172 1082 1333 1164 τεκμήριον
1345 1084 1399 1148 τοῦ
1411 1083 1456 1160 pb

268 1191 340 1271 παρ’
369 1187 456 1272 ἄλλῳ
487 1186 627 1272 πρότερόν
659 1213 695 1254 σε
722 1187 949 1263 δεδειπνηκέναι
981 1187 1033 1254 καὶ
1063 1188 1098 1254 τό
1127 1190 1229 1254 καινόν
1252 1183 1333 1254 εἷναί
1353 1209 1399 1253 σοι
1420 1185 1456 1254 τό

266 1292 489 1378 χειρόμακτρον
517 1295 664 1374 τιθέμενοι
675 1344 684 1374 ,
719 1305 806 1362 recic
837 1293 868 1360 id
901 1293 1052 1380 quidem,
1086 1295 1238 1381 quoniam
1272 1312 1368 1360 suum
1394 1291 1454 1359 sibi

267 1401 404 1487 quisque
426 1399 648 1484 χειρόμακτρον
673 1398 808 1468 babebat
833 1409 864 1466 ei
883 1398 1036 1466 efferebar
1058 1421 1180 1468 secum.
1203 1403 1219 1484 §
1241 1403 1290 1465 18.
1311 1400 1366 1484 ζῆν
1384 1399 1457 1466 ὑπο·

266 1505 445 1586 λαμβάνεις
469 1506 575 1574 scribe
599 1505 841 1588 ὑπελάμβανες,
869 1526 942 1573 nain
963 1508 1094 1592 ognovit
1113 1525 1256 1572 errorem
1277 1524 1373 1571 suum
1395 1508 1457 1572 soi·

266 1611 353 1678 iicci.
385 1615 402 1696 §
430 1617 479 1680 17.
511 1612 651 1680 ἐλείπετο
675 1612 727 1678 καί
751 1619 810 1678 τῶν
833 1610 902 1694 ἄρτι
925 1610 1163 1688 εἰσεληλυθότων
1185 1611 1338 1694 δευτέρους
1362 1607 1456 1688 εἶναι,

266 1717 379 1805 supple
402 1717 437 1783 τό
461 1718 516 1783 καί
548 1726 579 1785 ei
613 1721 718 1806 recipe
742 1738 780 1785 ex
814 1727 869 1785 ΛΕ
900 1717 1047 1784 κατέπιεν
1071 1738 1128 1806 pro
1158 1717 1363 1802 κατέφαγεν,
1397 1717 1457 1784 hcc

265 1824 390 1912 prodipi
413 1831 480 1899 esi,
501 1822 578 1889 ibor
603 1823 769 1890 helluonis.
809 1827 895 1910 518.
921 1825 1154 1952 ἄποτειιηιένου
1182 1830 1236 1891 τοῦ
1265 1824 1360 1892 πότου
1392 1824 1457 1891 imo

268 1950 343 1998 vcro
375 1929 642 2012 παρατεινομένου.
679 1933 697 2016 5
726 1935 765 1997 19
795 1929 863 2017 iege
891 1931 939 1998 δύ’
964 1931 981 2008 i
1005 1955 1090 2014 τριτον
1119 1951 1175 2018 pro
1199 1931 1216 2009 ἢ
1240 1931 1292 1998 δύο
1315 1930 1333 2008 ἣ
1356 1937 1456 2014 τριῶν.

267 2037 313 2105 δύ’
338 2037 356 2113 i
380 2045 461 2117 τρεῖς
491 2035 640 2102 dicebant
668 2055 729 2103 non
758 2037 808 2104 δύο
829 2038 858 2114 ἥ.
899 2041 993 2123 §cb
1017 2041 1071 2104 οὐκ
1091 2036 1233 2119 αίσχοίνει
1255 2037 1382 2117 κόλαξιν
1400 2039 1458 2106 ἄν·

266 2145 388 2226 όρόποις
427 2140 731 2227 όντεξεταζόμενοςρ
779 2145 936 2211 scnirniia
985 2142 1124 2231 posiuiai
1170 2142 1457 2227 ουνεξεταζόμενος.

269 2253 359 2335 526.
395 2243 416 2332 ᾧ
446 2249 489 2315 τὸ
524 2246 612 2316 ἄλλα
640 2255 809 2317 συνειλοῦσι
842 2248 948 2317 scribe
980 2251 1135 2317 ένειλοῖισι.
1179 2254 1196 2336 5
1225 2255 1279 2317 27.
1309 2249 1458 2318 δύνασόαι

265 2357 349 2442 ᾄδειν
372 2355 475 2435 όξίυς.
499 2354 580 2422 nibii
601 2357 763 2442 significat
786 2355 889 2435 όξίιος.
916 2375 1024 2424 voram
1046 2357 1242 2442 scripturam
1264 2354 1458 2424 morisimbit

266 2462 355 2529 iocus
380 2466 441 2538 58,
471 2465 520 2528 10.
546 2463 622 2528 ἀλλ’
645 2459 730 2538 οὗτός
754 2486 795 2542 γε
818 2463 899 2548 ᾄσας
923 2461 1027 2541 δεξιῶς
1047 2463 1178 2546 ἐκρότει.
1213 2466 1230 2548 5
1256 2465 1310 2530 28.
1335 2463 1458 2540 πολλὴν

266 2571 321 2644 τὴν
342 2567 508 2635 κολακείαν
532 2569 762 2652 ἐμφανιοῦντα,
785 2567 920 2636 emenda
949 2569 1156 2654 ἐμφαίνοντα.
1193 2573 1210 2655 5
1236 2572 1290 2637 50.
1322 2567 1458 2650 περιπό-

265 2699 334 2749 τους
358 2673 540 2756 όλευόερίουρ
564 2693 677 2742 revoca
713 2674 903 2758 ἐλευόέρους,
937 2695 1000 2740 non
1025 2683 1074 2741 cst
1098 2674 1239 2740 iibcroiis
1262 2673 1457 2755 ambiliano,

266 2780 321 2849 scd
350 2781 461 2848 libero.
509 2783 611 2865 §oct
643 2782 903 2864 πεπαιδευμένους
946 2782 1054 2861 μισόοῦ
1095 2781 1256 2854 ὑποτελεῖς
1296 2779 1456 2858 ξυνόντας.
1578 2807 1579 2812 ’

263 2887 418 2954 iocularis
441 2893 491 2954 cst
515 2885 593 2954 baec
619 2889 840 2977 interpolatio,
869 2907 950 2976 quac
974 2889 1168 2954 senientiam
1194 2887 1227 2952 in
1252 2886 1454 2954 contrarium

262 2993 428 3082 pervcriii.
453 2994 561 3072 μισόοῖι
590 2994 741 3071 ὑποτελής
764 2996 818 3081 qui
844 3002 911 3072 esi,
938 3001 974 3061 ui
996 2995 1136 3074 δασμοῦ,
1164 2992 1258 3075 Φόρου
1280 2993 1454 3070 ὑποτελιίς,

263 3118 324 3166 nco
350 3099 462 3184 occipit
485 3097 689 3176 mercedem,
722 3100 777 3166 sed
808 3099 901 3168 ciceri
924 3100 1052 3186 ροιιόόι;
1079 3099 1137 3166 boc
1160 3099 1259 3165 eiiam
1284 3107 1455 3187 superorat

262 3204 391 3269 miseris
417 3210 451 3268 ui
476 3201 591 3269 servile
615 3204 803 3292 obsequium
818 3209 887 3274 sois
899 3205 960 3272 sibi
979 3206 1121 3272 nmirmis
1133 3225 1241 3272 emere
1253 3203 1454 3274 dicerentur.

263 3310 419 3396 Exporge
445 3311 616 3383 ὑποτελεῖς.
665 3309 700 3376 in
732 3310 842 3379 cadem
873 3311 992 3398 §dum
1017 3309 1197 3399 philosophi
1223 3311 1308 3399 opud
1334 3319 1454 3378 mairo·

263 3434 336 3482 nam
368 3414 408 3482 de
441 3417 618 3502 sapientiae
640 3415 767 3502 piociiis
798 3417 963 3486 disserunt
987 3419 1173 3504 supervenit
1194 3437 1212 3486 a
1233 3417 1364 3484 moecbo
1386 3417 1454 3504 epi·

260 3521 357 3590 siolo:
389 3521 441 3588 iiie
467 3524 578 3590 siclini
613 3523 779 3590 rescribit:
806 3525 945 3602 inierea,
969 3525 1092 3612 inquit,
1117 3525 1141 3591 oi
1165 3524 1231 3606 περὶ
1256 3523 1455 3606 σωφροσύνης

260 3630 363 3698 ἐκεῖνον
398 3628 485 3710 λόγοι
520 3631 609 3700 έςιῖσι
638 3630 848 3714 περιμένοντες
881 3629 926 3702 ἔτ’
957 3615 996 3696 όν
1028 3630 1124 3706 ἐκείνοι
1156 3628 1386 3712 ἀντιγράψασα
1408 3632 1454 3713 τῷ

128 3813 131 3820 ,
259 3741 360 3820 μοιχῷ
392 3736 598 3820 έπανοιδροόμμ
629 3740 702 3818 πρός
737 3739 792 3814 τίον
823 3735 979 3818 ἀκρόασιν.
1029 3735 1097 3803 Non
1137 3735 1278 3813 εόοίνοκό,
1316 3737 1456 3823 opinor,

259 3845 284 3909 oi
304 3842 372 3926 περὶ
396 3844 590 3927 σωφροσύνης
614 3843 738 3924 λόγοι,
763 3864 844 3931 quos
872 3843 1005 3909 iacuisse
1028 3841 1113 3928 apud
1138 3840 1224 3908 iiiam
1250 3842 1330 3908 selis
1355 3861 1455 3930 eppa·

261 3957 330 4026 ret,
356 3947 411 4014 sed
436 3951 462 4014 oi
482 3948 639 4030 λέγοντες.

304 4053 340 4119 in
365 4053 516 4142 Αροόορόο
539 4075 622 4142 quac
647 4056 795 4142 sequiiur
828 4057 941 4134 18,1.
972 4052 1097 4120 offendo
1122 4053 1154 4119 irr
1179 4049 1455 4128 remissiorem

258 4159 352 4232 αὐτός
384 4163 490 4226 ταῦτα
526 4162 696 4244 γεγραφὼς
728 4160 838 4228 ἔπειτα
867 4161 939 4227 ἑκὼν
970 4159 1078 4227 ἑαυτόν
1109 4158 1207 4243 φέρων
1236 4161 1279 4233 εἰς
1311 4159 1456 4228 δουλείαν

258 4265 443 4344 ἕντέτεικεν,
476 4285 550 4332 nem
577 4287 680 4354 neque
703 4268 825 4335 ἑκόντι
847 4263 948 4350 φέρων
972 4265 1052 4332 benc
1082 4266 1347 4352 coniunguntur,
1374 4267 1455 4354 quia

257 4372 355 4456 φέρων
380 4371 542 4460 significat
564 4375 650 4455 μετόν
673 4373 843 4457 προόυμίας
875 4372 927 4437 καί
952 4371 1045 4455 όρμῆς
1075 4379 1108 4439 ei
1131 4372 1179 4438 sic
1203 4369 1359 4439 debilem
1383 4371 1454 4439 lan·

257 4478 391 4566 gnidum
417 4479 489 4546 ἐνεόν
509 4480 669 4560 excindit,
689 4489 720 4548 el
745 4480 820 4568 quio
838 4477 933 4553 ιιιίτός
957 4476 1151 4567 praecedens
1163 4479 1197 4544 in
1218 4477 1310 4552 αὐτὸς
1333 4501 1454 4564 γεγρα·
