3208 4972
727 354 796 426 221

509 551 666 618 κοίπικινεῒ
685 555 756 621 τοῖς
780 549 930 630 κοχόνονις

508 656 562 724 κυνί
586 657 678 730 τιθείς
702 653 763 722 οἶνοι
786 652 894 732 σκόλη.

167 765 260 838 τιθείς
284 765 370 830 euim
392 782 450 850 pru
468 761 574 839 τίθης,
601 771 636 828 ut
656 764 710 835 ίεῖς
732 781 789 849 pro
808 757 869 839 ιἠς,
889 761 1011 828 dixisse
1031 769 1156 829 veteres
1174 777 1256 825 novo
1275 758 1356 824 iudi·

167 871 219 936 eiu
242 858 479 935 demonstrabo.
527 867 726 934 Cusrouuuurs
758 887 889 934 carmen
919 874 968 934 est
998 865 1083 954 apud
1115 869 1231 933 Aratu.
1261 865 1300 931 X.
1324 885 1355 952 p.

170 981 288 1043 lilla.
311 973 468 1040 laborioso
488 974 625 1040 artifieio
646 975 825 1061 seriptum,
852 972 935 1060 quod
961 974 1140 1039 Arusuaeus
1165 973 1209 1038 ita
1232 970 1357 1037 deseri·

168 1081 230 1148 uit:
273 1087 331 1146 τῶν
370 1079 467 1146 ποδῶν
503 1076 612 1153 ἕκοιςος
648 1074 727 1153 όλοις
769 1078 897 1159 όνόμοισι
939 1077 1191 1162 περιειλημμένος
1232 1075 1357 1150 πόντιος

166 1187 275 1268 ὁμοίως
308 1185 506 1266 ἡγεμονικοὺς
538 1187 590 1251 κοί
622 1185 873 1263 ἀκολουθητικοὺς
904 1183 972 1266 ἔχει
1006 1187 1077 1259 τοὺς
1106 1183 1220 1258 πόδυςε
1247 1183 1356 1270 itaque

165 1292 280 1360 τούτων
311 1289 419 1367 ἕκοιςος
450 1293 510 1358 τῶν
540 1291 636 1357 ποδῶν
665 1293 703 1364 ὥς
734 1292 773 1360 οἰν
803 1299 842 1375 τῇ
874 1289 962 1368 τόξει
995 1293 1046 1375 θῇς
1075 1289 1111 1356 τό
1142 1289 1220 1356 υότό
1247 1287 1357 1370 μέτρον

166 1398 327 1466 οίπολιίσει.
375 1398 509 1463 Carmen
537 1395 595 1462 hoe
619 1403 682 1462 est:

349 1503 391 1570 Σὲ
414 1506 465 1569 τόν
487 1501 592 1581 βόλοις
616 1503 813 1585 νιφοκτύποις
838 1501 1037 1585 δυσχείμερον

348 1609 457 1675 ναίονθ’
480 1605 563 1686 ἕδος,
589 1606 729 1689 θηρονόμε
753 1608 837 1684 Πίον,
859 1607 946 1690 χθόν’
970 1605 1143 1691 Ἀρκάδων,

349 1715 452 1797 κλρίσυ
475 1723 586 1797 γρυφῇ
609 1715 676 1797 τῇδ’
702 1714 733 1780 όν
755 1721 839 1798 σοφρῖ
864 1713 1035 1793 πάγκλειτ’
1061 1711 1121 1789 ἔπη

348 1819 479 1896 συνθείς,
502 1818 602 1898 ἄνυε,
626 1820 789 1898 tumescat
813 1821 858 1900 μη
881 1825 988 1901 σοφοῖς
1011 1817 1134 1895 κλόειν,

347 1924 521 2005 μουσοπόλε
545 1926 595 2006 lup
614 1925 781 2009 κηρόχυτον
804 1922 837 1999 ὃς
860 1924 1007 2005 μείλιγμ’
1030 1921 1087 2000 ἵης.
1186 1910 1196 1924 ’

167 2053 231 2100 uun
255 2040 363 2098 tamen
387 2033 473 2096 iutra
497 2029 555 2095 hus
580 2030 659 2096 lines
690 2030 835 2097 constitit
860 2030 1000 2097 hominis
1023 2028 1243 2112 μικροτεχνίιιι
1269 2025 1358 2092 dedit

167 2155 318 2224 operam,
343 2144 380 2202 ut
400 2137 432 2201 iu
454 2133 591 2220 siugulis
610 2135 749 2223 dipodiis
772 2137 856 2203 idem
877 2145 962 2204 esset
980 2136 1163 2203 litterarum
1184 2150 1356 2209 uumerus,

166 2241 252 2331 quud
284 2242 464 2309 Arausuuus
495 2243 541 2306 ita
572 2241 709 2308 iudicat:
740 2249 799 2309 τῶν
831 2243 927 2310 ποδῶν
957 2239 1066 2314 ἕκοιςός
1096 2243 1142 2311 ίςι
1176 2237 1357 2321 talanta·

166 2373 288 2430 μοτος,
313 2356 346 2413 at
375 2347 572 2434 quicumque
603 2366 776 2415 numerare
807 2346 922 2414 didicit
945 2347 1098 2440 concedet
1127 2343 1207 2412 mihi
1233 2344 1357 2410 ἑνδεκα-

164 2453 357 2538 γροίμμστος
380 2473 451 2520 esse
474 2451 728 2528 emendandum,
754 2452 870 2521 deiude
894 2474 1005 2520 omues
1025 2451 1208 2519 scribarum
1230 2469 1358 2517 errares

166 2560 207 2630 ad
232 2560 315 2626 haue
346 2561 449 2625 luceru
482 2559 593 2624 statim
625 2557 923 2645 deprehendentur:
947 2559 1055 2627 ναίονθ’
1078 2555 1142 2632 ἕδος
1166 2555 1358 2624 emendetur

166 2669 200 2734 iu
226 2667 333 2733 νοιίονθ’
357 2661 460 2747 tapes:
492 2666 593 2748 κλρίσοι
623 2673 734 2749 γρυφη
765 2664 858 2731 habet
883 2684 979 2732 uuam
1000 2664 1163 2731 literulam
1187 2661 1356 2729 abundau-

82 2817 89 2826 ·
167 2780 251 2851 taur,
287 2790 360 2837 uam
389 2780 454 2837 etr
487 2789 659 2836 numerum
693 2769 789 2850 lauit,
829 2780 863 2837 ut
894 2773 926 2837 in
961 2772 1039 2848 τῆιλ·
1064 2772 1094 2836 ἐν
1126 2774 1237 2853 σοφιῑιι
1260 2768 1356 2836 laeile

166 2877 346 2946 remedium
371 2885 436 2944 est:
462 2876 594 2944 verbum
619 2877 796 2943 celebrandi
820 2896 882 2942 nou
907 2886 956 2943 est
980 2878 1093 2958 κλείω,
1118 2874 1356 2943 multominus

165 2987 266 3069 κλύυ,
292 2982 347 3050 seul
378 2980 474 3060 κλίυ,
501 2981 584 3050 uuile
604 2983 703 3058 κλίος.
752 2983 845 3049 luues
875 2981 1023 3050 traeuanr
1048 2981 1212 3050 interdum
1242 2980 1356 3056 κλείυ,

168 3099 204 3158 ut
225 3089 350 3165 τελείυ,
383 3089 510 3156 νεικείοιε
544 3089 654 3176 itaque
684 3091 787 3167 κλίσει
818 3096 849 3155 et
873 3086 992 3165 ἔκλησιν
1024 3089 1145 3156 Graeca
1168 3095 1263 3161 suut,
1291 3104 1353 3151 neu

166 3194 280 3272 κληισυ
300 3203 332 3262 et
344 3191 492 3273 όκληισοι,
514 3204 546 3260 et
565 3195 669 3271 κλίσει
689 3201 813 3276 ορκφῆι
834 3193 929 3262 hahet
942 3197 1156 3261 coustitutum
1171 3193 1355 3260 litterarum

167 3318 356 3368 numerum:
377 3305 483 3384 σοφοῖς
503 3301 608 3368 κλύειν
626 3309 658 3366 et
677 3300 851 3380 μουσοπόλε
868 3301 919 3380 θιίρ
944 3299 1062 3367 habeut
1085 3301 1211 3368 litteras
1235 3299 1357 3368 ‹taute-

168 3425 245 3486 νυν,
265 3414 298 3472 al
319 3404 460 3473 Solensis
482 3415 572 3493 poeta
590 3404 761 3488 ὑποδυρίζει
781 3416 813 3473 et
830 3409 922 3475 κλόεν
949 3419 981 3474 et
1001 3407 1165 3487 μουσοπόλε
1184 3409 1235 3488 θιίρ
1258 3406 1358 3473 uelit.

168 3509 322 3599 Superest
353 3510 384 3577 irl
415 3511 624 3598 quamobrem
650 3510 728 3578 lraee
752 3512 939 3579 attulimus:
969 3515 1001 3578 in
1025 3515 1174 3593 μείλιγμ’
1204 3511 1250 3590 ίης
1275 3513 1359 3599 perit

167 3618 342 3685 artificium
368 3617 430 3684 uisi
448 3617 629 3704 legitimum
656 3616 838 3685 litterarum
864 3637 1036 3685 nrrruerum
1058 3618 1231 3707 supplebis.
1267 3617 1357 3684 Satin

167 3731 294 3791 eertum
326 3731 376 3790 est
406 3725 462 3797 ίεῒς
493 3743 564 3792 esse
594 3744 614 3790 a
639 3733 733 3811 putta
758 3723 937 3814 seriptum?
962 3723 1002 3791 ad
1027 3725 1182 3791 Lucruuuu
1207 3743 1359 3790 reversus

168 3830 200 3896 iu
225 3830 373 3917 &quenti
393 3829 610 3907 carminum,
632 3836 665 3899 t.
688 3832 763 3914 σμ’
788 3831 901 3920 supple
920 3834 1042 3913 προτοῦ.
1066 3851 1115 3898 vs.
1141 3834 1192 3897 ra.
1216 3830 1279 3910 ut
1296 3829 1360 3914 γὰρ

167 3934 251 4003 οὐδέν
275 3937 338 4016 είμι
361 3933 469 4002 τούτου
494 3933 571 4015 lixa
593 3935 670 4016 μόνη
695 3935 828 4004 emenda
852 3936 936 4004 οὐδόν
960 3937 1026 4018 είμί
1051 3959 1097 4004 σοι
1120 3935 1229 4004 τούτου
1259 3936 1358 4019 lixa,

167 4049 330 4129 expuncto
352 4039 440 4122 μόνη.
465 4061 514 4106 vs,
529 4044 582 4108 λυ.
603 4042 636 4109 τί
653 4046 761 4108 τοῦτον
779 4049 930 4127 φλνοιρθι,
955 4045 1083 4130 corrige
1105 4043 1139 4110 τί
1155 4045 1249 4109 ταῦτ’
1262 4043 1359 4110 tatu.

168 4167 215 4214 rs.
242 4149 298 4214 26.
330 4147 487 4214 όντίδοικον
519 4151 644 4225 τοῦτον,
675 4148 742 4215 inlu
772 4168 846 4216 reru
877 4148 1044 4216 οίντέδονκον
1076 4147 1182 4217 αὐτόν.
1226 4169 1275 4218 vs.
1303 4153 1359 4216 59.

168 4253 305 4331 ποίγυννι
335 4253 451 4320 τίλλε
481 4261 639 4335 κουριῶν
671 4254 723 4320 ὑπ’
755 4255 895 4333 ὦλόνοιις,
924 4253 992 4342 lege
1021 4243 1137 4322 τίλλου
1161 4253 1285 4338 κουρίυν
1309 4254 1362 4322 ὑπ’

169 4356 306 4433 θλόνσις.
354 4357 389 4424 lu
415 4359 657 4446 Epigrammate
679 4364 708 4426 2.
731 4379 776 4427 vs.
791 4365 822 4427 8.
848 4359 953 4428 scribe
970 4360 1110 4444 ἐτρέφετ’
1130 4367 1163 4427 el
1187 4367 1238 4428 11.
1258 4357 1362 4442 χοόπυ

169 4463 237 4544 μίν.
286 4463 397 4552 llpigr.
426 4471 478 4531 11.
502 4485 549 4532 νε.
568 4467 599 4532 2.
622 4465 752 4534 πλείονοι
775 4473 833 4535 τῶν
857 4469 993 4547 όνοίῶν.
1042 4467 1153 4557 llpigr.
1177 4469 1232 4534 23.
1260 4486 1306 4534 rs.
1333 4471 1361 4532 Ι.
