3150 4972
651 467 654 474 Ι
737 360 802 434 ιιι

219 556 287 627 ltnd
319 556 344 648 S
377 564 398 626 8
430 561 447 638 al
477 558 578 633 Βίνδις
609 559 641 626 dl
665 556 746 638 αὕτη
771 559 846 650 (leg.
874 557 980 647 αὑτηί)
1005 558 1058 626 καί
1082 560 1096 627 i
1116 558 1263 639 Ἄνουβις
1287 557 1362 624 ίκει·

173 665 234 732 voci
257 663 311 733 καί
335 667 409 747 παρ’
432 666 525 732 αὐτὸν
549 667 696 739 ίἌττις
722 665 833 752 (scrib.
854 669 989 750 Ἄττης)
1015 665 1068 732 καί
1092 666 1107 733 ί
1130 665 1247 747 Μίθρης
1270 663 1321 730 καί
1347 662 1362 727 d

173 773 245 848 Μίρν
275 766 338 836 ίλοι
370 768 530 854 ὁλόχρυσοι
561 771 615 840 καί
644 772 752 854 βαρεῖς
787 771 841 840 καί
865 772 1069 852 πολυτίμητοι
1091 775 1130 846 ὥς
1153 773 1291 849 ιίληίῶς,
1317 767 1365 834 t‘i·

109 863 113 870 ’
173 874 312 943 diculam
348 875 589 964 dittograpbian
626 876 735 957 rides,
768 897 842 944 nam
876 879 903 944 si
934 888 1011 946 sunt
1041 879 1201 960 ὁλόχρυσοι
1229 880 1366 942 nonest

173 979 386 1049 dubitandum
413 985 490 1070 quin
515 983 611 1049 etiam
637 977 700 1050 ίλοι
720 983 858 1064 luerint,
882 985 991 1071 itaque
1010 981 1072 1052 ίλοι
1094 1002 1254 1072 expungo.
1282 981 1366 1047 Tur·

174 1086 247 1174 pius
269 1087 367 1154 etiam
393 1088 424 1154 in
451 1109 486 1156 rc
505 1088 671 1155 simillima
692 1090 818 1157 scribae
839 1109 896 1156 nos
916 1090 1127 1158 ludilicantur
1147 1092 1180 1157 in
1197 1091 1366 1155 Pnurnncnr

174 1193 238 1258 uita
272 1194 362 1259 Arcti
392 1213 462 1280 cap.
496 1199 538 1262 tt
571 1195 694 1279 ςρίφιον
716 1199 777 1277 οὐχ
799 1195 867 1263 ίλον
890 1199 999 1264 λευκὸν
1021 1197 1111 1264 οίλλίι
1136 1193 1366 1277 μεσοπόρφυρον

173 1298 273 1381 ἔχων,
311 1319 407 1386 quam
444 1301 487 1368 sit
523 1299 652 1388 volgata
684 1304 847 1390 scriptura
879 1305 986 1391 inepta
1019 1300 1186 1390 apparebit
1216 1300 1313 1376 satia,
1338 1297 1365 1364 si

173 1407 411 1492 comparaveris
445 1425 519 1472 curn
557 1426 652 1489 vera,
687 1428 770 1496 qnae
803 1416 853 1476 est
884 1409 1062 1489 ὁλόλευκον,
1095 1410 1207 1496 itaque
1230 1404 1364 1473 verbum

174 1531 236 1577 non
261 1511 400 1598 amplius
423 1510 516 1579 addo.

219 1616 255 1684 ln
288 1615 351 1684 dne
382 1621 400 1703 ς
434 1623 475 1686 55
507 1619 578 1684 sine
607 1637 704 1684 sensu
735 1618 904 1688 edebatur:
938 1621 1046 1689 πολλοὶ
1075 1622 1139 1703 adep
1162 1621 1188 1686 οί
1212 1616 1367 1685 allanto

173 1725 417 1804 γιγνώσκοντες,
452 1724 576 1800 τλείιυς
611 1726 782 1803 Ἑλλήνων,
817 1727 832 1794 ί
867 1727 965 1803 τολὺς
1000 1729 1075 1801 λεὼς
1107 1726 1160 1793 καί
1194 1726 1209 1790 ί
1237 1719 1366 1806 οιίρφαξ

172 1831 330 1914 βάρβαροί
359 1855 395 1898 τε
427 1828 584 1909 ίίταντες,
618 1838 739 1918 partem
773 1833 840 1899 neri
872 1833 952 1900 vidit
977 1833 1159 1910 Bantinos,
1183 1831 1239 1918 qui
1263 1826 1365 1897 edidit

173 1939 279 2020 τολλῷ
311 1938 376 2020 γὰρ
409 1939 434 2004 al
458 1939 613 2005 τιίναντίοι
636 1937 859 2017 γιγνώσκοντες
885 1943 1028 2019 πλείους,
1051 1939 1206 2015 Ἑλλήνων
1228 1938 1243 2002 ί
1266 1935 1365 2008 πολὺς

173 2043 248 2116 aeda
271 2043 336 2109 κτὲ.
362 2063 423 2110 non
448 2042 528 2110 vidit
553 2046 816 2130 compositionem
843 2067 899 2134 per
920 2048 976 2114 καί
996 2085 1037 2097 -—
1057 2069 1093 2112 τε
1115 2043 1271 2111 soloecam
1293 2059 1364 2107 esse

172 2156 205 2214 et
228 2147 345 2235 triplex
368 2146 655 2234 genus'bominum
679 2151 786 2219 verbis
808 2151 1002 2238 significari,
1028 2171 1139 2238 reapse
1156 2148 1221 2217 dno
1235 2155 1363 2215 tantum

173 2252 248 2322 dici.
296 2253 380 2336 Quid
411 2253 534 2322 multa?
569 2255 779 2343 interpolator
809 2256 928 2344 aliquis
963 2277 1019 2324 nos
1051 2255 1205 2344 impedit;
1238 2253 1365 2321 dixerat

174 2361 323 2428 tuonnos
355 2361 471 2428 veteris
502 2359 684 2428 comoediae
716 2369 826 2451 poetas
857 2364 1006 2431 imitans:
1031 2365 1186 2441 Ἐλλήνων
1210 2362 1236 2426 l’
1258 2361 1272 2426 i
1296 2357 1365 2439 ούρ-

172 2466 244 2552 φαξ
265 2466 422 2551 βάρβαροί
445 2465 472 2532 l’
496 2464 649 2541 ίίτοιντες.
674 2467 714 2534 ad
738 2467 866 2553 οίρφαξ
888 2469 1062 2558 adscripsit
1085 2468 1204 2556 aliquis
1227 2467 1241 2532 i
1265 2465 1363 2535 τολὺι

172 2573 268 2652 aede,
294 2583 324 2639 et
348 2571 424 2639 binc
449 2572 580 2659 vulgata
604 2572 699 2640 lectio
722 2573 859 2642 conflata
885 2586 944 2643 est.

218 2677 253 2745 ln
290 2677 416 2745 Somnio
451 2701 476 2745 a.
515 2679 605 2746 Gallo
633 2683 695 2748 tt.
731 2687 761 2747 3.
794 2680 885 2748 οίκουε
909 2682 1017 2749 τοίνυν.
1041 2677 1293 2762 ταραδοξίτατίν
1316 2699 1362 2742 σοι

172 2785 283 2865 λίνον,
318 2783 352 2852 εὖ
385 2781 441 2852 οἷδ’
470 2783 534 2862 ίτι,
566 2786 685 2864 λέγω.
710 2795 741 2852 at
769 2784 927 2854 nihildum
953 2786 1095 2867 dixerat,
1119 2787 1253 2871 corrige
1270 2781 1363 2850 sodes

172 2894 238 2976 ίρῶ.
285 2891 321 2958 ln
357 2889 381 2982 S
418 2895 461 2958 20
493 2911 606 2958 revoca
637 2889 659 2959 d
690 2893 877 2975 Πυίαγίρα,
902 2892 919 2969 ll
943 2889 989 2960 ίτι
1013 2891 1138 2972 planca
1162 2891 1282 2976 χαίρεις
1304 2911 1362 2954 κα·

172 2999 318 3078 λούμενος
351 3017 409 3085 pro
433 2998 486 3065 καὶ
509 2997 571 3064 alca
596 2997 721 3077 μίλιςοο
744 3001 882 3080 χαίροις,
907 2999 991 3086 qood
1016 3019 1112 3066 sensu
1138 3016 1277 3065 uacuum
1302 3001 1363 3060 est.

173 3104 209 3172 ln
239 3104 263 3196 S
296 3107 338 3171 25
370 3100 463 3184 ίμοιοι
495 3105 621 3183 ptam
644 3104 809 3188 Φαίνονταο
837 3115 899 3181 τοῖς
924 3114 1083 3188 τραγικοῖς
1107 3105 1301 3186 ὑποκριταῖς,
1324 3096 1363 3166 ὧν

172 3210 307 3286 πολλοὺς
334 3211 407 3278 idaia
434 3208 483 3281 ίςι
511 3211 586 3286 rinc
617 3211 674 3291 ρκέν
703 3211 861 3294 Κίκροτας
892 3211 978 3288 δῆθεν
1008 3211 1098 3286 ὄντας
1121 3210 1138 3288 ἢ
1163 3209 1320 3292 Σισύφους
1343 3208 1362 3285 ἢ

172 3317 355 3401 ΤηλίΦους,
385 3315 568 3397 διαδήματα
601 3315 732 3400 ἔχοντας
757 3318 809 3384 καί
833 3318 909 3402 ξίφη
934 3317 1200 3402 ἐλιφιιντιίκιοτα,
1223 3335 1281 3404 pro
1304 3314 1363 3381 Κί-

172 3447 286 3506 κροτας
307 3441 425 3511 repone
437 3423 607 3507 κρέοντος,
632 3424 729 3490 euius
753 3425 784 3490 in
810 3444 847 3491 ea
865 3444 901 3492 rc
921 3419 1072 3510 iret‘pucns
1091 3443 1163 3490 asse
1183 3421 1363 3489 solctmcn·

174 3530 217 3596 tio
241 3538 372 3618 propter
395 3529 606 3597 bauomnanra
630 3537 741 3598 nolum
767 3529 872 3597 locum
898 3551 929 3618 p.
957 3533 1041 3607 288,
1068 3531 1120 3596 19.

216 3634 252 3702 ln
290 3633 314 3726 S
348 3638 402 3702 28.
436 3636 450 3702 ί
482 3636 508 3702 δ’
532 3632 617 3710 αὗίις
648 3634 863 3720 περιτρώξεται
893 3638 1059 3704 οίτοτείνων
1082 3635 1125 3702 τοί
1150 3633 1362 3714 καττύματα,

173 3761 277 3829 neque
306 3741 474 3809 ατοτείνυν
506 3742 603 3810 buius
626 3740 687 3810 loci
711 3751 780 3822 est,
807 3761 911 3830 neque
933 3744 1090 3810 ιίτοτίνυν
1110 3749 1168 3809 aut
1191 3743 1363 3818 οίτοτινῶν,

172 3847 256 3935 quod
293 3849 326 3914 in
361 3846 434 3915 aliis
469 3857 537 3927 est,
574 3847 629 3915 sed
664 3855 781 3915 τεκνῶν.
829 3848 952 3915 Vitiosa
987 3847 1089 3916 forma
1120 3847 1240 3934 legitur
1272 3850 1290 3932 ς
1322 3850 1366 3916 id

171 3955 441 4025 οίνατετέταςαιε·
455 3953 547 4022 Iones
571 3973 801 4042 nonnunquam
824 3954 868 4020 ita
890 3953 1120 4043 loquebantur,
1144 3952 1200 4041 qui
1224 3962 1256 4020 et
1280 3977 1365 4021 κεκι-

171 4059 281 4144 ραοίοι
313 4058 463 4128 dicebant
488 4080 546 4148 pro
571 4062 749 4144 κεκρῖιοίαι.
797 4056 971 4128 Oraoulum
996 4069 1044 4128 est
1068 4058 1154 4148 apud
1179 4059 1366 4128 llrnonoruu

174 4164 198 4232 l.
223 4170 279 4234 62.

309 4268 451 4355 ἔρριττοιι
476 4271 502 4338 δ’
526 4272 541 4338 ί
563 4271 674 4354 βόλος,
697 4274 732 4342 τὸ
757 4272 788 4339 δὲ
812 4270 930 4338 δίκτυον
952 4270 1177 4342 ἒκτεπίταςαι.

174 4379 293 4446 caeteri
325 4397 437 4444 omncs
470 4378 640 4460 τίτταριαι
672 4378 839 4456 dicebant,
870 4385 907 4443 ut
940 4379 971 4444 in
1003 4375 1099 4444 lliod.
1127 4387 1165 4446 Ε.
1193 4381 1256 4444 tat
1280 4379 1368 4462 ἀμφὶ

174 4483 207 4552 δὲ
231 4485 344 4553 πίτλοι
367 4483 562 4554 mimulam.
614 4483 726 4572 Odon.
752 4483 779 4566 ζ.
805 4488 859 4552 tl.
884 4485 972 4551 οίλλοὶ
993 4483 1075 4592 pail?
1096 4484 1181 4568 οιίίρη
1201 4485 1371 4554 Πίοιτατοιι

1190 4595 1219 4638 ιι
