3178 4972
762 421 785 498 8

175 629 240 688 tem
265 640 304 688 ex
328 619 468 688 absurdo
492 641 601 688 errore
625 617 779 687 oetan?
806 619 975 688 Praeterea
996 621 1170 708 expungite
1192 619 1270 688 mibi
1288 617 1367 687 altc-

174 745 248 793 rum
273 725 468 806 articulum,
493 749 540 794 ne
554 725 675 792 iudices
696 734 809 793 contra
831 727 882 793 ius
902 726 995 792 binas
1014 728 1191 796 sententias
1211 727 1296 795 ierre
1313 727 1367 794 iu-

175 829 330 910 beantur,
364 833 601 900 discribetur:
636 834 691 908 την
714 833 801 898 θσόοιν
824 833 877 900 κιιό
901 832 1018 916 εὔορκον
1042 841 1159 918 ψῆφον.
1209 834 1368 901 mantuus

176 936 244 1024 ipse
266 957 304 1004 ex
330 937 428 1006 huius
451 940 571 1005 erroris
593 937 813 1006 observatione
838 941 964 1006 λοιιιτι
989 938 1060 1006 iocu
1076 966 1094 1004 c
1119 941 1152 1006 in
1180 939 1281 1007 Variis
1293 936 1367 1004 Hir·

175 1042 264 1108 toriir
283 1045 403 1131 optime
424 1047 613 1111 restitutum
634 1064 704 1110 ossa
724 1043 893 1111 admonuit
915 1045 999 1113 Viii.
1023 1054 1049 1114 t.
1068 1046 1123 1112 ubi
1136 1044 1366 1112 Sounarronon

174 1151 277 1230 Φονθην
308 1150 462 1225 πολλάκις
491 1149 630 1235 ἔφιοσκεν
658 1151 776 1217 θσόοιν
799 1158 966 1230 πομπῆς
990 1151 1259 1233 ἐγκεκληριομόνην
1282 1151 1369 1232 odedi

175 1252 229 1319 sed
262 1255 327 1340 θεός
359 1266 482 1340 πομπῇ.
531 1255 641 1324 Obiter
671 1254 753 1322 addo
776 1258 1070 1340 τορνεκληρεομόνην
1094 1259 1271 1343 gerruinnnr
1296 1275 1369 1322 esse

176 1379 233 1446 pro
253 1361 323 1439 tyn.
360 1360 463 1442 Quam
484 1361 577 1428 iaeiie
599 1370 630 1428 et
650 1380 746 1448 qnam
769 1381 862 1450 saepe
883 1363 914 1429 όν
934 1365 1035 1430 εῑτθν
1048 1363 1168 1430 tuerint
1182 1370 1367 1450 permutata

175 1465 207 1530 iu
233 1468 442 1553 sequentibus
467 1469 651 1545 ostendam,
678 1487 763 1534 nunc
783 1463 860 1542 όσνος
881 1479 912 1535 et
934 1471 1009 1544 θεῖος
1029 1479 1083 1549 et,
1109 1471 1164 1556 qui
1180 1468 1263 1535 idem
1277 1487 1369 1556 pror·

175 1590 231 1637 stis
255 1591 346 1639 error
369 1583 433 1651 est,
455 1575 573 1651 ὁσιότης
597 1583 629 1641 et
649 1574 763 1650 θειότης
784 1573 920 1640 subinde
942 1584 1124 1663 permutata
1144 1595 1215 1642 esse
1237 1573 1368 1641 docebo.

174 1676 210 1745 in
235 1677 399 1748 ,isocnnrs
427 1679 571 1746 Busiride
597 1683 615 1766 ς
639 1685 695 1746 26.
723 1698 795 1766 pag.
825 1683 903 1747 226.
931 1681 1111 1768 permulta
1135 1681 1263 1748 saecula
1289 1679 1370 1747 bace

174 1781 237 1848 suit
260 1784 353 1852 tectio
378 1785 519 1872 uulgata:
543 1787 673 1862 τολλάς,
689 1786 752 1867 γάρ
776 1787 880 1859 αὐτοῖς
904 1788 957 1854 κοοό
983 1789 1188 1864 τοντοδοιτάς
1214 1789 1289 1878 (τοῖς
1310 1785 1367 1853 Ai-

175 1890 331 1979 ρυπτόοις)
355 1893 500 1970 ἀσκήσεις
523 1901 580 1969 τῆς
605 1892 811 1968 θειότητος
835 1894 946 1968 ἐκεῖνος
967 1893 1147 1970 κοντότησεν.
1182 1893 1265 1960 vera
1288 1893 1370 1959 sori·

175 2003 270 2082 ptura
299 2017 495 2085 quoinquanr
530 2000 563 2064 in
588 1999 706 2065 vicinia
730 1998 914 2086 apparebat.
940 2002 1030 2085 μθ.
1056 1998 1123 2081 ἔχοι
1145 2001 1171 2066 θ’
1195 1997 1234 2066 ἀν
1251 2025 1299 2073 τις
1319 2029 1388 2052 ·-·

174 2103 283 2169 orontio
305 2103 357 2169 κοιὶ
383 2105 532 2185 θονμοιςά
556 2105 622 2186 περὶ
646 2112 702 2180 τῆς
723 2105 943 2182 ὁσιότητος
967 2107 1067 2173 αὐτῶν
1086 2107 1230 2184 διελθεῖν,
1258 2115 1368 2172 tamen

177 2225 239 2272 nou
264 2209 354 2295 prius
378 2212 509 2276 emersit
533 2230 631 2298 quarn
655 2209 753 2277 codex
776 2213 919 2298 optimus
945 2211 1075 2279 Unoruas
1098 2233 1114 2278 a
1141 2211 1285 2280 Bruurno
1307 2231 1369 2277 cx·

175 2333 291 2380 cussus
316 2323 371 2391 τῆς
393 2317 545 2392 όσιότητος
570 2315 697 2382 obtulit.
715 2318 774 2383 ,λθ
796 2317 974 2384 Ριιιτιιιονιο
996 2318 1103 2385 nuilus
1124 2318 1203 2385 iiber
1224 2319 1371 2405 scriptus

176 2438 266 2505 opern
302 2421 375 2486 tuiit
407 2425 438 2487 in
472 2422 553 2487 iibro
583 2423 622 2488 de
647 2417 844 2507 Mob'pnitote'
867 2421 1016 2490 Herodoti
1044 2445 1113 2511 cap.
1139 2423 1208 2491 Xii.
1235 2445 1265 2511 p.
1288 2427 1369 2490 act.

178 2524 232 2590 ubi
258 2545 344 2593 nunc
368 2527 538 2594 scribitur:
567 2527 644 2595 οὕτω
669 2527 700 2594 δὲ
723 2527 962 2611 Φιλοβάρβννςός
986 2531 1050 2600 ἒτιν
1076 2530 1285 2619 (iiraoooroo)
1309 2527 1371 2600 ἶν’τε

176 2630 308 2713 Βούσιριν
338 2634 502 2708 ἀτολόσοος
533 2641 589 2711 τῆς
621 2635 792 2714 λεγομένης
825 2636 1068 2716 ἀνθρωποόνσόοος
1097 2638 1148 2702 xci
1178 2634 1372 2713 ξενοκτονίας

176 2737 229 2802 κοιό
253 2743 349 2805 τάσιν
372 2741 556 2820 Αἰγυπτίοις
576 2739 771 2816 όειότητοι
791 2745 910 2818 πολλὴν
928 2742 981 2808 κοιό
1003 2741 1194 2818 δικαιοσύνην
1213 2743 1368 2824 μοορτορή-

176 2868 236 2918 σονς
266 2847 317 2929 ἐφ’
344 2846 505 2923 Ἕλληνος
528 2847 696 2931 ἀνιντρέφει
716 2847 752 2912 τό
776 2846 883 2926 μύσος.
934 2849 1013 2930 Quis
1038 2848 1150 2915 uiuitis
1174 2847 1281 2916 verbis
1304 2847 1369 2915 sibi

177 2951 352 3037 postniabit
376 2952 591 3020 demonstrari
617 2973 678 3018 non
703 2971 773 3018 esse
796 2952 939 3028 θειότητος
963 2973 981 3020 a
1006 2954 1183 3020 Pcortncuo
1205 2956 1366 3041 scriptum

179 3055 235 3121 sed
266 3059 512 3125 octonum?
561 3059 621 3140 Qui
657 3056 734 3124 nribi
768 3057 827 3122 hoc
859 3059 982 3127 dederit
1009 3080 1070 3127 non
1095 3060 1150 3126 diu
1174 3059 1369 3148 repugnabit

179 3159 316 3228 aiterum
342 3163 447 3230 iocum
472 3165 617 3231 eiusderu
643 3169 810 3256 scriptoris
833 3166 942 3234 cedern
969 3165 1061 3234 ιιιοθο
1085 3167 1280 3234 restituenti.
1329 3167 1366 3233 in

179 3265 297 3333 Siccae
318 3270 382 3335 vita
403 3291 473 3358 cap.
495 3270 554 3337 vt:
578 3271 694 3353 Sutor,
715 3275 843 3362 iuquit,
866 3293 917 3340 res
938 3273 1100 3359 praeclare
1117 3293 1134 3340 a
1152 3293 1186 3340 se
1204 3271 1365 3360 gestasad

177 3372 260 3438 neos
280 3372 400 3442 referre
422 3375 501 3443 solet
521 3389 670 3447 auctores
691 3390 721 3446 et
742 3379 901 3468 quidquid
923 3377 1050 3446 iortiter
1066 3390 1098 3446 at
1114 3387 1246 3446 strenue
1263 3379 1367 3466 gessit

177 3481 328 3561 εότοχθιιν
359 3484 428 3548 τινά
459 3485 542 3550 θεθοι
569 3487 723 3554 adorirer.
773 3485 910 3564 Deinde,
935 3485 988 3551 ubi
1014 3485 1110 3552 buius
1136 3487 1181 3553 rei
1207 3504 1307 3553 noum
1331 3493 1366 3552 at

178 3585 314 3653 aiterum
337 3589 464 3676 insigne
483 3591 664 3678 exerannrn
687 3593 837 3680 protudit,
862 3596 968 3659 τοῦτο
987 3589 1121 3673 μὲνοῦν,
1148 3591 1270 3679 inquit,
1296 3592 1364 3674 rrrpi

177 3699 233 3768 τῆς
258 3693 478 3773 θειότητος.
527 3698 628 3764 imore
652 3719 727 3765 vero
750 3699 922 3777 θειότητος,
948 3699 1009 3765 nisi
1033 3697 1114 3765 iorte
1135 3698 1189 3785 qui
1212 3699 1293 3765 boos
1312 3699 1366 3786 pie

178 3797 254 3864 coiit
277 3803 352 3875 θεῖος
377 3822 434 3890 pro
457 3799 534 3879 θ’σιος
559 3803 623 3871 dici
649 3825 740 3892 posse
767 3805 939 3873 uidebitur.
987 3806 1023 3871 io
1046 3803 1173 3871 Sronnct
1193 3803 1366 3889 Floriiepio

177 3906 331 3976 LXXXV.
361 3913 399 3974 15
432 3909 485 3975 ubi
511 3911 623 3978 scribit
649 3912 852 3980 Prnrcrronr:
877 3910 1047 3995 κροτέονται
1071 3907 1109 3976 ἀν
1134 3911 1236 4001 (γυνη)
1262 3911 1366 3978 ἐπιόν-

177 4013 493 4107 μόιις(1ορ.-όης)
518 4018 572 4084 aab
593 4019 686 4099 θυμοῦ
707 4021 766 4086 όεό
772 4046 790 4096 η
811 4020 863 4085 nai
885 4020 1011 4102 ἀρμονόη
1034 4005 1192 4098 pincerne,
1215 4019 1288 4105 quis
1307 4015 1368 4083 du·

179 4119 291 4186 bitabit
318 4121 383 4200 ότθη
407 4143 572 4202 revocare,
602 4125 685 4212 quod
710 4127 742 4191 io
767 4127 829 4202 θεόη
854 4123 1013 4214 pellucet?
1061 4123 1222 4190 Contrarii
1245 4125 1367 4191 erroris

179 4215 394 4295 manifestum
410 4230 610 4319 exemplum,
637 4239 672 4298 nt
695 4233 828 4318 opinor,
854 4241 902 4300 cst
926 4232 958 4298 in
984 4230 1165 4318 fragmento
1186 4230 1366 4308 saronem,

178 4335 263 4422 quod
294 4338 325 4401 in
361 4335 488 4404 Sronuru
524 4335 635 4426 Εοόορ.
668 4337 767 4425 Ρθιρε.
799 4346 903 4407 exstat
940 4357 1009 4426 cap.
1043 4337 1100 4406 iii.
1136 4341 1189 4406 48.
1224 4337 1314 4404 Tum.
1340 4337 1367 4407 1.

178 4462 209 4529 p.
239 4447 310 4510 too.
336 4441 432 4512 Horo.
