3208 4972
699 353 769 424 253

144 552 248 628 gunt,
274 544 360 611 unde
384 545 437 610 aiii
470 542 543 610 iibri
575 545 693 615 babent
724 548 936 628 πεποιημένα,
962 546 1070 634 piures
1093 549 1190 615 etiam
1216 547 1338 627 πεμπό-

144 673 236 728 μενα.
285 650 464 718 Credebant
494 653 692 734 πεπεμμένον
724 653 909 741 significare
940 663 1079 733 coctum,
1116 661 1151 720 ut
1180 655 1213 720 iu
1246 652 1339 720 Piero

149 759 235 822 1142
260 765 293 824 ei
320 761 418 825 1126.

329 860 400 941 ἧκεν
421 863 486 946 γὰρ
508 863 547 930 ἄν
570 889 615 932 σοι
639 865 730 938 rerba
755 862 788 933 εὖ
812 865 1020 946 πεπεμμένος.
1095 931 1102 938 ,

329 970 409 1049 νέμοι
433 977 625 1044 πλακοῦντος
646 977 701 1040 τοῦ
726 971 753 1037 ’ν
778 973 901 1054 τετρόδι
924 971 1137 1052 πεπεμμένον.

148 1082 180 1140 et
203 1074 304 1154 aiibi;
331 1076 464 1142 missum
488 1076 672 1162 significare
691 1078 905 1146 mirabantur.
944 1080 980 1145 ln
1002 1079 1222 1158 banossnnmr,
1245 1079 1341 1146 euius

149 1179 256 1246 loomn
281 1181 425 1248 Dinnonr.
447 1181 602 1248 iudicavit
635 1204 663 1269 p.
685 1189 771 1264 672,
803 1190 858 1252 50.
881 1193 937 1261 τῆς
962 1186 1106 1262 έπιεολιῑς
1131 1186 1203 1265 ὑμῖν
1226 1185 1341 1261 έκεένης

149 1289 373 1366 πεπεμμένης,
398 1287 452 1352 aiii
477 1287 550 1354 libri
574 1290 769 1372 πεμφθείσης
790 1289 1047 1366 substituerunt,
1071 1291 1125 1357 aiii
1150 1290 1339 1369 απεταλμέ-

149 1417 200 1468 νης
222 1399 269 1480 ¹):
304 1403 391 1460 reete
416 1393 499 1460 idem
529 1395 711 1462 [irruemus
743 1397 776 1462 in
803 1397 955 1462 Hnsrcsuo
988 1396 1172 1463 emendavit
1200 1420 1339 1464 καταπε·

148 1499 298 1578 πεμμένα
323 1517 380 1584 pro
410 1501 705 1580 καταπεμπόμενοι,
736 1502 854 1588 quibus
886 1501 970 1568 idem
1003 1501 1126 1568 addidit
1161 1503 1267 1570 Pnoru
1291 1502 1338 1568 lo·

149 1625 243 1670 oum:
263 1604 466 1684 πεπεμμένην
488 1605 631 1686 λέγουσιν
653 1610 687 1673 οὐ
714 1608 804 1688 μόνον
826 1607 1068 1688 όπεςαλμένην,
1093 1609 1212 1696 quibus
1237 1609 1339 1676 omui·

149 1711 210 1778 bns
234 1711 291 1797 qui
315 1711 471 1779 adiecerit
494 1713 618 1780 bunum
644 1713 748 1780 ionum
771 1722 861 1780 etex
891 1713 1077 1782 melioribus
1101 1724 1226 1780 tanturn
1249 1713 1342 1780 tibris

149 1825 310 1884 serratam
334 1816 471 1884 formam
492 1822 700 1899 πεπεμμένα,
720 1828 808 1887 carta
827 1820 1052 1887 emendatione
1066 1839 1192 1887 meeum
1208 1837 1339 1886 sirenum

151 1923 336 1989 Tnuormnrs
368 1932 499 2010 reponet
534 1925 587 1991 iil.
625 1931 656 1992 2.
693 1927 946 2006 ἀναγκασθέντες
979 1927 1012 1994 δέ
1044 1926 1097 1993 καὶ
1129 1926 1248 2001 ταύτην
1286 1927 1341 2001 την

149 2028 306 2100 erdem
336 2027 475 2111 πρότερον
499 2031 516 2108 ἢ
541 2032 701 2099 διενοοῦντο
731 2032 929 2109 ποιήσασθαι.
960 2039 1019 2099 τῶν
1051 2056 1086 2100 τε
1118 2031 1181 2114 etp
1211 2030 1341 2111 λιμένων

149 2136 204 2212 την
225 2141 324 2218 χῶσιν
354 2136 407 2202 καὶ
434 2143 548 2219 τειχῶν
578 2137 765 2217 οἰκοδόμησιν
794 2139 847 2206 καὶ
871 2146 943 2206 νεῶν
975 2139 1095 2214 ποέησιν
1118 2136 1265 2216 έτέμενον
1288 2161 1341 2204 τε·

150 2243 293 2318 λεσέιῑναι
321 2242 375 2308 καὶ
404 2239 463 2308 όσα
494 2244 529 2308 έκ
550 2248 604 2311 τοῦ
636 2242 752 2311 Πόντου
775 2244 835 2311 έδει
859 2244 1027 2329 όφικέσόαι
1060 2243 1189 2326 τοξότας
1221 2267 1257 2310 τε
1287 2242 1340 2310 καὶ

151 2357 233 2416 σῖτον
256 2349 309 2414 καὶ
331 2340 355 2416 ei
376 2349 655 2429 μεταπεμπόμενοι
679 2346 777 2427 ἦσαν,
803 2369 909 2432 nonno
930 2361 980 2418 est
1003 2350 1076 2418 lure
1099 2349 1220 2418 elarius
1242 2373 1341 2429 μετα·

151 2454 342 2534 πεπεμμένα
366 2449 445 2530 ἦσαν
475 2454 516 2522 ab
542 2454 696 2523 historico
731 2457 890 2544 seriptum
916 2457 1006 2524 ossei
1045 2457 1257 2543 nequeenim
1283 2475 1341 2543 pro

23 2561 24 2586 ³
149 2561 387 2643 μετεπέμποντο
411 2561 476 2628 diei
498 2569 602 2648 potest
624 2563 904 2642 μεταπεμπόμενοι
929 2559 1006 2638 ἦσαν
1030 2581 1132 2649 neque
1152 2560 1342 2650 imperfecto

151 2667 236 2735 nilus
259 2674 308 2736 est
331 2668 364 2734 in
388 2687 424 2736 ea
446 2687 481 2734 re
500 2667 599 2734 loeus.
636 2665 915 2755 opperiebantur,
940 2667 1053 2746 oredo,
1077 2687 1160 2755 qnae
1179 2687 1219 2734 ex
1244 2667 1343 2734 i‘ooto

149 2775 373 2851 praeseferant,
414 2793 476 2841 nou
513 2793 596 2862 quae
636 2774 846 2840 ereerrebeut.
902 2770 1025 2840 uotam
1044 2828 1046 2832 .
1068 2793 1106 2840 eu
1141 2773 1342 2840 Dsnosrnrun

149 2879 276 2956 losum,
296 2881 391 2946 euius
409 2879 520 2946 eadem
542 2878 635 2967 piane
652 2881 734 2946 ratio
753 2889 820 2955 est,
840 2888 871 2946 at
892 2879 1071 2955 eorrectio,
1094 2881 1121 2946 si
1145 2879 1213 2946 beri
1227 2887 1343 2967 potest,

150 2987 249 3054 etiam
269 2984 459 3054 evidentior.
507 2985 640 3071 Legitur
662 2986 696 3051 in
720 2986 865 3052 oratione
887 2985 955 3066 περὶ
979 2990 1032 3052 τοῦ
1056 2985 1194 3072 σεφιὶνου
1218 3007 1249 3074 p.
1263 2989 1340 3062 271,

154 3097 207 3159 ii.
233 3091 259 3157 εέ
282 3093 328 3172 μη
352 3094 369 3168 ἦ
393 3090 493 3171 βουλὴ
518 3094 535 3169 ἢ
559 3089 594 3166 έξ
612 3092 730 3173 Ἀρείου
752 3089 860 3172 πόγου
882 3091 917 3157 τό
941 3096 1080 3173 πρᾶγμα
1101 3091 1262 3174 αέσέομένη
1290 3093 1343 3160 καὶ

23 3219 24 3222 ’
149 3201 205 3275 τὴν
235 3196 389 3279 ὑμετέραν
418 3196 547 3277 όέγνοιιιν
579 3198 609 3262 έν
640 3199 673 3264 οὐ
704 3196 799 3265 δέοντι
830 3199 1070 3279 συμβεβηκυῖαν
1101 3199 1207 3266 ἰδοῦσα
1231 3199 1342 3282 έπεζή·

150 3327 226 3380 τησε
255 3304 308 3370 τόν
331 3301 482 3386 torpuere
514 3303 566 3370 καὶ
598 3303 805 3382 συλλαβοῦσα
838 3305 1044 3385 ἐπανήγαγεν
1066 3307 1107 3378 ὥς
1133 3306 1237 3383 ἡμᾶς,
1261 3304 1344 3387 ἐξηρ-

151 3413 228 3481 τασ’
252 3409 292 3476 εἰν
324 3411 338 3476 ό
369 3415 500 3484 τοιοῦτος
523 3410 577 3477 καὶ
600 3411 635 3476 τὸ
660 3408 744 3486 δίκην
766 3410 867 3477 δοῦναι
899 3410 1004 3484 διαδὺς
1031 3409 1282 3489 ἑξετέμπετ·
1306 3408 1345 3476 διν

152 3517 209 3583 inre
232 3521 287 3582 τοῦ
311 3516 500 3597 σεμνολόγου
522 3516 660 3595 τουτουί,
686 3517 760 3603 quis
792 3515 977 3581 admonitus
1003 3523 1158 3600 prunetum
1189 3517 1344 3602 temporis

151 3621 312 3692 dubitabit
336 3620 508 3690 emendare
531 3621 748 3702 ἐξεπέπεμπτ’
772 3619 830 3700 ἄν,
857 3628 889 3687 rt
913 3641 1010 3708 quam
1038 3623 1184 3708 ineptum
1211 3620 1253 3686 sit
1277 3617 1343 3696 ἐξε-

23 3749 24 3760 ’
150 3729 290 3809 πέμπετ’
313 3725 353 3793 ιἰν
377 3745 439 3794 non
462 3728 600 3796 sentiet?
638 3727 777 3794 Omnino
805 3725 1127 3793 animadvertendum
1149 3734 1197 3792 ast
1222 3724 1345 3792 scribas

150 3834 341 3924 saepissime
371 3831 684 3921 piusquamperieeta
710 3835 743 3899 in
768 3831 956 3920 imperfecta
975 3831 1151 3920 depravare
1172 3831 1293 3908 sotera,
1317 3831 1344 3897 si

152 3941 339 4009 terminatio
362 3946 412 4006 est
433 3959 531 4028 prope
549 3939 681 4017 eadem,
708 3948 743 4006 ut
764 3947 885 4006 mutata
909 3939 1027 4005 voeatis
1054 3939 1086 4005 iu
1107 3935 1343 4026 diphthongum

150 4057 207 4118 aut
219 4045 330 4116 addita
344 4063 407 4111 una
419 4043 563 4112 litterula
583 4065 621 4114 ex
641 4045 957 4134 plusquamperfecto
979 4043 1205 4132 imperfectum
1226 4043 1346 4120 iaciat,

185 4335 212 4401 1)
237 4331 333 4384 Forma
356 4329 502 4393 πέπεμμαν
526 4333 603 4383 etiem
631 4332 698 4398 apud
722 4332 849 4397 aequiores
871 4345 1062 4396 nonnumquam
1087 4337 1203 4397 apparet,
1229 4336 1259 4380 nt
1281 4331 1348 4394 epod

150 4415 341 4471 Pont’mmrt
358 4413 389 4465 de
405 4413 504 4467 Abarin.
522 4415 573 4464 lv.
593 4415 608 4478 5
628 4419 666 4465 17.
683 4412 806 4481 irrogabo
830 4417 889 4472 ποτε
908 4411 976 4483 περὶ
994 4411 1145 4475 Δάνδαμιν
1162 4411 1349 4475 πεπεμμέτοις

149 4496 259 4556 ’Ἰνδοῖς
276 4497 345 4565 πρὸς
362 4495 570 4564 κέν’Καέοιιρα.
