3160 4972
698 309 770 414 'soi

182 540 219 606 ln
251 537 367 602 ricinia
396 553 497 622 quum
529 535 639 602 Cicero
668 536 819 604 dixisset:
849 538 930 616 Quid
953 557 1009 622 epo
1032 555 1111 624 quoe
1136 537 1221 622 osopi
1246 533 1327 620 Cyro

136 645 186 712 illi
206 643 343 733 principi
364 642 559 728 interpretati
582 651 653 708 sunt
676 664 716 709 ee
742 642 874 711 bisontis
893 643 1030 711 Persicis
1046 643 1234 730 proseroml
1256 650 1328 728 post

138 771 239 840 pauca
271 751 316 816 ita
348 748 468 835 pergin
499 748 527 814 ei
559 770 667 837 mnpos
694 749 814 817 discisso
837 749 936 838 [quod
958 769 1062 836 gestus
1085 747 1267 835 sapientum
1292 755 1327 813 et

137 857 305 925 doctorum
334 853 513 921 habebatur
543 855 575 920 in
608 856 728 945 Persis]
750 857 894 924 -XXX
918 879 1015 924 conos
1042 856 1160 944 Cyrum
1181 863 1326 941 repostu-

137 985 208 1030 rum
229 957 304 1030 ess'e.
342 958 476 1030 Difficile
500 972 549 1027 est
572 958 652 1029 baec
676 962 746 1036 sine
768 963 838 1048 ‚risu
863 962 979 1050 legere.
1013 962 1102 1045 Quae
1126 959 1327 1047 magistellus

139 1068 250 1136 multis
279 1079 350 1156 post
379 1067 565 1134 Ciceronem
598 1066 737 1134 saeculis
764 1069 797 1135 in
831 1088 886 1136 ora
918 1069 969 1134 sui
997 1067 1071 1134 libri
1094 1073 1325 1144 annotaverit,

138 1176 325 1263 ris''pueris
349 1173 460 1253 utilia,
484 1193 521 1239 ea
543 1193 629 1240 nuuc
649 1174 789 1258 Quintus
809 1173 919 1242 Cicero
938 1193 1012 1242 cum
1032 1193 1148 1260 magna
1167 1173 1327 1259 gravitate

139 1281 271 1350 lratrem
306 1280 448 1346 Martum
481 1278 595 1347 docere
626 1279 666 1346 ab
699 1279 882 1347 bosninibus
913 1279 1016 1348 doctis
1039 1279 1205 1359 ereditur,
1232 1276 1328 1365 idque
1411 1365 1413 1370 ,

139 1386 242 1456 alieno
267 1386 357 1465 loco,
381 1385 456 1472 quia
480 1405 588 1473 mcpos
612 1387 675 1452 iam
702 1396 778 1454 ante
802 1388 1035 1455 nominaverat.

185 1492 247 1562 Sed
272 1493 352 1559 leuia
377 1490 455 1560 bace
477 1500 554 1558 suut
580 1512 656 1579 prae
680 1492 745 1560 iilis
770 1513 852 1581 quae
876 1496 908 1562 in
935 1497 952 1581 §
979 1499 1022 1563 30
1041 1491 1160 1561 sciolus
1180 1489 1327 1577 designa·

140 1601 187 1668 rit
216 1609 249 1666 et
278 1598 399 1666 eruditi
432 1598 492 1664 viri
522 1618 720 1686 concoquere
747 1608 947 1686 potuerunt..
966 1599 1107 1681 Quintus
1129 1597 1169 1665 ad
1193 1595 1327 1664 fratrem

141 1707 304 1793 Augurem
338 1703 503 1792 pubiicum
534 1705 578 1770 ita
610 1704 706 1772 dicit:
744 1707 851 1784 Ouid?
884 1705 996 1774 Lituus
1023 1707 1082 1774 iste
1105 1715 1205 1772 uester
1231 1702 1330 1794 [qssod

140 1811 358 1880 clarissimum
394 1820 443 1878 est
476 1810 602 1897 insigne
631 1813 824 1901 auguratus]
863 1813 946 1879 unde
974 1812 1061 1880 uobis
1091 1821 1136 1879 est
1170 1809 1329 1876 traditus?

140 1917 257 2006 Nempe
288 1939 323 1983 eo
349 1916 501 1984 Romulus
524 1917 668 2005 sepientes
690 1918 808 1985 direxit
831 1928 898 1985 tum
921 1939 1018 2006 quum
1036 1918 1149 1984 'urbem
1173 1916 1331 1984 condidit:

140 2025 195 2114 qui
217 2023 344 2112 quidem
368 2021 495 2090 domnoli
518 2023 615 2090 lituus
642 2023 760 2113 [idest
785 2027 955 2091 incautum
981 2033 1014 2091 et
1032 2023 1147 2090 leviter
1166 2042 1183 2087 a
1205 2041 1332 2088 summo

142 2131 297 2200 iubenum
323 2128 490 2207 bacillum,
515 2128 599 2216 quod
624 2128 664 2194 ab
688 2131 758 2198 cius
782 2129 856 2197 litui
881 2151 944 2218 quo
971 2131 1102 2198 canitur
1121 2126 1335 2196 similitudine

142 2257 257 2304 nornen
282 2234 418 2326 inuenit]
444 2257 542 2322 ossum
566 2237 644 2301 situs
667 2246 745 2302 esset
767 2237 800 2302 in
823 2238 912 2304 eurio
936 2237 1112 2316 Saliorum,
1135 2257 1215 2324 quoe
1234 2243 1280 2300 est
1299 2234 1333 2300 in
1467 2304 1471 2310 ,

146 2341 285 2418 Polotio,
311 2361 406 2428 euque
424 2340 678 2428 deslopsouisael,
702 2342 847 2409 inuentus
863 2352 909 2409 cot
925 2344 1056 2429 inteper.
1093 2343 1243 2418 Marcus,
1264 2359 1334 2408 cre·

143 2447 203 2526 dn,
239 2447 267 2512 si
298 2445 376 2513 baec
406 2467 445 2513 es
476 2446 579 2514 fratre
610 2446 807 2529 audivisset,
838 2457 895 2515 ant
919 2449 1080 2536 erupisset
1103 2449 1137 2514 in
1160 2445 1335 2515 cachinnos

144 2561 200 2620 aut
231 2551 391 2619 hominem
423 2561 555 2641 repente
587 2554 760 2622 insaniisse
788 2563 943 2642 putasset.
994 2553 1096 2636 Quid?
1133 2555 1182 2621 Tu
1217 2555 1334 2641 auguri

144 2659 228 2726 serio
259 2658 407 2726 narrabis
438 2667 618 2745 auguratus
648 2660 775 2746 insigne
806 2681 875 2727 esse
905 2659 1045 2737 lituum,
1074 2668 1107 2726 et
1130 2658 1228 2726 addes
1252 2679 1335 2747 quae

144 2765 215 2834 litui
239 2764 343 2831 foruna
367 2766 410 2831 sit
434 2775 466 2830 et
488 2763 573 2832 unde
597 2785 712 2834 nunucn
738 2765 918 2834 iurauerit?
945 2763 1036 2832 Haud
1059 2763 1124 2832 vidi
1149 2767 1264 2852 magis.
1298 2765 1333 2834 Si

143 2874 217 2960 quis
241 2871 320 2939 baec
342 2871 424 2959 ferri
444 2891 535 2958 posse
558 2870 730 2939 contendet
750 2854 784 2938 et
810 2873 1022 2940 reverentiam
1048 2871 1255 2959 antiquitatis
1275 2873 1333 2938 im·

145 2977 298 3068 plorabit,
323 2976 400 3044 hnic
418 2997 476 3064 ego
488 2987 604 3046 auctor
625 2998 696 3044 suns
719 2987 756 3046 ut
776 2981 844 3067 ipse
865 2979 896 3045 iu
918 2976 1087 3045 scribendo
1107 2976 1228 3066 aliquid
1249 2979 1334 3046 eius·

144 3083 305 3154 desnmodi
327 3082 445 3151 addere
464 3083 600 3164 audeat,
620 3083 675 3152 sed
696 3094 872 3172 expunget,
893 3094 942 3151 sat
962 3084 1042 3163 scio,
1064 3104 1167 3172 neque
1182 3085 1213 3150 iu
1228 3082 1333 3153 lucem

146 3191 289 3281 proferre
318 3191 504 3258 sustinebit.
540 3189 603 3257 Sed
636 3211 765 3278 parcam
799 3190 904 3258 serbis
936 3210 976 3257 ne
1005 3191 1264 3278 argumentando
1287 3192 1335 3261 rei

145 3298 361 3387 perspicuitas
384 3296 537 3364 elevetur

191 3402 260 3473 lbsd
284 3403 309 3470 1
342 3408 427 3490 §49
457 3403 491 3468 in
515 3403 640 3469 somnio
666 3401 872 3470 Hannibalis:
895 3402 987 3469 deum
1010 3403 1206 3490 respondisse
1233 3403 1336 3472 Vesti-

147 3520 242 3578 lolem
264 3531 331 3577 esse
353 3508 467 3577 llclioe
488 3510 742 3598 praecepisseque
764 3519 799 3575 ut
814 3519 959 3595 perperci
977 3509 1138 3594 prolium:
1161 3509 1239 3597 quid
1254 3521 1336 3578 retro

150 3617 262 3706 [atque
293 3635 310 3684 a
342 3615 446 3704 tergo]
473 3616 567 3703 ficret
590 3637 628 3682 ne
652 3615 818 3683 laboraret.
855 3615 891 3682 ln
915 3614 966 3682 his
990 3614 1157 3682 Ciceronis
1181 3614 1275 3682 stilus
1299 3637 1338 3684 ex

148 3721 246 3789 Caelii
270 3722 449 3809 Antipatri,
474 3741 569 3808 quesn
593 3723 760 3809 sequitur,
788 3723 893 3810 prisca
917 3732 950 3790 et
970 3720 1101 3789 barrida
1122 3721 1265 3789 orations
1283 3741 1337 3789 co-

149 3826 250 3894 lorent
280 3826 392 3906 duxit,
422 3837 455 3894 et
486 3825 635 3894 Caeliana
667 3838 744 3895 sunt
772 3837 916 3917 perperci
948 3849 1110 3908 rsorsnus,
1142 3827 1220 3916 quid
1243 3847 1338 3895 nuno

148 3934 242 4022 [ieret
264 3955 303 4000 nn
325 3933 502 4000 laboraret:
524 3933 666 4000 ἐκέλευσε
689 3933 822 4017 πρόσω
849 3943 979 4018 χωρεῖν,
1011 3941 1069 4000 τῶν
1094 3935 1125 4000 dl
1149 3933 1338 4014 insolentiis

147 4039 324 4124 φροντίζειν.
361 4039 425 4107 Cur
448 4040 550 4126 igitur
570 4039 702 4106 additur
725 4061 820 4108 serso
848 4039 894 4130 [at
917 4060 936 4107 a
962 4039 1089 4128 tergo]i
1115 4039 1270 4107 Additum
1290 4049 1340 4110 est

149 4147 356 4233 id'uuideun,
382 4144 437 4215 sed
463 4165 525 4212 non
550 4167 568 4213 a
594 4146 756 4214 Cicerone.

194 4252 274 4320 lbid.
304 4257 328 4319 1.
362 4256 458 4340 §bd
502 4251 535 4320 0.
570 4251 728 4320 &ecelsis
759 4251 869 4319 mullis
899 4252 983 4318 dicit
1006 4291 1051 4303 -
1074 4249 1133 4317 sibi
1159 4251 1194 4317 io
1223 4254 1341 4319 ιιιιιιιίι

149 4371 345 4436 aususausus
367 4379 496 4426 ransart.
518 4358 564 4426 Ti.
578 4363 581 4370 '
597 4361 733 4446 [rubens
763 4358 866 4424 nisum
896 4363 963 4426 esse
985 4358 1102 4436 dicere,
1127 4377 1223 4445 quam
1249 4357 1343 4427 vellet

151 4473 378 4548 cunctaretur,
404 4474 513 4533 tamen
534 4463 644 4533 eodem
665 4464 726 4531 sibi
748 4463 811 4532 leto
831 4483 895 4551 quo
915 4465 983 4552 ipse
1004 4463 1165 4531 interisset
1188 4483 1258 4530 esse
1270 4482 1341 4554 per·

1162 4572 1195 4618 so
