3150 4972
719 411 764 486 bt

153 609 289 692 ἧμερῶνι
318 618 442 678 veteres
466 612 497 675 ἐν
522 618 593 682 ταῖς
618 612 745 692 ἐιρσιιῒς.
766 646 811 662 -
831 617 1003 691 νεουρρεῖςι
1032 609 1141 694 putide
1162 609 1285 676 dicium
1308 606 1347 674 de

152 717 264 783 calceis
298 737 355 802 pro
382 716 502 790 κιιινιός.
530 719 547 801 §
572 719 603 782 2.
631 717 686 792 την
718 723 865 796 γλῶτταν
900 716 1120 795 beuuarriam:
1157 737 1215 804 pro
1246 715 1345 783 adero

152 821 356 889 valdolenum
382 842 442 889 non
469 819 641 888 admodum
676 821 780 908 lepide
803 825 955 909 positum.
980 859 1025 872 -
1050 823 1200 897 δικνιόκςι
1233 820 1345 910 supple

152 935 206 1003 τῆς
233 927 380 1000 brucciae.
783 924 792 942 '

196 1032 301 1120 Epist.
330 1038 383 1100 58.
409 1033 561 1112 lindenbr
585 1033 770 1114 ιόγενησσνςι
798 1032 933 1100 debebat
955 1035 1088 1115 ψευδεῖς.
1112 1032 1211 1099 ψσόι
1235 1035 1285 1097 νῦν
1308 1031 1343 1107 δη

151 1145 255 1206 raim
288 1159 362 1206 cum
395 1140 515 1219 βόσκων
547 1139 821 1224 coniungendum.
856 1140 980 1219 βόσκειν
1013 1148 1136 1205 veteres
1168 1158 1241 1204 curu
1267 1157 1343 1202 eon-

153 1253 255 1311 terutu
280 1245 430 1312 dicebant
453 1254 485 1312 et
509 1244 738 1312 contumeliose
763 1245 828 1313 lere
852 1245 892 1312 de
915 1246 970 1320 iis,
996 1245 1114 1333 quibus
1137 1244 1289 1312 alimenta
1310 1250 1343 1309 el

151 1369 277 1418 tneroes
301 1353 344 1418 ita
369 1351 530 1418 dabantur
552 1361 586 1418 ut
608 1353 715 1417 omnio
734 1351 989 1437 obsequerentur
1009 1359 1041 1416 et
1059 1359 1229 1438 parerent,
1256 1347 1340 1437 quod

150 1457 247 1523 etiam
284 1477 385 1545 qrrunr
418 1458 487 1525 sine
519 1457 642 1542 llagitio
668 1457 757 1524 deret
782 1467 889 1523 tannen
914 1455 1022 1522 odiose
1047 1455 1215 1523 dicebatur
1238 1463 1271 1522 et
1295 1455 1341 1521 vi·

150 1559 287 1629 debatur
318 1563 516 1650 exprobrari.
564 1563 679 1632 Odiose
710 1563 865 1629 dicuntur
891 1563 950 1628 viri
981 1562 1260 1644 concederetur,
1285 1581 1341 1649 pa·

151 1675 214 1734 tres
239 1669 372 1748 liberor,
405 1689 497 1755 reges
522 1671 696 1758 parasitos,
728 1676 888 1737 amatores
921 1679 1042 1736 scorto:
1072 1668 1105 1736 bi
1129 1688 1241 1736 omnes
1271 1668 1341 1734 sine

149 1775 346 1842 contumelia
370 1775 496 1843 eosdem
520 1775 644 1860 τρέφειν
666 1773 832 1843 dicuntur.
868 1775 1042 1842 bonusest
1068 1775 1100 1842 ln
1122 1777 1341 1844 dntsrornenrs

152 1876 262 1970 Vespie
285 1901 332 1947 rs
361 1886 439 1948 311:

331 1988 365 2054 rl
387 2011 428 2067 με
449 1988 535 2064 δῆτ’,
559 1984 580 2052 ὦ
604 1987 705 2067 nenda
729 1995 848 2070 μῆτερ,
871 1986 1011 2064 ἔτικτες,

331 2090 368 2160 ἐν’
391 2093 458 2173 ἐμοὶ
483 2091 666 2176 πράγματα
688 2092 813 2173 βόσκειν
836 2094 988 2178 πσιρέχης.

148 2219 242 2286 quent
271 2219 366 2266 nertio
390 2219 544 2287 unoquanr
570 2199 739 2266 intellexit.
789 2201 978 2286 Distingue:
1094 2279 1096 2286 Ι

332 2307 346 2372 ό
370 2314 467 2380 nuic:
494 2305 531 2372 τό.
547 2329 587 2384 με
612 2307 697 2386 δῆτ’,
722 2303 744 2372 ὦ
767 2307 870 2386 nenio
893 2315 1010 2388 μῆτερ,
1033 2303 1168 2380 drances:

332 2411 345 2476 ό
370 2413 494 2494 narde:
520 2409 556 2478 ἵν’
580 2412 646 2491 ἐμοὶ
671 2411 851 2494 νιριόγμνισσι
874 2413 999 2493 βόσκειν
1022 2411 1175 2498 ιιιιρέχηε.
1286 2501 1293 2506 ¹

150 2513 264 2582 ultirna
288 2516 476 2603 explicanda
501 2527 577 2584 sunt
600 2538 639 2584 ex
663 2517 825 2584 similibus
848 2518 941 2594 locis,
966 2517 1071 2605 qualis
1090 2526 1140 2584 ost
1157 2515 1242 2604 apud
1265 2517 1339 2584 Peu-

148 2641 246 2688 rnnett
274 2621 304 2686 in
332 2621 498 2690 Phaedone
520 2644 551 2710 p.
579 2631 651 2692 tte.
675 2642 703 2690 a.
729 2625 811 2691 δοκεῖ
839 2625 901 2706 nole
925 2625 1050 2706 βέλτιον
1078 2619 1155 2690 eleon
1179 2623 1338 2703 λινσὲριε·

147 2753 193 2795 νιν
217 2737 299 2795 πιεῖν
330 2731 366 2796 τό
397 2729 565 2813 φάρμιικσν
596 2731 648 2796 nel
671 2732 716 2810 μη
741 2729 923 2813 ιιριὶγμιιτιι
946 2739 1017 2803 reric
1041 2727 1165 2809 γυναιξὶ
1189 2729 1339 2813 σιιιρὲχειν

147 2837 247 2918 νεκρόν
271 2833 379 2901 λούειν.
427 2834 471 2901 Gl.
498 2835 666 2923 Cyrcpued.
691 2835 744 2901 tv.
768 2857 798 2902 v.
824 2841 877 2904 tu.
898 2875 942 2886 -
963 2838 1018 2908 de:
1046 2844 1078 2902 et
1103 2834 1156 2902 hic
1177 2834 1246 2922 lege
1266 2832 1335 2904 dre.

148 2945 165 3027 ς
185 2947 218 3006 2.
242 2949 348 3014 κρινεῖς
371 2943 568 3031 κεχρημεόιιι
604 2942 669 3008 ltno
692 2943 847 3023 χρώμεθα.
876 2946 893 3029 §
917 2949 948 3010 5.
972 2941 1066 3024 τρέριε
1088 2941 1188 3007 δακὼν
1210 2942 1245 3008 τό
1268 2948 1339 3023 χεῖ-

146 3063 220 3122 ner:
250 3047 402 3112 usitatius
425 3049 564 3114 indende.
588 3085 634 3098 —
656 3049 770 3115 τούτων
792 3044 855 3123 ele:
882 3048 951 3136 lege
973 3048 1109 3115 rovruel.
1134 3083 1178 3097 ·-
1195 3045 1339 3127 ὁπλομά-

146 3177 205 3237 χος
229 3153 283 3219 nal
308 3153 428 3234 ιέριΐιόςι
456 3154 580 3240 poetica
606 3163 691 3220 sunl.

192 3259 295 3346 Epist.
321 3261 375 3324 59.
400 3262 471 3326 κατ’
494 3259 585 3341 όνιιρι
621 3269 746 3326 centurn
771 3267 821 3326 est
844 3260 914 3343 όνιιρ
945 3279 1015 3326 esse
1040 3259 1223 3328 dicendum.
1271 3257 1340 3326 Non

148 3375 256 3432 tanren
284 3366 497 3433 Aootrnnonrn
521 3365 597 3432 buic
621 3365 733 3452 culpae
757 3363 885 3432 affinem
910 3385 981 3432 csse
1005 3365 1165 3444 arbitror,
1187 3363 1242 3432 scd
1267 3367 1339 3431 κκσ·

147 3471 218 3553 όνιιρ
241 3470 353 3537 lectori
381 3469 510 3548 deberi,
543 3472 595 3536 cui
630 3470 750 3538 ἐδόκουν
774 3491 835 3536 nnn
862 3479 930 3538 erat
955 3472 1044 3538 salis.
1069 3475 1086 3556 §
1109 3475 1141 3537 2.
1169 3471 1340 3551 occumbere

148 3603 181 3644 ιε
211 3577 277 3666 [uel
302 3573 391 3666 εἶναι]
420 3576 504 3642 nerei
528 3577 582 3652 την
603 3578 706 3653 Ἴδηνι
734 3575 837 3644 abiise
861 3577 1050 3664 interpolata
1077 3574 1183 3644 verba.
1233 3576 1268 3644 ln
1294 3595 1342 3642 se·

149 3683 323 3770 quenlibus
356 3682 524 3749 Metuentes
548 3681 684 3748 subinde
709 3683 839 3749 vitiosas
869 3683 1062 3750 lectionesa
1089 3681 1201 3748 Veneto
1232 3680 1342 3748 codice

150 3790 292 3876 recepit,
326 3807 408 3874 quae
442 3807 514 3854 inor
546 3787 585 3854 de
616 3786 684 3854 loco
716 3788 910 3857 delicientur
940 3799 972 3856 ot
1003 3787 1243 3856 revocabuntur
1275 3788 1341 3856 ἐσι-

150 3895 297 3970 arrodere,
331 3893 444 3975 ψιιύειν
469 3904 501 3960 el
524 3893 739 3975 ἐξηγειρόμην,
772 3895 856 3981 quod
883 3897 914 3960 in
940 3893 1113 3979 ἐξηγρόμην
1137 3904 1186 3961 est
1212 3904 1342 3962 utulen-

151 3999 237 4068 dutn.
265 4005 313 4084 §5
339 3999 487 4082 πελάζειν
513 4019 528 4066 a
556 4009 698 4066 veterum
726 4001 898 4066 Atticorum
926 4021 984 4067 usu
1011 4001 1103 4087 plane
1127 3999 1341 4080 abborrel,u

153 4109 252 4192 poetis
277 4115 422 4172 sumtum
446 4113 507 4183 est,
535 4105 618 4173 uude
641 4107 791 4173 Graeculi
817 4107 918 4172 urulta
943 4116 1151 4184 mutuantur,
1177 4126 1259 4193 quae
1280 4105 1342 4174 ire·

151 4215 261 4297 quenti
284 4233 344 4278 usu
370 4213 514 4278 omniurn
541 4215 617 4280 trita
642 4215 674 4278 iu
701 4232 905 4280 cornnruueur
930 4213 1073 4299 linguent
1097 4221 1341 4300 receptarunt,

154 4319 243 4402 quale
268 4325 315 4383 est
342 4315 418 4382 illud
445 4319 548 4405 ipsunt
575 4318 774 4397 ἐπισσόνσσι,
799 4317 882 4406 quod
907 4318 1080 4406 praecedit.
1128 4317 1225 4384 Attici
1248 4316 1340 4384 ιιέτι-
1462 4392 1466 4400 ,

155 4445 211 4498 μκι
242 4431 273 4490 el
305 4421 443 4505 ἐπτόμην
474 4423 605 4502 dicunt,
640 4425 753 4492 Poetae
785 4425 945 4504 νιέσσριιιι,
982 4423 1078 4500 ἕκτην
1107 4432 1139 4492 el
1173 4421 1340 4504 ἑπόμην,
