3086 4974
815 352 888 427 476

250 564 347 623 turno
370 561 402 620 et
427 557 522 620 acuta
547 545 768 616 observatione
793 546 888 616 latet
912 547 944 613 iu
965 545 1167 616 emendando
1187 547 1429 630 lateralium·

250 661 324 742 ylr,
348 657 432 746 quud
457 655 563 723 idonei
589 651 712 722 ludices
735 673 847 721 onmes
871 651 1088 723 admirantur.
1138 655 1284 734 liastius,
1318 655 1370 742 qui
1401 653 1429 718 in

249 764 421 832 Codicibus
452 761 583 829 Graecis
612 759 812 827 excutiendis
841 768 978 826 actatcrn
1004 761 1181 846 transegit,
1212 763 1288 849 quia
1311 759 1432 846 ingenio

250 878 336 938 carel
370 879 402 936 et
431 867 636 950 ἀπειρόκαλος
668 866 705 932 cis
734 867 766 933 in
799 865 1013 952 scriptoribus
1037 865 1121 935 lectu
1148 866 1291 953 indignis
1314 884 1433 954 semper

251 976 499 1058 laureandum,
524 994 586 1040 non
610 970 688 1039 iecit
707 990 822 1059 operae
846 973 1010 1059 pretium,
1033 992 1137 1060 neque
1155 981 1311 1060 generosa
1332 975 1433 1038 iuren-

252 1085 333 1151 tutis
357 1091 486 1170 pectora
511 1077 714 1147 inflammare
738 1085 853 1166 potest.
900 1078 1061 1146 Porsonus
1081 1087 1194 1146 contre
1216 1079 1295 1166 legit
1316 1097 1434 1158 omnes,

251 1188 306 1256 sed
329 1191 360 1254 in
380 1185 639 1276 praeclarissimo
659 1203 786 1271 quoquc
805 1185 972 1271 experitur
986 1187 1167 1272 ingenium,
1190 1193 1223 1254 ct
1244 1194 1310 1253 tum
1331 1202 1436 1252 severo

252 1295 379 1364 delectu
402 1295 506 1361 utitur
532 1299 567 1357 ut
587 1289 681 1356 lacile
698 1290 820 1356 sentias
837 1309 911 1357 curn
925 1290 965 1357 de
978 1310 1094 1378 magua
1114 1293 1205 1380 copia
1225 1287 1347 1374 ὅτιπερ
1370 1289 1436 1372 lde·

252 1417 303 1476 νος
327 1400 380 1470 καὶ
400 1397 486 1475 ἄνθος
506 1395 658 1464 delibare.
694 1395 796 1478 Quem
817 1394 966 1484 equidem
989 1398 1022 1464 iu
1043 1397 1103 1466 hac
1123 1406 1209 1466 certe
1228 1415 1265 1466 rc
1284 1395 1435 1466 aemulari

251 1506 402 1585 studens,
427 1513 463 1573 ut
487 1502 572 1592 apud
597 1499 746 1571 Ovidium
771 1509 839 1579 est,

754 1607 825 1674 noui
848 1607 978 1677 meliora
999 1611 1174 1699 multoque,

477 1716 630 1783 deteriora
653 1735 776 1802 aequm.

298 1823 450 1892 llcditunr
487 1823 520 1888 in
551 1821 718 1889 Graeciam
753 1819 834 1888 milri
859 1820 985 1890 ducilem
1012 1822 1140 1912 parabit
1164 1822 1332 1891 Ciceronis
1357 1822 1438 1890 locus

252 1935 285 1999 in
310 1930 443 2019 epistole
467 1928 507 1997 ad
532 1929 698 2005 Atticum,
725 1925 778 1993 ubi
803 1927 916 1995 Graeci
942 1937 1052 2016 poetae
1076 1928 1173 1996 verbu
1195 1950 1212 1995 a
1234 1929 1354 2017 scrilris
1373 1949 1438 1996 ccr-

254 2044 349 2125 rnptn
382 2054 510 2103 omncrn
553 2033 612 2100 luci
650 2033 843 2100 sententiani
885 2034 1184 2120 pessumdederunt.
1233 2035 1437 2103 Prnenrittau

254 2143 354 2220 locos.
377 2141 460 2209 unde
475 2139 553 2208 mihi
571 2137 753 2206 emendatio
770 2139 801 2204 in
821 2148 961 2208 mentem
979 2142 1115 2209 venerit.
1143 2140 1302 2208 Pindarus
1314 2141 1439 2229 (lragn.

256 2249 382 2317 lxxii.
407 2247 538 2338 Bergk.)
563 2245 603 2314 ad
628 2263 736 2331 regem
764 2245 934 2314 Hieronem
962 2248 1008 2314 ita
1031 2247 1170 2318 dixerat:

550 2353 646 2426 Σύνες
669 2346 688 2415 i'
707 2373 752 2418 ror
775 2352 878 2432 λέγω,
901 2353 1013 2436 ζαθέων
1032 2355 1114 2436 ἱερῶν

548 2459 697 2540 ἐπώνυμε,
714 2457 831 2542 πάτερ,
854 2459 956 2545 erinon
980 2459 1114 2540 Αἴτνας,

256 2587 338 2656 quae
362 2566 634 2649 reservaremur
656 2563 889 2654 Aristophanes
915 2567 947 2632 in
972 2567 1092 2634 Auidus
1116 2587 1164 2635 vs.
1179 2571 1245 2635 926
1269 2587 1341 2654 sqq.

549 2673 588 2740 νῦ
612 2673 643 2740 δὲ
666 2673 766 2756 πάτερ
791 2673 895 2755 nslrop
918 2672 1035 2748 Αἴτνας

549 2777 660 2860 ζαθέων
683 2781 765 2864 ἱερῶν
779 2779 943 2861 dacicum,
967 2815 1013 2832 -

551 2884 637 2960 σύνες
662 2881 681 2953 i
700 2910 746 2954 ret
768 2884 865 2966 λέγω.

300 2993 382 3060 Hinc
407 2991 496 3058 Plato
527 2990 559 3056 in
583 2990 713 3059 Menoec
743 3013 775 3080 p.
803 2996 857 3060 tu.
893 3012 922 3060 n.
956 2992 991 3059 ἐκ
1011 2992 1126 3062 τούτων
1150 2991 1185 3070 tt,
1208 2992 1324 3070 σύνες
1347 2992 1442 3062 ὅταν

254 3099 379 3181 λέγω,
403 3098 464 3183 ἔφη
487 3088 649 3182 ilicitanae,
684 3107 717 3165 et
748 3098 782 3164 in
814 3096 1115 3185 Phoenicopteri.
1142 3119 1171 3166 u.
1193 3099 1286 3180 ἐσμὲν
1310 3099 1343 3166 δὲ
1367 3100 1441 3180 pelo

255 3207 286 3274 ἐν
309 3206 440 3291 ἐρημίᾳ,
464 3203 658 3289 ἰσχυρότερος
682 3204 708 3271 δ’
726 3205 788 3286 ἐγὼ
812 3204 864 3272 καὶ
885 3205 1040 3290 νεώτερος·
1064 3206 1100 3272 ἐκ
1120 3204 1148 3271 δ’
1167 3205 1315 3273 ἁπάντων
1332 3205 1442 3274 τούτων

254 3310 368 3384 univer
392 3305 411 3375 δ’
430 3333 490 3377 τον
513 3311 626 3392 λέγω.
662 3310 746 3380 dudi
771 3330 858 3378 nuuc
876 3310 1063 3380 Ciceronem
1076 3311 1115 3378 ll.
1138 3314 1202 3397 §ln
1228 3310 1305 3378 Cum
1323 3312 1443 3398 paunt-

253 3416 344 3484 rimia
362 3416 480 3484 alicubi
500 3417 694 3498 occultabun-
714 3425 796 3486 certe
815 3415 887 3485 diuo
905 3417 975 3484 iulia
986 3417 1183 3485 invitissimis
1196 3417 1341 3497 malello,
1355 3427 1444 3504 atquc

252 3522 372 3590 utinum
386 3523 429 3591 nd
454 3523 638 3592 Curionem!
662 3525 726 3593 Σὺν
746 3523 800 3606 θεῷ
823 3546 869 3590 ror
897 3524 993 3604 λέγω.
1040 3523 1174 3612 Mopsus
1197 3523 1286 3590 dolor
1309 3523 1442 3591 messit.

254 3629 421 3720 Efficiatur
436 3630 559 3719 aliquid
581 3630 712 3717 diportm
735 3631 846 3696 codic
868 3629 984 3697 Vidcu‘
1012 3651 1055 3708 eu¹
1077 3637 1443 3698 CTNeCOTOIAern

252 3735 357 3805 literis
377 3746 458 3804 eco
478 3737 510 3802 in
530 3746 624 3803 oen
643 3735 778 3804 mutatis
791 3735 954 3824 vulgatam
976 3753 1074 3804 sensu
1086 3756 1221 3805 vacuam
1234 3756 1305 3804 esse
1318 3731 1441 3804 natam?

256 3840 371 3910 Cicero
394 3862 497 3931 neque
523 3841 699 3910 Pindarum
722 3841 863 3928 legerat,
889 3862 993 3930 neque
1013 3842 1279 3931 Aristophanem,
1304 3841 1359 3910 sed
1381 3840 1442 3906 Pla·

252 3949 341 4016 tonis
362 3948 460 4016 libros
491 3958 523 4018 et
556 3947 738 4017 Phaedrum
771 3949 893 4038 optime
925 3958 1069 4018 noverat.
1119 3949 1201 4017 llinc
1226 3950 1327 4036 igitur
1350 3965 1441 4016 suurn

252 4053 341 4146 σύνεςΙ
364 4051 383 4120 i'
402 4077 448 4124 ru
476 4053 562 4136 tipo
594 4054 755 4143 arripuit,
788 4075 870 4142 quac
905 4075 1059 4142 maguum
1080 4055 1209 4144 aliquod
1232 4054 1360 4123 lacinus
1384 4053 1441 4120 mi·

253 4161 362 4228 nantis
394 4161 498 4230 oratio
527 4170 586 4230 est.
634 4160 745 4230 Cicero
776 4169 924 4249 expectat
955 4162 1130 4230 adrentum
1164 4161 1294 4230 Antonii
1326 4158 1438 4230 etuas

124 4262 134 4278 '
254 4267 360 4335 minas
386 4268 474 4337 iacit.

298 4374 391 4442 Nunc
416 4373 605 4442 Ciceronem
627 4372 666 4441 de
685 4373 835 4442 manibus
852 4371 996 4463 depono,
1014 4383 1047 4443 et
1068 4394 1168 4444 unum
1191 4347 1317 4442 tantum
1341 4372 1439 4440 locum

254 4479 305 4546 lris
325 4477 462 4558 addam,
488 4479 542 4546 uti
564 4478 769 4567 proverbium
791 4479 950 4548 Graecum
972 4482 1004 4547 in
1026 4481 1139 4550 Latino
1159 4481 1241 4550 libro
1264 4480 1346 4550 male
1364 4475 1440 4546 mul·
