3178 4972
770 421 793 491 3

177 613 389 682 doctissimos
408 614 495 680 viros
511 612 569 683 diu
580 614 738 692 luserint,
760 621 792 680 at
813 611 890 702 qnid
913 614 952 680 iis
971 610 1089 689 iacias,
1109 612 1165 700 qui
1185 612 1270 701 apud
1285 611 1378 679 Srm·

178 741 282 787 nortun
305 720 363 787 ΙΙΙ.
391 741 420 807 p.
445 725 518 787 lii.
543 723 598 797 τήν
618 722 802 788 doetrinae
826 718 974 786 dederint
996 737 1054 805 pro
1077 719 1294 796 decennitates,
1319 724 1377 784 aut

178 827 217 893 in
244 826 407 892 Anrrmrm
431 825 517 892 dicto
541 825 625 912 apud
650 825 737 891 Sron.
768 825 883 892 Florii.
909 825 1001 892 CXX.
1028 828 1070 889 δῶ
1094 827 1150 902 τήν
1174 827 1209 892 ἐκ
1232 823 1376 897 Κιλικίας

177 934 268 1016 αὐτῷ
291 932 457 1012 γενομένην
478 933 521 1005 εἷς
545 934 676 1008 Ἀθήνας
696 930 923 998 εὐπάθειαν
948 950 1005 1017 pro
1027 928 1186 998 εὔπλοιαν.
1225 932 1376 1017 Arguunt

182 1037 218 1104 lri
242 1036 324 1116 loci,
350 1036 434 1124 quod
459 1037 622 1104 innumeri
647 1035 702 1103 alii
729 1037 941 1115 confirmant,
970 1037 1002 1102 in
1027 1036 1165 1102 vetustis
1189 1034 1281 1102 libris
1303 1045 1375 1102 ET-

178 1152 348 1211 ΠΛΘΙΑΝ
373 1151 405 1209 et
428 1153 706 1211 ΛΝΤΙΠΑΘΙΑΝ
729 1141 826 1209 scribi
856 1141 958 1209 solere
981 1161 1039 1229 pro
1061 1165 1161 1222 -ειαν,
1186 1161 1287 1229 qnare
1312 1161 1374 1207 non

179 1255 234 1314 est
256 1247 498 1335 trepidandum,
531 1249 713 1336 siquando
745 1249 922 1337 perveterts
954 1249 1136 1335 scripturae
1168 1249 1303 1334 vestigia
1328 1247 1374 1312 ri-

181 1355 304 1432 meris,
329 1374 430 1440 quum
452 1379 461 1420 ι
483 1354 586 1422 solum
611 1362 761 1442 apparet,
787 1354 838 1421 ubi
864 1378 890 1420 ει
915 1355 1067 1422 Graecum
1090 1364 1150 1422 est.
1189 1356 1293 1421 Prosit
1313 1353 1373 1420 boc

180 1461 313 1537 Lissen,
346 1459 429 1548 apud
462 1481 558 1548 quem
589 1481 675 1526 nunc
702 1459 789 1529 Orot.
817 1461 874 1528 tx.
903 1463 920 1544 §
948 1465 967 1524 2
993 1479 1068 1526 reus
1092 1461 1139 1528 sic
1163 1460 1203 1527 ad
1227 1460 1370 1526 iudices:

180 1569 209 1632 si
233 1565 336 1646 μέντοι
362 1566 444 1646 ὑμῶς
474 1565 585 1634 οἴονται
608 1567 646 1632 δι’
670 1566 830 1634 εὔνοιαν
855 1567 912 1633 ὑπὸ
936 1571 994 1631 πῶν
1017 1567 1169 1646 διαβολῶν
1193 1565 1372 1640 πεισθέντας

180 1672 457 1756 ”repetitioni
478 1696 537 1751 ριον
560 1676 615 1740 οὐκ
638 1671 677 1738 ῶν
701 1673 918 1752 θαυμάσαιμι,
943 1674 1071 1759 inepte,
1097 1681 1133 1739 ut
1157 1672 1239 1739 nihil
1261 1689 1371 1758 supra.

180 1777 306 1846 Novum
331 1787 381 1845 est
406 1777 464 1844 boc
487 1780 604 1853 edoctor
630 1798 748 1865 genus,
775 1799 837 1866 qtra
858 1777 952 1844 iudex
977 1778 1179 1845 innocentem
1205 1775 1371 1864 opprimit.

182 1883 311 1970 Repone
335 1885 489 1963 εὐήθειαν,
514 1883 598 1971 quod
621 1894 817 1953 ΕΤΗΘΙΑΝ
841 1886 998 1970 scriptum
1026 1886 1150 1972 peperit
1174 1882 1315 1949 ioculare
1336 1880 1371 1946 il·

180 1988 239 2055 lud
270 1987 396 2056 εὔνοιαν.
444 1987 563 2066 Εὖήθής
586 1997 619 2056 et
642 1991 764 2068 εῶήθεια
796 1991 829 2056 in
853 2009 890 2058 ea
922 2009 957 2056 re
991 1989 1067 2056 trita
1102 1997 1195 2069 sunt,
1227 1988 1274 2056 Gi.
1298 1987 1372 2054 Lm.

181 2095 256 2162 Xll.
283 2099 300 2180 s
324 2101 379 2162 87.
427 2095 670 2163 Eiusdemmodi
703 2096 870 2184 complura
901 2094 994 2162 iacile
1024 2104 1074 2162 cst
1096 2115 1134 2162 ex
1159 2093 1289 2162 assidua
1318 2091 1374 2180 ob3

180 2201 363 2268 servatione
387 2200 534 2268 codicum
559 2200 727 2288 colligere,
749 2201 867 2288 peribus
889 2202 973 2267 inest
997 2221 1034 2268 ea
1057 2200 1266 2280 πειθανήρκν,
1290 2215 1372 2285 quae

181 2315 289 2374 certas
307 2306 549 2374 emendationes
561 2307 601 2373 ab
620 2309 753 2374 incertis
770 2306 1026 2374 correctionibus
1042 2306 1225 2394 distinguit.
1257 2304 1372 2372 limen·

180 2412 271 2480 davit
294 2433 398 2500 nuper
421 2412 676 2499 pulcherrimum
701 2415 847 2480 Pasroms
865 2414 897 2478 in
918 2411 1091 2500 Protoporo
1109 2413 1214 2480 locum
1236 2411 1373 2478 Cinorus

183 2519 331 2600 anarr,
363 2519 418 2606 qui
453 2538 546 2586 verae
578 2521 710 2586 criticae
742 2519 869 2587 laudem
893 2519 978 2606 apud
1011 2518 1181 2607 populares
1203 2537 1278 2584 suos
1299 2516 1373 2583 viu·

181 2625 270 2692 dicat
291 2633 322 2690 et
347 2632 462 2690 tuetur.
481 2625 528 2712 (in
553 2622 694 2714 Proesnt.
724 2626 766 2691 ed
788 2624 873 2694 Plet.
896 2623 1079 2691 Pboedrum
1105 2646 1135 2712 p.
1160 2625 1221 2712 m),
1247 2620 1303 2690 sed
1326 2621 1372 2688 le·

181 2733 231 2798 vis
254 2751 364 2809 error,
389 2732 421 2798 in
442 2750 537 2818 quem
560 2730 745 2818 implicatus
768 2739 834 2810 est,
857 2732 913 2807 τήν
934 2729 1096 2813 ἐνάργειαν
1114 2729 1259 2798 sustulit.
1297 2729 1373 2794 Pm-

181 2857 268 2904 rorus
300 2836 395 2904 verba
429 2841 561 2904 suntin
587 2838 785 2904 Pnorroomr
817 2838 1010 2904 suavissima
1043 2836 1149 2902 tabula
1174 2856 1204 2923 p.
1230 2837 1306 2901 521.
1332 2835 1371 2900 A.

182 2945 255 3025 πρὸς
289 2944 349 3016 πῶς
382 2945 419 3009 ἐκ
451 2943 523 3018 Διὸς
555 2939 631 3024 ῶρας
664 2943 831 3027 εὐμάρειαν
862 2946 1048 3026 ἐμηχανᾶτο
1081 2943 1254 3026 ennecone
1285 2940 1371 3007 αὐτοὶ

181 3058 324 3124 πνιιναῖς’
337 3073 372 3114 πε
397 3047 469 3130 θριξὶ
493 3050 546 3115 κοιὶ
571 3057 682 3132 seponis
705 3049 850 3132 δέρμασιν
870 3051 986 3124 ἱκανοῖς
1008 3051 1066 3128 μὲν
1089 3050 1208 3129 ἀμῦναι
1230 3051 1372 3131 χειμῶνα

182 3159 322 3230 δυνατοῖς
348 3155 455 3222 δὲκαὶ
486 3155 642 3235 καύματα
672 3158 724 3222 καὶ
750 3158 792 3230 εἰς
816 3155 906 3230 εὐνὰς
937 3157 1030 3222 ἰοῦσιν
1061 3153 1141 3232 ὅπως
1171 3154 1304 3238 ὑπάρχοι
1328 3154 1373 3221 rel

182 3265 267 3332 αὐτοὶ
290 3269 398 3329 παῶπα
428 3263 548 3345 ςρωρινή
571 3261 669 3328 οἰκεία
692 3287 727 3328 τε
751 3261 803 3327 καὶ
828 3264 988 3340 αὐτοφυής
1014 3261 1190 3345 iodrensi
1216 3261 1288 3328 ὑπὸ
1311 3283 1370 3327 πο·

182 3372 238 3438 δῶν
260 3370 306 3437 τοὶ
328 3370 386 3448 μὲν
408 3369 523 3442 ὁπλαῖς
546 3369 589 3436 πα
612 3367 643 3434 δὲ
668 3366 740 3450 θριξὶ
764 3367 817 3436 καὶ
847 3367 975 3450 δέρμασι
1004 3375 1116 3448 rapacis
1140 3369 1193 3435 eal
1218 3367 1370 3447 ῶναήμοις.

184 3477 221 3544 lo
246 3475 298 3542 bis
322 3475 380 3540 ὑπὸ
404 3473 500 3541 ποδῶν
522 3483 677 3561 corrupta
699 3481 786 3540 sunt.
835 3473 912 3540 Rem
937 3492 998 3539 acu
1019 3475 1126 3559 tetigit
1151 3473 1292 3550 Bronrrr,
1316 3471 1372 3558 qui

183 3580 374 3649 brevissime
398 3580 418 3646 l.
443 3579 480 3646 l.:
508 3609 520 3638 ·
528 3599 585 3666 pro
609 3579 666 3646 dod
690 3580 785 3646 ποδῶν
809 3578 831 3647 l.
858 3577 999 3645 ὑποδέον.
1046 3578 1093 3646 Gi.
1117 3598 1216 3666 supra
1240 3581 1373 3662 αμφιον·

182 3689 256 3764 ni?
280 3697 313 3754 at
338 3681 433 3752 tiemo
456 3683 575 3752 dixerit
602 3684 760 3773 quomodo
790 3685 923 3752 ὑποδέον
946 3685 978 3749 in
1004 3684 1061 3751 ὑπὸ
1085 3685 1182 3751 ποδῶν
1205 3682 1375 3770 depravari

182 3794 338 3884 potuerit.
386 3790 590 3858 Athenienses
612 3798 720 3857 autem
748 3811 810 3857 non
838 3789 988 3858 dicebant
1012 3790 1142 3857 ὑποδέον
1166 3787 1221 3855 sed
1247 3787 1373 3868 ὑπνδῶν,

182 3919 236 3966 res
257 3905 348 3965 certa
381 3904 486 3965 estet
511 3905 596 3963 nota.
644 3895 697 3964 sio
728 3896 827 3978 λήροις
858 3896 977 3964 ἀναδῶν
1006 3895 1077 3972 ποὺς
1101 3902 1245 3968 νικῶνποις
1269 3894 1372 3960 estin

184 4004 349 4072 Ammona.
365 4001 458 4069 Picto
470 4024 517 4070 vs.
532 4007 609 4071 589.
624 4023 686 4070 non
700 4001 844 4070 ῶναδέων.
871 4002 972 4069 Viden
987 4001 1087 4089 igitur
1099 3999 1371 4090 quemadmodum

182 4115 374 4176 ΤΠΟΔΩΝ
401 4109 560 4195 pepererit
581 4109 765 4195 vulgatam?
798 4109 881 4175 Sunt
906 4108 1090 4176 huiusmodi
1116 4126 1244 4175 errores
1265 4106 1373 4173 admo·

183 4212 261 4280 dum
283 4221 425 4292 veteres,
446 4213 717 4300 quemadmodum
730 4235 832 4302 ¹saepe
852 4215 884 4280 in
904 4214 1112 4302 sequentibus
1132 4210 1372 4290 demonstrabo,

183 4337 288 4406 neque
311 4328 438 4385 tantum
471 4319 593 4386 indocti
624 4319 749 4386 scribae
784 4321 830 4387 sic
854 4318 1045 4386 hallucinari
1069 4319 1212 4387 solebant
1235 4317 1291 4386 scd
1315 4317 1372 4384 do-

183 4425 251 4506 cti,
275 4423 303 4492 si
326 4424 426 4492 Murio
457 4425 579 4514 placet,
605 4427 816 4495 Grammatiei
847 4423 984 4493 subinde
1013 4445 1076 4493 non
1100 4427 1210 4494 minus
1233 4421 1371 4491 mirilico
