3204 4978
724 330 796 404 299

159 524 250 593 iaciie
274 523 518 614 cetfcotiigere,
549 525 604 594 sed
630 527 661 596 iu
687 525 738 596 iris
762 525 951 596 adverbium
973 522 1130 609 praecedit
1154 523 1343 610 epexegesiu

158 651 252 720 saepe
277 651 339 698 nou
364 633 586 711 invenustam,
615 653 791 722 numquam
814 633 907 722 piane
927 629 1096 706 inutilem,
1120 627 1175 694 sed
1197 629 1276 696 nihii
1298 639 1347 695 ost

159 739 264 826 magis
288 738 453 810 iniicetum
478 760 574 827 quarn
601 741 628 806 si
655 742 862 827 praemiseris
879 740 913 806 ἐκ
935 736 1159 818 radiemur,
1185 737 1216 802 ἐν
1236 745 1347 819 τῇΤε-

156 845 239 930 νέᾳ,
264 845 407 922 Ἀθήνησι
431 844 548 914 deiude
572 846 730 914 subiicere
752 847 878 914 αθτθθεν
901 842 948 910 rei
967 845 1073 910 αὐτοῦ.
1099 842 1346 928 Nonnumquam

159 951 281 1018 iactum
308 959 413 1017 estut
438 953 528 1019 scioii
555 953 585 1017 iu
609 953 851 1041 interpretando
870 959 1034 1027 errarent,
1059 949 1175 1016 deinde
1197 968 1233 1015 ea
1257 969 1349 1036 prae·

159 1066 287 1145 postera
308 1059 533 1145 interpretatio
551 1078 625 1124 cum
643 1060 784 1145 genuina
799 1059 961 1146 scriptura
974 1053 1168 1122 coalesceret
1181 1054 1213 1119 in
1229 1074 1349 1132 uuum,

158 1162 244 1251 quod
274 1163 354 1230 inihi
385 1164 461 1230 oiim
487 1166 519 1230 in
548 1166 696 1232 Petronis
721 1166 872 1254 dpoinpic
897 1163 1101 1231 obseruatum
1126 1172 1175 1228 est
1199 1183 1226 1248 p.
1251 1167 1295 1229 20
1318 1183 1347 1228 c.

159 1271 215 1337 uiri
246 1271 420 1357 scripserat
454 1271 676 1358 piriicsnpiuua:
707 1269 728 1338 ὦ
754 1275 935 1354 Σώκρατες,
960 1271 1050 1336 πθθεν
1073 1270 1108 1334 αθ
1131 1268 1280 1348 διαβολαί
1301 1291 1347 1335 σοι

157 1373 254 1446 αὗται
284 1378 473 1458 retractu
508 1381 540 1445 od
572 1379 636 1460 γὰρ
665 1378 760 1454 δήπου
784 1385 838 1445 σοῦ
863 1403 903 1458 γε
927 1376 1010 1444 οὐδὲν
1033 1383 1092 1442 τῶν
1115 1373 1220 1440 ἄλλων
1244 1397 1348 1456 περιο-

159 1484 279 1566 τθυερον
313 1483 616 1566 πραγματευομένου
653 1485 765 1552 ἔπειτα
799 1484 936 1559 τοσαύτη
972 1484 1064 1566 φήμη
1098 1507 1134 1548 τε
1168 1481 1221 1547 καὶ
1255 1481 1349 1560 λόγος

158 1591 298 1671 γέγονεν.
324 1589 449 1658 Sciolus
472 1592 579 1657 nescio
603 1592 677 1678 quis
701 1591 875 1678 adscripsit
896 1591 922 1657 ai
942 1593 986 1670 μή
1006 1613 1036 1655 rr
1054 1587 1206 1671 ἔπραττες
1226 1589 1349 1655 θλλοῖον

159 1697 177 1774 ἢ
203 1698 228 1765 ci
252 1695 372 1765 uentri.
396 1697 462 1762 Non
489 1697 590 1764 sensit
617 1698 798 1776 Pcaroucu,
823 1698 849 1762 si
875 1695 934 1764 hoo
959 1697 1066 1764 dicere
1091 1694 1264 1773 voluisset,
1288 1718 1349 1773 μν-

158 1803 208 1870 au
231 1823 294 1869 non
319 1802 402 1870 οὐδέν
426 1801 526 1870 fuisse
551 1804 751 1890 scripturum
773 1813 804 1872 ct
825 1802 942 1882 ἐγένετ’
960 1801 998 1868 ἄν
1019 1821 1075 1890 pro
1095 1801 1241 1882 piperno,
1262 1821 1349 1870 uunc

160 1918 298 1997 utraque
322 1910 485 1996 scriptura
510 1919 690 1976 monstrose
712 1909 832 1976 coaiuit
856 1917 888 1977 et
909 1908 1093 1976 defensores
1116 1907 1222 1974 habet.
1271 1907 1349 1974 Coa-

159 2014 220 2084 iuit
253 2016 467 2082 monstrosius
500 2018 596 2082 etiam
627 2014 783 2084 emblema
807 2036 881 2084 cum
908 2015 1039 2101 antiqua
1064 2014 1200 2082 lectione
1225 2016 1256 2082 iu
1282 2013 1350 2081 ium
1450 2023 1452 2026 ’

160 2121 324 2201 Puurours,
356 2142 452 2209 quem
484 2143 523 2190 cx
559 2124 720 2190 inuenero
751 2122 925 2210 descripsit
957 2121 1066 2188 Sumus
1091 2142 1120 2187 ν.
1150 2120 1349 2201 θναλαμβθ·

158 2251 233 2296 retr:
276 2229 494 2310 ἀναλαβέσθαι
533 2229 560 2296 θ’
594 2232 648 2297 οὐκ
683 2230 885 2308 ἒπιςοομένους
921 2225 1208 2310 ἐπιδοξιελενθέρως.
1257 2227 1348 2313 Apud

159 2333 320 2402 Pmrouear
351 2346 401 2404 est
432 2336 465 2400 iu
501 2334 662 2402 Theaeteto
687 2356 715 2423 p.
744 2341 806 2404 175
832 2356 861 2402 ι.
887 2333 1127 2414 ἀναβάλλεσθαι
1146 2373 1189 2387 -·
1212 2332 1350 2411 θαιδεξιθο

158 2439 329 2524 ἕλευθθρως.
379 2441 571 2509 iiiuscmcrus
595 2443 722 2529 primus
743 2441 824 2508 uidit
843 2441 1002 2522 inserirur
1024 2442 1348 2526 interpretamentum

158 2567 241 2615 esse.
297 2545 435 2615 Omnino
479 2547 638 2634 permulta
681 2558 758 2616 sunt
792 2549 824 2614 iu
862 2548 998 2614 i‘carous
1033 2546 1348 2627 αυριμβεβλνμένα,

160 2673 319 2741 nusquam
353 2653 446 2740 pium
479 2673 574 2740 quoru
607 2657 640 2719 in
666 2653 837 2739 Apotopio,
865 2673 947 2738 quae
973 2662 1008 2717 ut
1033 2671 1119 2718 nunc
1143 2656 1190 2718 sic
1215 2652 1289 2718 oiiur
1316 2654 1348 2718 in

161 2759 247 2828 iudis
278 2758 445 2846 legebatur
468 2758 732 2837 adolescentulis,
769 2761 824 2846 quii
856 2760 888 2824 in
915 2758 1032 2826 litteris
1056 2759 1242 2824 tirocinium
1269 2758 1350 2825 iace·

162 2875 235 2934 rent
262 2871 295 2932 ei
325 2865 495 2932 lectionem
531 2867 679 2933 Pcurours
704 2865 743 2934 air
768 2866 826 2932 hoo
851 2864 931 2931 iiiuc
956 2865 1216 2950 auspicarentur.
1264 2864 1348 2932 iudi·

160 2971 241 3040 cebo
264 2974 377 3059 paucis
402 2971 577 3058 insigniora
602 2974 704 3040 etsie
730 2971 811 3040 itanc
837 2978 958 3058 partem
980 2969 1182 3064 concludam.
1206 2991 1235 3058 p.
1262 2975 1301 3038 19
1321 2991 1347 3036 c.

160 3073 201 3146 dr
222 3079 284 3158 ἐγὼ
313 3077 421 3166 [οὐδὲν]
448 3077 517 3146 οὔτε
541 3079 631 3158 μίγα
654 3080 724 3146 οὔτι
748 3077 873 3161 σμικρὸν
895 3076 961 3160 πέρι
984 3075 1091 3146 ἐπαΐω.
1119 3098 1147 3162 p.
1170 3081 1222 3142 20.
1249 3097 1275 3144 ιι.
1299 3075 1348 3144 οὖ·

159 3209 213 3259 τος
243 3183 315 3264 diade
346 3209 383 3251 re
411 3186 529 3267 ἑταῖρος
564 3183 598 3262 ἦν
632 3186 685 3252 καὶ
717 3187 799 3265 ὑμῶν
830 3187 873 3268 τῷ
905 3185 1014 3261 πλήθει
1049 3182 1182 3272 [ἑταῖρός
1215 3184 1264 3270 ra]
1294 3186 1346 3252 καὶ

160 3290 318 3376 ξυνθφυγε
346 3291 401 3366 rin
432 3293 538 3374 φυγὴν
564 3292 696 3368 ταύτην.
725 3313 754 3378 p.
788 3294 842 3358 dl.
872 3312 902 3358 n.
934 3292 995 3370 ἐγὼ
1019 3291 1051 3356 δὲ
1072 3288 1172 3374 ὥσπερ
1199 3289 1273 3381 [οὖν]
1294 3294 1348 3358 οὐκ
1380 3321 1382 3326 ·

160 3395 230 3466 aida
261 3399 322 3464 aaa·
353 3396 465 3477 οἴομαι.
496 3419 525 3484 p.
554 3403 594 3464 ‘tid
619 3419 648 3466 o.
673 3395 779 3478 ἔχουσι
802 3398 859 3478 μὲν
881 3399 962 3466 οὐδὲν
984 3399 1080 3464 εἰπεῖν
1109 3396 1197 3486 [ἀλλ’
1223 3400 1349 3477 ἀγνοοῦ-

163 3505 232 3590 οιν].
261 3493 296 3590 p.
322 3507 364 3572 25
390 3524 417 3569 ιι.
450 3504 511 3570 uisi
534 3523 699 3590 expurges
722 3505 773 3571 καὶ
798 3511 857 3571 τῶν
880 3511 1045 3572 πολιτικῶν
1069 3503 1167 3570 Ριιτο
1189 3502 1351 3570 ridebitur

164 3609 289 3678 nescire
312 3609 388 3697 quid
413 3609 516 3686 dicam
540 3609 581 3676 ad
606 3629 642 3676 ea
667 3629 748 3696 quae
773 3619 955 3697 sequuntur
979 3609 1052 3691 ὑπὲρ
1072 3607 1276 3692 rainiariam
1296 3609 1349 3676 ad·

163 3715 322 3802 scriptum
345 3723 476 3814 osteor
500 3722 683 3795 πολιτικῶν,
709 3714 824 3784 deinde
849 3736 886 3782 ea
911 3715 1006 3784 rerba
1027 3713 1131 3782 alieno
1152 3714 1220 3782 ioco
1240 3715 1349 3801 arigiu-

164 3821 267 3888 iiuaia
298 3831 383 3890 auui.
413 3843 443 3910 p.
469 3827 511 3888 24
535 3843 561 3888 c.
586 3822 773 3904 nerpoicum
801 3822 881 3912 [καὶ]
910 3823 982 3902 ὑμῖν
1006 3819 1168 3899 ἐπιδεῖξαι.
1196 3843 1225 3908 p.
1252 3827 1292 3889 et
1320 3845 1350 3890 u.

162 3928 221 4008 ἐμὲ
248 3927 386 4009 εἰσάγεις
415 3929 546 3997 τουτοισὶ
582 3928 647 4018 [καὶ
672 3928 866 4018 κατηγορεῖς]
893 3927 1028 4024 eruenda
1051 3926 1190 4008 εθοοθγεις
1213 3931 1258 4002 εἰς
1280 3954 1350 3996 του-

162 4037 249 4102 rauci
271 4044 304 4102 et
328 4031 653 4122 interpretamentum
673 4054 832 4122 expunge.
855 4055 887 4122 p.
903 4039 945 4102 θίι
961 4057 988 4102 r.
1011 4031 1112 4113 οὗτοι,
1138 4031 1352 4118 ιθΣιθκρατες,

167 4139 207 4230 [οἵ
230 4141 371 4230 innasci]
401 4151 433 4209 et
457 4141 562 4208 scribe
585 4141 688 4208 οὑνοιΐ.
717 4160 746 4229 p.
773 4145 814 4208 25
839 4163 868 4208 a.
892 4143 919 4209 oi
943 4141 973 4207 θν
996 4151 1036 4225 τῇ
1061 4143 1210 4228 ἐκκλησία
1237 4143 1275 4232 [oi
1302 4142 1351 4210 ἐκ·

162 4248 348 4338 aaronem]
376 4248 580 4332 deceptatricem
604 4247 674 4321 τοὺς
696 4247 866 4330 νεωτέρους.
916 4247 955 4316 Et
980 4255 1056 4314 sunt
1082 4256 1187 4316 [aurien
1213 4251 1267 4336 qui
1292 4248 1351 4316 hoc

166 4357 327 4423 i'cnrourrr
359 4356 464 4443 ipsum
495 4352 658 4422 addidisse
687 4355 774 4422 serio
803 4354 948 4423 credaut.
981 4373 1011 4441 p.
1037 4357 1080 4420 26
1111 4375 1141 4424 a.
1166 4363 1193 4426 ri
1215 4356 1248 4422 δὲ
1272 4353 1355 4423 ciaon

162 4463 346 4550 διαφθείρω,
377 4467 437 4530 τῶν
466 4462 606 4530 τοιούτων
641 4460 706 4550 [καὶ
737 4459 901 4548 θαονοθων]
936 4459 1174 4542 &comprimo
1205 4462 1238 4528 ui
1270 4465 1353 4548 δεῦρο
