3086 4974
651 375 725 451 473

92 573 209 644 mendo
244 585 292 642 est
321 575 353 642 in
386 573 468 642 libro
501 575 527 642 1.
553 578 573 660 ς
597 577 651 642 36.
685 572 865 660 haruspices
894 573 1088 652 corruscavit,
1111 563 1284 661 quiquam

92 682 339 769 respondissent,
365 682 394 747 si
416 665 534 748 morem
558 681 711 747 emisisset
733 679 827 745 uxori
852 678 935 745 loreoi
959 689 1095 766 temporo
1127 699 1193 746 esse
1216 699 1284 745 mo·

94 787 256 866 ricarium,
280 789 308 854 si
332 787 505 876 smooiuom
526 788 598 876 ipsi.

24 935 27 940 ·
141 894 178 961 ln
202 894 366 961 Ciceronis
390 892 559 961 uersiculis
582 893 623 960 ll.
650 894 668 978 §
693 895 747 958 63.

113 1057 118 1064 .
243 998 400 1088 Arpolicis
419 1000 561 1086 primum
583 1009 619 1064 ut
640 998 749 1065 vestito
772 1007 817 1064 est
840 997 993 1064 classibus
1015 996 1125 1077 Aulis,

243 1127 324 1193 puae
345 1103 476 1172 Priamo
500 1104 621 1198 cladem
644 1114 673 1170 et
700 1101 810 1170 Troiae
827 1113 1007 1190 pestemque
1030 1105 1183 1192 serebant.

97 1211 179 1278 noire
203 1220 251 1279 est
275 1209 448 1278 verborum
472 1209 636 1277 corilusio:
664 1209 880 1278 restituerim:

261 1314 300 1384 m
321 1317 463 1403 primum
488 1317 643 1405 Arpolicis
661 1353 707 1378 -.

255 1445 335 1512 quae
357 1422 485 1490 Priamo
509 1434 539 1489 et
566 1422 676 1491 Troiae
698 1422 819 1491 cladem
838 1433 1019 1512 pestemque
1038 1422 1194 1513 serebant.

143 1528 196 1597 Sic
219 1530 322 1598 solent
347 1531 380 1597 ln
401 1529 550 1597 versibus
566 1528 711 1596 ordinem
726 1529 896 1596 verborum
923 1513 1072 1598 turberes
1100 1529 1136 1596 ln
1153 1529 1286 1618 epistole

96 1636 137 1704 nd
161 1635 201 1718 Q.
227 1636 376 1704 Fratrem
401 1636 440 1703 ll.
469 1643 508 1703 16
532 1635 636 1703 Codex
660 1635 807 1704 exhibet:
936 1711 950 1740 ο

369 1741 1000 1827 εοιαιυεεεξεργιζετειοτλημωνπολεμος.

98 1847 291 1916 emendetur
313 1869 352 1915 ex
378 1848 545 1937 Euripidis
568 1848 706 1936 supplic.
734 1851 810 1916 111.

163 1959 420 2024 ’'AAPACTOC.
445 1956 564 2022 ἐνταῦθ’
588 1956 727 2024 irater*
751 1953 863 2037 ἄνδρες
885 1956 1034 2038 ’Apprime
1057 1953 1176 2038 ἄκρους.

243 2071 421 2129 ΘΗΟΕΤΟ.
445 2061 562 2131 rosait'
588 2063 602 2129 ὃ
626 2065 752 2142 τλήμων
774 2061 911 2142 πόλεμος
935 2060 1149 2145 ἐξεργάζεται.

146 2167 194 2235 De
217 2167 325 2235 Dioiu.
356 2168 399 2235 ll.
434 2171 451 2254 §
477 2172 532 2234 69.
572 2168 652 2246 Quid
680 2167 773 2256 erpo?
804 2167 890 2234 -Aius
918 2168 976 2234 iste
997 2167 1143 2256 Loquens
1166 2168 1289 2257 quando

101 2295 173 2340 oum
196 2295 286 2340 nemo
307 2285 397 2340 norat
420 2285 449 2339 et
471 2273 573 2340 aiebat
597 2283 626 2340 et
649 2273 832 2362 loquebatur
856 2275 902 2362 [et
926 2292 965 2341 cx
997 2293 1034 2341 eo
1059 2296 1174 2342 uorrocn
1200 2277 1290 2342 inve·

102 2378 187 2468 nit]:
207 2388 411 2467 posteaquam
434 2390 463 2446 et
486 2379 590 2446 sedem
614 2389 643 2446 et
670 2401 758 2446 arom
778 2389 812 2446 et
835 2399 947 2446 oomen
970 2381 1101 2458 inuenit,
1125 2381 1288 2449 obmutuit.
1342 2465 1346 2474 ⁸

104 2484 254 2553 Sentisne
284 2503 381 2573 quern
413 2484 553 2554 absurde
584 2487 651 2554 sint
672 2505 709 2553 cx
735 2505 822 2573 seqq.
848 2489 983 2574 repetite
1006 2485 1102 2552 verbe
1126 2489 1171 2572 [et
1193 2509 1234 2553 coe
1257 2508 1292 2554 eo

102 2611 215 2658 nomer
237 2591 395 2679 iromit]t
430 2589 561 2660 Scilicet
584 2613 695 2660 nomeu
717 2591 834 2658 iooerit
848 2592 972 2679 quando
994 2613 1064 2658 eum
1088 2613 1177 2659 remo
1198 2613 1293 2660 rooe·

101 2708 163 2766 rot.
211 2698 318 2786 Apage
341 2699 491 2786 ineptias.

148 2804 196 2871 lle
221 2804 325 2871 ltioio.
350 2807 388 2870 11.
416 2807 501 2891 §ll
527 2805 641 2873 etenim
661 2815 696 2871 ut
718 2806 780 2872 aot
802 2805 1053 2892 auspicio[quae
1072 2803 1159 2872 nulle
1184 2802 1291 2898 snnt],

101 2909 178 2978 haec
201 2921 283 2978 certe
302 2911 415 2998 quibus
437 2911 611 2977 utimur-
626 2911 796 2978 simulacra
816 2921 887 2976 suot
904 2911 1134 2997 auspiciorum,
1153 2913 1294 2999 auspicia
1422 2919 1428 2924 '

100 3015 189 3084 rullo
224 3015 324 3084 modo.
379 3015 447 3082 Nisi
478 3017 674 3104 expunxeris
713 3038 793 3104 quae
823 3017 914 3084 nullo
943 3027 1015 3084 sum
1049 3015 1163 3084 Cicero
1198 3019 1294 3085 umal

103 3123 247 3210 auspicia
283 3142 354 3190 esse
388 3132 421 3190 et
455 3123 609 3191 concedet
645 3133 678 3190 et
715 3143 776 3191 nou
809 3124 974 3190 concedet.
1022 3122 1103 3190 Nota
1134 3131 1183 3191 est
1216 3124 1294 3191 liaeo

102 3228 298 3298 concedendi
330 3228 454 3309 tonus,
485 3240 523 3299 ut
553 3234 578 3298 1.
610 3233 627 3317 §
656 3234 708 3297 10.
741 3241 770 3297 et
795 3238 830 3296 ut
863 3231 930 3296 sint
955 3228 1005 3299 Dii
1027 3240 1128 3317 potest
1154 3232 1230 3319 sieri
1259 3243 1295 3298 ut

103 3335 195 3403 noello
217 3336 257 3403 ot
281 3335 322 3402 iis
345 3335 495 3402 diuinatio
516 3335 625 3425 penori
649 3334 786 3403 humano
810 3337 925 3402 tributa
949 3336 1007 3415 sit,
1029 3344 1063 3402 et
1086 3336 1141 3403 ubi
1167 3337 1252 3404 noni

155 3441 242 3510 Unus
266 3441 356 3510 locus
380 3451 527 3531 superest
550 3445 590 3509 11.
616 3445 726 3527 5121.
750 3464 826 3509 ouon
849 3443 948 3530 ipitar
971 3442 1036 3531 [ut]
1050 3442 1147 3531 inepti
1168 3442 1297 3511 Veneris

68 3635 76 3641 -
105 3548 140 3615 id
162 3548 298 3636 impulsu
316 3549 397 3636 fieri
415 3549 573 3615 malumus
591 3569 685 3636 quom
702 3571 776 3616 casa
797 3548 919 3617 dicore?
946 3557 982 3615 ut
1001 3549 1045 3614 sit
1062 3550 1176 3617 Latino
1195 3551 1297 3616 oratio

109 3651 198 3722 lurco
223 3653 345 3744 expelle
368 3655 537 3723 molestam
563 3657 708 3723 voculam
733 3675 782 3722 ur.
829 3654 981 3722 llorotius
1004 3653 1073 3722 Sat.
1098 3658 1122 3722 Ι.
1147 3660 1178 3722 6.
1207 3660 1257 3722 16.

289 3759 393 3828 iudice
415 3783 475 3850 quo
497 3762 579 3828 nosti
599 3761 735 3851 populo,
759 3761 813 3850 qui
836 3761 957 3828 stultus
980 3760 1111 3829 donares

291 3887 381 3954 coepe
400 3867 454 3935 dat
475 3868 614 3956 iudipois
636 3878 666 3936 ot
688 3872 795 3957 samoe
818 3871 912 3936 seruit
936 3871 1074 3958 ineptus.

108 3981 140 4042 et
165 3969 314 4041 Catullus
333 3991 434 4040 carm.
459 3972 557 4042 xvtt.

766 4081 823 4148 sed
845 4082 963 4148 cereris
986 4082 1094 4170 inepta

314 4207 409 4254 crura
429 4185 582 4275 partiettli
603 4187 720 4255 assulis
742 4188 854 4255 stantis
876 4189 910 4254 io
932 4187 1090 4255 redivivis.
1117 4223 1121 4232 ,

108 4304 143 4362 st
167 4295 199 4361 ln
225 4293 280 4361 illo
302 4291 476 4361 Ouidicno:

339 4400 416 4466 dum
440 4399 528 4465 timm
551 4399 682 4468 alterius
706 4401 819 4467 uulnus
842 4401 951 4490 inepta
975 4400 1046 4470 loci.

155 4504 434 4590 Quemadmodum
458 4501 510 4572 his
532 4505 611 4575 locis
636 4507 781 4576 coculam
806 4527 844 4575 ur
868 4517 1009 4577 metrum
1035 4509 1179 4596 respuit,
1200 4507 1301 4574 sicin
