3204 4978
715 407 787 480 303

154 608 301 695 Margite:
335 606 387 672 τὸν
420 605 446 672 δ’
476 605 547 672 οὔτε
571 613 738 687 σκαπτῆρα
761 603 819 671 θεοὶ
840 603 932 671 θέσαν
952 605 1017 672 οὔτ’
1042 607 1194 688 άροτῆρα,
1218 616 1250 675 et
1274 627 1346 675 sex·

152 715 275 781 centies
299 710 384 800 apurd
417 711 566 778 Huneuux
598 717 630 776 et
659 719 770 798 puetns
793 720 918 778 ueteres
940 731 1065 780 onmes.
1114 715 1155 780 dt
1181 732 1275 781 nemu
1301 717 1348 782 siu

153 823 186 887 in
220 820 326 886 Allien
362 816 554 904 loquebatur
585 826 620 882 ut
649 819 800 885 Lunuuus
830 822 894 896 64,
938 823 965 884 1.
998 817 1122 899 άβατον
1155 821 1210 896 την
1243 822 1348 905 χώραν

151 928 347 1004 ridendam
371 929 431 1000 20,
459 928 512 990 60.
536 922 707 1006 μακρθβιον
729 922 856 1000 έθεσαν,
881 932 937 992 aut
961 929 1001 1003 9,
1031 930 1092 1004 14,
1117 930 1148 993 l.
1179 925 1349 1010 ὑτθπτερον

152 1034 255 1110 έθηκεν
282 1041 338 1098 nul
372 1035 429 1108 17,
467 1035 497 1098 7.
532 1031 630 1108 τέθησι
660 1029 782 1105 δοθλονς
808 1033 878 1098 ἄντ’
901 1029 1081 1112 έλενθέρονν,
1106 1042 1163 1099 ant
1197 1037 1259 1111 46,
1297 1041 1348 1101 15.

153 1137 379 1221 περιβλέπτους
414 1136 466 1202 uel
496 1137 650 1217 άοιδέμονο
678 1140 710 1204 έν
738 1137 860 1220 βραχεῖ
890 1139 1006 1216 τθθησιν
1037 1147 1093 1224 aut
1119 1142 1182 1216 49,
1216 1146 1269 1209 16.
1294 1145 1348 1209 τοῦ

153 1245 259 1328 άςέροσ
282 1247 333 1310 τδν
356 1243 435 1324 άέρα
457 1241 544 1325 ξηρὸν
567 1243 620 1309 καὶ
652 1244 767 1321 διακαῆ
790 1245 936 1320 τιθέντος,
962 1251 1018 1310 eut
1050 1247 1113 1321 60,
1139 1247 1192 1312 ld.
1217 1250 1267 1311 νῦν
1291 1249 1349 1326 μέν

153 1354 262 1429 Νῖνον,
294 1355 344 1416 νῦν
382 1348 415 1415 δέ
445 1350 623 1433 Μητίοχον,
656 1345 726 1416 εἶτα
758 1349 845 1427 μετά
875 1351 979 1431 μικρθν
1013 1349 1173 1430 Ἀχιλλέα
1207 1352 1347 1430 τιθεῖσα,

153 1465 187 1524 et
218 1454 315 1536 alibi,
345 1473 427 1541 quae
461 1454 501 1520 ab
527 1456 651 1523 llnnrno
674 1464 706 1522 et
732 1456 879 1542 'l'ragieis
904 1464 1012 1522 sumta
1037 1455 1181 1542 reliquae
1207 1458 1348 1525 orationi

155 1583 217 1630 nnn
242 1560 320 1627 satis
340 1562 569 1627 convenienter
594 1563 715 1630 inserta
739 1571 825 1628 suut.
876 1561 996 1628 Contra
1022 1560 1071 1627 bis
1092 1566 1244 1629 ποιεῖσθαι
1268 1562 1349 1630 dixit

155 1669 209 1736 ubi
235 1666 350 1734 melius
373 1665 508 1734 τίθεσθαι
534 1668 692 1755 posuisset
718 1674 781 1748 41,
802 1672 834 1734 6.
861 1645 950 1748 νθμον
972 1668 1152 1744 έτοιιῖοαντο
1177 1678 1209 1735 et
1234 1675 1294 1747 46,
1316 1675 1348 1737 9.

153 1775 243 1856 νέμον
274 1774 459 1850 ποιήσασθαι
492 1793 549 1859 pro
580 1772 679 1840 έθεντο
703 1783 736 1840 et
764 1775 885 1850 θέσθαι,
917 1773 1001 1861 quod
1033 1793 1144 1840 ornnes
1178 1775 1210 1840 111
1242 1796 1278 1842 eu
1315 1796 1349 1844 re

153 1880 315 1948 dicebant.
362 1878 520 1945 Similiter
551 1879 639 1946 nullo
665 1880 811 1967 exemplo
844 1880 924 1945 dixit
963 1886 1001 1960 4,
1039 1887 1066 1946 1.
1102 1883 1230 1966 γραφὴν
1267 1881 1349 1950 ἔθετο

155 2009 213 2078 pro
237 1985 413 2069 ἐγράψατο.
449 1985 495 2052 Ex
510 1987 623 2053 Poetis
645 1987 785 2073 arripuit
804 1987 940 2066 τέθηπα,
966 1997 1003 2052 111
1025 1994 1064 2061 5,
1090 1991 1143 2054 66.
1164 1989 1348 2066 τεθηπθτες,

100 2089 104 2098 ’
156 2102 213 2173 lit,
237 2099 292 2161 20.
318 2093 490 2171 τεθήπασι,
525 2098 585 2172 17,
614 2097 668 2161 ll.
700 2094 765 2160 ὅδ’
798 2095 909 2175 έραςθης
934 2093 1090 2170 τεθηπέτω
1113 2094 1235 2176 άφορῶν
1258 2097 1289 2169 ές
1313 2097 1348 2161 τδ

154 2201 279 2287 χρυσέαν
299 2209 331 2266 et
352 2198 446 2276 elilri,
472 2218 529 2284 pre
552 2179 846 2280 καθατέπληγμαιε
878 2199 1020 2266 indidem
1041 2199 1164 2282 δέδορκα
1189 2220 1246 2288 pro
1269 2201 1349 2281 βλέ-

156 2332 203 2376 πα
230 2314 265 2372 ut
288 2309 349 2380 90,
371 2309 425 2372 20.
452 2307 515 2382 46,
532 2309 563 2371 6.
586 2314 617 2372 et
644 2309 706 2383 46,
736 2310 785 2372 14.
809 2306 910 2371 άντέον
934 2304 1050 2387 δέδορκε
1072 2325 1128 2392 pro
1147 2305 1346 2386 ἀποβλέπει.

155 2413 259 2494 Quum
285 2409 443 2478 ridiculus
462 2408 575 2477 luisset
601 2410 737 2477 Athenis
761 2412 815 2498 qui
840 2412 952 2479 θτοτα
975 2411 1110 2479 dixisset
1135 2431 1192 2499 pru
1218 2412 1347 2494 ἑθρακα,

155 2528 212 2588 aut
235 2518 351 2594 τέθηλα
376 2537 434 2604 pro
456 2518 533 2583 άνθῶ
554 2526 610 2583 aiut
643 2517 811 2600 έλελθγχει
835 2539 893 2605 pro
924 2521 1062 2602 εῖληχει,
1087 2518 1170 2606 quod
1195 2519 1348 2586 Lucmuus

156 2626 233 2694 lacit
256 2629 318 2702 58,
346 2629 400 2702 18,
425 2622 473 2689 rel
498 2623 693 2703 ἐπαταγεῖτο
713 2644 770 2711 pro
792 2623 903 2707 ἐψόφει
930 2628 991 2702 44,
1020 2630 1056 2701 4,
1080 2622 1128 2690 vel
1148 2622 1348 2704 σκιδνάμενος

156 2739 195 2812 5,
219 2738 260 2799 57
287 2739 317 2797 el
342 2729 572 2797 διασκθδνασθαι
592 2733 632 2809 6,
655 2733 717 2808 19,
743 2737 762 2797 5
784 2749 842 2817 pro
861 2727 1149 2808 διασκεδάννυσθαι,
1174 2730 1222 2795 vel
1247 2729 1349 2808 άμθσ·

153 2865 213 2907 σαν
239 2844 301 2917 60,
331 2841 370 2903 16
400 2857 457 2923 pro
484 2834 691 2918 σπαράττων,
724 2835 771 2901 rel
801 2834 995 2917 πλαζθμενον
1021 2840 1082 2914 47,
1110 2841 1150 2901 27
1176 2844 1209 2902 el
1232 2833 1350 2917 τλαζο·

154 2947 232 3026 μένη
256 2949 295 3023 6,
323 2949 351 3009 1.
376 2947 438 3018 69,
469 2946 518 3008 10.
546 2961 603 3027 pro
634 2942 840 3021 πλανωμένη,
876 2939 924 3008 vel
959 2941 1104 3023 Φαμένον
1136 2947 1198 3019 37,
1224 2945 1267 3008 66
1293 2959 1350 3028 pro

156 3052 315 3130 εἰπθντος,
350 3046 526 3129 γεινάμενοι
559 3051 670 3127 69,.1
712 3068 769 3136 pro
799 3057 925 3127 γονεῖς,
954 3049 1043 3122 δθκαρ
1076 3047 1221 3124 έτισάτην
1255 3052 1304 3114 12.
1330 3053 1350 3114 5

158 3157 342 3246 prodirem,
367 3153 578 3235 έπεταλμένον
607 3158 668 3229 51,
701 3157 744 3220 66
776 3173 833 3240 pro
865 3153 1155 3236 προστεταγμένον,
1187 3155 1351 3237 έπειιορνσ-

146 3263 254 3344 ’σθμην
277 3263 361 3344 αὐτῷ
393 3265 457 3338 31,
483 3263 526 3325 nr
553 3279 610 3347 pro
635 3250 873 3341 έτηλειφθμηι,
899 3267 935 3325 nt
959 3258 1093 3328 dixisset
1124 3263 1270 3340 Atticus,
1303 3260 1352 3327 rel

154 3367 333 3452 άτλιζθμην
358 3368 407 3433 ἐπ’
437 3364 549 3442 αὐτθν,
573 3373 694 3448 μορφῆς
728 3362 761 3432 εὖ
782 3365 914 3442 οἰκούσας
947 3370 1010 3444 59,
1046 3373 1080 3433 11
1117 3386 1175 3454 pro
1199 3367 1351 3449 ἐχούσας,

156 3474 365 3558 ἀμειβομένου
405 3477 466 3550 52,
509 3476 548 3538 19
583 3492 642 3560 pro
672 3474 920 3555 edessensisine,
955 3473 1117 3552 έπιβιὶσειν
1153 3477 1211 3551 10,
1247 3478 1289 3552 6,
1332 3479 1351 3538 4

159 3602 217 3671 pro
242 3579 453 3661 έπιβιβοθσειν.
501 3577 591 3644 llulti
614 3578 669 3644 alii
692 3579 842 3646 Graeculi
866 3579 953 3658 βήοω
980 3588 1014 3646 et
1034 3577 1137 3658 έβησα
1162 3577 1202 3644 nb
1227 3577 1354 3644 llou'eno

159 3699 192 3758 et
229 3687 388 3753 llxunnnro
418 3692 526 3752 sumta
558 3683 709 3750 dieelrnnt
743 3705 800 3773 pro
836 3685 921 3766 βιβοῖ
956 3694 988 3752 et
1021 3685 1175 3765 έβῖβασα.
1223 3683 1355 3752 ludente

162 3789 685 3877 11111111ῑί616Βοκκκιιιᾼιεοοθ.
721 3789 745 3856 1.
780 3810 808 3879 p.
842 3796 901 3868 86,
938 3795 970 3857 6.
999 3789 1145 3873 βιβάζειν
1176 3800 1209 3858 et
1235 3791 1355 3870 βαθνειν

160 3897 330 3968 confundit
357 3906 392 3965 et
421 3896 512 3964 addit
536 3916 608 3964 esse
641 3897 695 3984 qni
720 3896 856 3964 doeennt
887 3897 1058 3975 έκβιῖσαι
1081 3897 1143 3964 δεῖν
1173 3895 1278 3976 λέγειν
1301 3897 1354 3963 καὶ

161 4007 392 4086 καταβῆσαι
415 4006 469 4071 οὐκ
495 4001 717 4084 ἐκβιβάσαι
740 4003 793 4070 κα1
819 4001 1127 4083 καταβιβάσαι,
1152 4002 1236 4090 qnod
1262 4002 1357 4090 plane

161 4123 273 4182 contra
305 4121 365 4179 est.
414 4111 535 4178 lterum
570 4129 600 4196 p.
627 4113 709 4189 104,
739 4114 770 4176 4.
794 4109 1090 4191 καταβιβάσαι
1112 4111 1211 4194 φασὶν
1235 4110 1268 4176 οὐ
1293 4109 1356 4176 δεῖν

161 4220 286 4300 λέγειν,
315 4217 406 4284 άλλοὶ
435 4217 680 4296 καταβῆσαι.
731 4217 828 4283 lleete
859 4215 942 4282 nlius
968 4236 998 4303 p.
1025 4221 1109 4296 395,
1144 4221 1196 4284 16.
1220 4214 1356 4293 άνέβη·

163 4348 243 4393 σενι
268 4325 473 4404 άνεβέβασεν.
502 4321 594 4395 οθτιοε
625 4322 779 4404 Ἡρθδοτορ
802 4323 853 4411 dl.
886 4327 939 4390 80.
973 4321 1083 4406 ἄνδρας
1113 4322 1164 4389 έπ1
1196 4323 1356 4400 καμήλους

163 4431 327 4519 άνέβησε),
350 4430 405 4517 qni
431 4429 640 4517 11οοφιοηιιο
664 4447 738 4495 enm
765 4429 878 4496 multis
901 4427 974 4496 aliis
996 4429 1036 4496 ab
1069 4429 1195 4496 llnuxrn
1217 4427 1356 4504 sumsit,

165 4555 266 4625 qurum
287 4537 379 4604 leues
397 4536 527 4604 illorum
550 4545 731 4624 temporum
745 4535 947 4620 ἀναβιβάσαι
971 4535 1135 4614 dicerent,
1160 4553 1225 4624 quo
1249 4535 1358 4602 misus
