3150 4972
844 359 916 431 154

283 558 427 634 Βοιωτίαις
443 557 638 631 «Πλαταιέας
663 553 774 646 (scrib.
797 555 980 643 Πλαταιαῖς)
1005 556 1058 621 καὶ
1087 551 1372 640 καταπεφευγέναι
1393 551 1458 633 πρὸς

283 665 413 742 αὐτούς,
447 664 640 736 ἱκετεύοντας
677 663 708 728 δὲ
741 663 897 735 Θεσπιέας
934 665 1103 751 (Θεσπιᾶς)
1138 664 1182 740 μὴ
1214 665 1300 744 σφοῖς
1331 657 1459 740 περιιδεῖν
1546 677 1547 728 3

283 770 438 844 οέσόλιδας
462 769 641 850 γενομένους
665 770 763 836 οὐκέτι
788 771 913 852 ingenuo
936 769 1007 842 τοὺς
1031 769 1210 848 Θηβαίους,
1236 764 1396 854 pueriliter
1415 759 1457 826 di·

284 886 373 943 ctum
401 877 432 940 in
457 877 559 941 lautis
584 876 716 941 iniuriis
740 882 788 952 et,
815 886 849 940 ut
874 875 1115 941 Atheniensibus
1137 873 1267 960 quidem
1288 867 1460 943 ridebatur,

285 979 417 1048 nefariis
440 980 631 1058 sceleribus,
661 979 821 1046 Tiednnoe
844 1002 904 1047 non
927 990 962 1046 nt
985 990 1075 1046 anteo
1099 978 1283 1053 tondebant:
1306 974 1349 1043 ἔτι
1371 993 1405 1040 en
1424 973 1460 1037 ἐν
1546 987 1547 1036 i

285 1096 397 1153 natum
423 1095 472 1153 est
496 1094 526 1152 et
551 1106 662 1153 verum
683 1096 733 1153 est
751 1089 805 1152 οὒκ
824 1087 968 1171 repon,
988 1085 1107 1174 quibus
1126 1084 1234 1152 verbis
1254 1083 1358 1171 specie
1375 1077 1459 1145 lenio
1546 1077 1547 1108 ³

285 1191 376 1259 ribus
419 1200 529 1259 tamen
565 1193 666 1258 animi
701 1191 833 1258 olleusio
868 1203 900 1260 ot
936 1193 1086 1280 querelae
1125 1191 1206 1258 bene
1240 1177 1459 1276 significantur.
1546 1201 1547 1208 ¹

286 1298 459 1384 Eleganter
492 1307 523 1364 et
547 1296 692 1364 modeste
716 1300 886 1366 Ansenruns
909 1300 943 1364 in
968 1297 1193 1384 creetptoonm
1222 1300 1239 1383 §
1267 1299 1331 1362 ast
1354 1289 1395 1358 in
1417 1288 1459 1354 ini

285 1411 344 1470 τῶν
376 1409 427 1470 νῦν
459 1411 567 1486 καιρῶν
598 1407 624 1470 οἱ
653 1405 762 1471 πολλοὶ
797 1413 861 1478 τοῖς
883 1405 999 1485 ὀλίγοις
1023 1404 1158 1486 προΐεσθε
1181 1403 1227 1470 nde
1249 1411 1304 1479 τῆς
1327 1401 1460 1478 δημοκρα-

286 1513 357 1584 nint
380 1511 496 1594 ἰσχνρδι
520 1512 573 1577 οὐκ
596 1511 729 1590 ἐπαινῶ,
756 1511 787 1577 in
813 1532 876 1598 quo
898 1510 1062 1598 opprobrii
1085 1509 1287 1577 vehementia
1307 1504 1459 1573 verborum

286 1616 418 1683 leuitate
443 1616 600 1685 mollitur.
649 1617 735 1684 Irata
759 1616 938 1705 dgniotrota
965 1638 1010 1682 vs.
1037 1621 1080 1684 70
1103 1614 1211 1682 verbis
1231 1614 1400 1682 clementer
1419 1605 1461 1672 di·

287 1725 351 1791 cil:

791 1831 845 1895 οὐκ
869 1829 1002 1905 ἐπαινῶ,
1027 1827 1179 1910 Μυρρίνη,

468 1929 599 2010 ἥκουσαν
622 1932 691 2016 ἄρτι
716 1933 781 2017 περὶ
806 1935 941 2002 τοιούτου
964 1934 1164 2016 πράγματος.

289 2061 327 2108 ex
353 2039 405 2105 his
431 2037 524 2106 facile
549 2050 597 2107 est
622 2039 793 2107 emendare
816 2041 921 2108 locum
942 2041 974 2106 in
995 2040 1207 2106 Xnaoraonrrs
1227 2032 1465 2105 Memomlilibnr

290 2146 329 2213 li.
356 2165 396 2211 vt.
421 2149 463 2212 56
485 2145 546 2229 ἔφη
567 2147 631 2228 γὰρ
651 2147 852 2226 nictirocinio
872 2147 1094 2230 σρομννςρίδας
1117 2145 1237 2231 (scribe
1261 2139 1462 2227 προμνιιςρίαι)
1546 2219 1547 2224 ¹

289 2253 375 2332 μετὰ
407 2251 464 2330 μὲν
496 2253 643 2326 οὲλνδεὶας
675 2253 806 2332 τάγαθὰ
831 2252 1085 2332 διαγγελλούσας
1111 2251 1211 2326 δεινὰς
1237 2248 1314 2318 εἶναι
1337 2243 1466 2324 συνάγειν

289 2359 459 2440 ἀνθρώπους
491 2360 533 2433 εἷς
569 2359 709 2436 κηδείαν,
740 2359 932 2441 ψευδομένας
964 2361 991 2426 δ’
1014 2362 1068 2425 οὐκ
1100 2357 1211 2423 ἐθέλειν
1238 2359 1380 2424 ἐπαινεῖν.
1422 2347 1466 2416 ili·

290 2471 382 2531 xerat
406 2466 533 2530 Asmsm
559 2463 751 2546 ψευδομένας
776 2465 801 2529 δ
828 2468 896 2531 oin
919 2467 1091 2540 ε’σαινῶ,
1117 2461 1243 2530 urbane
1265 2472 1295 2529 et
1322 2461 1397 2527 scite
1420 2471 1466 2542 pr⁰
1546 2487 1547 2558 ρ

288 2569 507 2651 βδελύττομαι
543 2571 596 2636 nnl
627 2577 726 2651 μισῶ,
761 2581 793 2638 et
825 2582 986 2658 expuncto
1020 2571 1130 2640 ἐθέλειν
1155 2575 1188 2639 in
1213 2567 1411 2636 Xmoeuourn
1431 2559 1467 2626 lc·
1546 2559 1547 2572 ¹

290 2675 430 2764 gendum
464 2684 510 2743 est
543 2659 736 2758 ψεῖιδομένας
759 2677 786 2742 δ’
811 2679 865 2743 οὐκ
888 2677 1035 2746 ἐπαινεῖν.
1085 2681 1244 2748 Revertor
1267 2672 1307 2740 cd
1331 2669 1467 2740 tolnae,

290 2783 343 2850 cui
379 2781 541 2850 socundus
577 2783 670 2850 testis
706 2781 807 2848 Porro
838 2782 1045 2870 producitur,
1078 2786 1135 2874 qui
1167 2787 1198 2852 in
1235 2781 1403 2865 Protagora
1425 2769 1467 2836 di·

290 2889 374 2956 xcrit
407 2909 437 2976 p.
471 2892 535 2955 555
571 2889 604 2955 B.
639 2887 822 2968 ὡμολόγησε
845 2888 898 2956 καὶ
921 2890 1002 2969 μάλ’
1025 2891 1177 2970 indende,
1201 2899 1236 2958 at
1260 2887 1340 2956 nihil
1365 2893 1467 2948 causac

291 2995 379 3063 dices
412 2992 642 3083 quamobrem,
672 2995 729 3082 qui
761 3003 827 3060 tam
861 3014 955 3082 saepe
985 2995 1067 3062 inan
1094 3017 1133 3064 ex
1158 3006 1315 3085 perpetuo
1337 2987 1467 3058 omnium
1546 3007 1547 3070 ρ

291 3121 354 3168 usu
387 3101 575 3188 scripserit,
612 3099 709 3167 semel
746 3099 841 3168 aliter
875 3120 972 3188 quam
1009 3105 1127 3169 caeteri
1160 3123 1273 3170 omnes
1305 3101 1339 3166 in
1369 3091 1469 3162 huius·

292 3204 379 3271 modi
411 3224 446 3271 re
472 3204 623 3271 nonluerit
647 3205 799 3272 scribere.
847 3204 933 3272 idem
960 3206 1047 3274 cadit
1073 3207 1233 3275 inlocum
1264 3205 1393 3294 Hippiae
1417 3193 1467 3260 mi·

291 3312 378 3377 noris
411 3330 440 3396 p.
476 3313 540 3376 att
567 3309 602 3377 Ε.
627 3311 687 3385 τοὶς
712 3313 768 3391 μὶν
791 3308 927 3386 οὶκόνσονς
950 3350 996 3364 -
1019 3315 1078 3386 τοίς
1102 3314 1133 3382 δὲ
1156 3314 1316 3390 ἑκουσίοις,
1362 3305 1413 3395 qui
1435 3293 1469 3366 ld
1546 3313 1547 3407 l

293 3415 457 3483 fastidium
491 3435 594 3503 usque
624 3417 656 3481 in
681 3436 718 3482 eo
743 3415 867 3502 dialogo
892 3416 974 3484 ἴσκον
995 3427 1028 3486 et
1051 3420 1124 3486 ἑκών
1148 3420 1313 3508 componit
1337 3421 1368 3482 et
1390 3411 1470 3477 οἰκον-
1546 3411 1547 3416 ’

292 3525 363 3596 σίας
386 3529 418 3590 et
441 3522 602 3599 ἑκουσίως,
623 3543 696 3589 euru
722 3521 892 3590 credemus
921 3523 1020 3590 semel
1047 3524 1077 3590 id
1103 3528 1266 3612 posuisse,
1290 3518 1373 3611 quod
1397 3528 1472 3582 nunss

291 3629 417 3697 duobus
452 3637 578 3696 tantum
615 3628 694 3696 locis
727 3630 758 3694 in
790 3629 941 3696 omnibus
969 3631 1205 3698 Atheniensium
1231 3631 1324 3698 libris
1347 3625 1471 3710 legatur·

291 3737 327 3804 ln
360 3736 547 3802 Tuucrumrs
579 3734 662 3801 libro
692 3735 745 3802 lv.
779 3755 849 3822 cap.
878 3741 929 3804 19.
955 3737 1117 3821 πεφύκασι
1140 3747 1203 3814 τοῖς
1227 3739 1368 3807 ἑκουσίως
1389 3727 1473 3796 ἐνδοῦ-

293 3867 339 3908 σιν
374 3843 583 3919 ιὶνθςσσοῖσθαι
619 3842 857 3908 Grammaticus
891 3842 924 3908 iu
962 3841 1096 3912 Brutum
1132 3845 1245 3912 Aneed.
1283 3843 1309 3908 i.
1344 3860 1374 3927 p.
1410 3833 1472 3898 156-

293 3950 410 4014 ἑνιοῦσιν
443 3948 571 4014 ἐνδοῦσιν
604 3946 717 4028 allent,
750 3945 835 4034 quod
867 3949 989 4015 rectius
1021 3948 1145 4017 dictum
1176 3959 1225 4017 est
1249 3947 1307 4016 scd
1339 3945 1475 4011 iniucun-

293 4053 370 4120 dum
404 4053 522 4119 acoidit
555 4052 596 4119 ad
629 4072 735 4120 aures.
783 4051 875 4119 Multi
908 4063 984 4121 sunt
1013 4055 1074 4122 loni
1106 4056 1161 4123 ubi
1197 4053 1356 4122 adiectiva
1378 4045 1476 4115 adver·

293 4159 419 4226 lniorum
444 4159 549 4226 locum
577 4159 723 4226 obtinent
751 4167 881 4245 propter
900 4159 1061 4228 scribendi
1084 4159 1274 4249 compendia
1289 4154 1477 4243 negligenter

292 4268 331 4332 ab
358 4264 495 4332 indoctis
519 4265 660 4352 expleta,
686 4285 767 4352 qrrae
789 4285 839 4330 res
859 4264 1119 4353 frequentissima
1141 4277 1188 4336 est
1211 4270 1241 4332 in
1257 4259 1477 4351 comparativo·

293 4393 364 4440 rum
391 4381 422 4438 ct
447 4371 717 4459 superlativorum
744 4371 878 4450 formis,
905 4374 980 4458 quia
1010 4375 1262 4458 σεριφανέςερος,
1289 4365 1478 4449 ἀθυμότερος,
1546 4375 1547 4452 l

292 4477 518 4562 βεβαιότερος,
555 4475 796 4559 καταδεέςερος,
834 4478 1054 4560 εὖθαρσέςασος
1090 4490 1122 4547 et
1153 4478 1272 4547 similia
1305 4475 1410 4543 curuia
1440 4467 1477 4532 ila
1546 4469 1547 4500 ³
