3178 4972
807 421 852 494 12

242 615 291 684 rel
313 615 558 685 oblectamento.
606 616 648 683 dt
671 615 759 684 aliud
779 615 859 704 quid
882 621 932 682 cst
955 612 1040 702 quod
1062 633 1119 680 nos
1143 631 1260 699 magno
1282 625 1377 698 opere
1399 606 1436 672 in

242 740 280 790 ea
302 741 337 788 re
361 730 485 790 moreat
509 730 542 789 et
566 720 720 789 advertat.
759 721 821 803 Qui
845 742 900 788 eas
924 720 1050 788 litteras
1074 730 1145 808 post
1168 717 1286 785 librum
1312 713 1438 780 deseri-

241 835 335 915 ptum
359 826 398 895 dc
422 849 511 896 more
542 827 689 915 adpinrit
712 837 745 896 et
768 828 949 896 immiscuit
982 828 1049 894 sire
1079 825 1164 893 idem
1190 823 1344 891 librarius
1366 819 1437 886 sire
1543 851 1547 862 ·

241 931 344 1009 alius,
378 933 462 1021 quod
496 934 575 1001 mibi
597 954 635 1002 cx
659 935 822 1022 scriptura
850 955 910 1000 nou
936 934 1015 1000 satis
1039 941 1260 1020 cunipertum,
1296 924 1436 994 incredi-

242 1036 299 1104 bili
331 1038 476 1108 socordia
506 1061 543 1109 ac
577 1042 759 1108 temeritate
792 1061 870 1108 usrts
902 1040 1029 1108 litteras
1064 1037 1211 1127 adpinrit
1245 1044 1277 1102 et
1309 1030 1438 1100 addidit

242 1163 304 1210 non
330 1164 411 1232 quas
435 1147 571 1213 omissas
594 1166 664 1214 csse
686 1147 790 1213 cuivis
814 1147 990 1236 apparebat
1013 1144 1068 1212 sed
1092 1165 1173 1233 quas
1197 1161 1291 1212 casus
1311 1148 1366 1206 aut
1385 1136 1437 1204 lu·

243 1248 317 1317 bido
347 1250 496 1320 subiecit.
545 1250 579 1319 Si
610 1253 683 1340 quis
713 1253 844 1339 linguae
881 1254 1021 1321 Graecae
1053 1250 1145 1339 plane
1176 1251 1310 1336 ignarus
1331 1254 1363 1312 et
1387 1242 1437 1309 nil

243 1357 306 1423 nisi
330 1355 561 1426 elementorum
596 1358 785 1426 Graecorum
818 1359 940 1446 figuras
970 1357 1093 1425 calamo
1117 1357 1236 1424 ducere
1260 1352 1373 1420 doctus
1395 1369 1438 1416 ea

243 1462 410 1530 intervalla
435 1483 494 1530 suo
517 1463 677 1532 arbitratu
699 1464 808 1532 littera
829 1465 978 1532 discolori
998 1462 1143 1552 qualibet
1161 1460 1350 1548 explevisset
1370 1477 1436 1524 aon

243 1579 368 1657 poteret
392 1571 535 1657 ineptius
558 1590 669 1637 errare
691 1580 724 1637 rt
747 1573 855 1638 omnia
879 1590 1108 1659 corrumpere,
1133 1587 1229 1657 quam
1256 1567 1353 1632 istum
1380 1563 1437 1630 bo·

243 1677 363 1742 minem
387 1674 419 1742 id
441 1676 555 1743 fecisse
579 1679 731 1764 comperi.
780 1677 826 1744 lle
851 1677 1011 1744 industria
1035 1679 1081 1743 ita
1105 1675 1226 1743 lactum
1251 1692 1320 1741 esso
1342 1679 1376 1738 et
1393 1669 1439 1735 li-

243 1781 292 1848 bri
317 1801 412 1849 usum
441 1781 588 1849 consulto
620 1781 810 1871 impeditum
843 1785 917 1871 quis
942 1783 1075 1850 inducat
1100 1784 1131 1849 in
1156 1777 1324 1848 aninruml
1372 1775 1438 1842 lla·
1486 1774 1489 1777 ’

243 1886 356 1955 bemus
387 1889 549 1976 specimen
583 1890 717 1976 peritiae
746 1889 965 1956 librariorum.
1015 1889 1195 1956 llcstitutus
1220 1885 1328 1953 nescio
1358 1883 1438 1971 quis

242 1994 357 2081 scripti
377 1993 451 2059 libri
483 1993 627 2062 subsidio
650 1995 764 2062 maluit
788 1994 929 2064 litteram
962 1995 1110 2083 supplere
1134 1992 1310 2081 quanrlibet
1335 2007 1436 2078 quam

244 2098 387 2166 hiantem
411 2098 537 2166 lacunis
561 2099 679 2169 librum
706 2100 899 2189 relinquere.
943 2101 1000 2169 Vel
1025 2103 1072 2168 sic
1098 2109 1204 2167 tamen
1226 2119 1263 2165 ea
1286 2095 1438 2164 socordia

242 2224 307 2272 nou
342 2193 481 2272 multum
514 2205 701 2273 detrimenti
739 2209 922 2286 attulisset,
956 2209 982 2274 si
1006 2210 1080 2295 quis
1110 2206 1257 2274 scivisset
1287 2201 1370 2270 uude
1394 2221 1436 2267 ea

243 2319 388 2378 monstra
411 2310 585 2378 lectionum
612 2324 719 2381 essent
746 2322 820 2381 nata
845 2323 877 2382 et
901 2333 998 2401 qumn
1024 2311 1103 2379 nibil
1127 2313 1166 2379 iis
1190 2310 1358 2378 clementis
1381 2326 1438 2374 es-

243 2424 292 2483 set
317 2414 536 2484 tribuendum.
584 2419 787 2486 Enumerabo
820 2422 961 2508 primum
994 2419 1113 2506 aliquot
1138 2436 1264 2485 errores
1287 2415 1340 2482 hic
1364 2434 1439 2481 rus·

243 2528 371 2610 ceptor,
408 2541 487 2608 quos
521 2522 605 2590 docti
638 2527 865 2606 sustulerunt,
903 2524 1019 2592 deinde
1049 2534 1191 2592 caeteros
1224 2523 1335 2611 paucis
1364 2521 1437 2608 ipsc

244 2626 402 2715 quomodo
437 2627 568 2696 tollendi
605 2632 671 2698 sint
700 2652 872 2719 exponam.
923 2631 1014 2700 bedu
1046 2630 1200 2697 librarius
1233 2648 1289 2715 pro
1321 2628 1437 2700 Δίωνος

243 2734 367 2814 cluere,
399 2737 516 2817 τιιὶριιιν
549 2755 605 2823 pro
629 2737 759 2822 διῄρουν,
790 2738 902 2822 τρύγες
927 2758 985 2826 pro
1009 2737 1144 2820 Φρύγες.
1171 2736 1265 2803 educar
1287 2753 1345 2821 pro
1367 2733 1435 2800 Λύ-

245 2864 315 2907 κιιι.
345 2842 458 2917 ἡσίρδις
484 2845 711 2930 pretioribus,
741 2845 831 2928 {duro
857 2865 913 2933 pro
936 2847 1063 2921 Εὐηιοῦ,
1086 2842 1193 2927 φύσει
1218 2862 1276 2930 pro
1299 2840 1435 2920 Μύσων,

244 2943 372 3023 terreo,
403 2948 430 3013 si
455 2946 555 3015 Murio
587 2945 708 3035 placet,
740 2970 798 3037 pro
821 2948 980 3028 Εὐξίθεος,
1011 2950 1185 3030 condrion
1216 2949 1344 3035 saepius
1376 2965 1437 3033 pro

243 3049 434 3136 Ἰιὲμβλιχοε
460 3053 500 3141 (χ
519 3056 775 3142 superscriptum
800 3055 898 3122 refert
918 3055 1053 3122 lormam
1075 3055 1256 3143 compendii
1276 3079 1327 3129 ει,
1348 3051 1437 3140 quod

245 3156 387 3222 modium
413 3168 501 3224 secat
522 3167 657 3240 acutus,
685 3160 768 3228 unde
792 3160 929 3229 subinde
953 3186 1005 3229 -ωι
1024 3172 1055 3230 et
1074 3186 1143 3245 ·χις
1168 3159 1436 3248 permiscentur),

245 3261 336 3329 θέλων
350 3283 406 3350 pro
419 3263 529 3343 Γέλων,
549 3265 638 3346 βέλει
649 3291 701 3347 μοι
714 3288 770 3353 pro
781 3268 891 3349 μέλει,
913 3270 1046 3348 pindrae
1064 3287 1122 3354 pro
1136 3272 1281 3346 Φιλητιῦ,
1303 3265 1439 3334 carolum

245 3388 303 3457 pro
326 3368 479 3450 πιιιιὶνωι,
513 3370 644 3450 lablorem
670 3394 727 3462 pro
751 3373 907 3458 Brldcroe,
940 3375 1037 3442 Socou
1064 3373 1098 3438 lit
1121 3373 1244 3457 φδλιιν,
1277 3372 1438 3441 Eruitur·

244 3494 320 3541 cuus
342 3476 522 3564 appellatur
544 3479 753 3563 ὃρυξίμιιχις,
779 3480 859 3548 Curo
890 3481 1029 3569 denique
1060 3488 1192 3567 repente
1217 3488 1361 3546 mutatus
1384 3486 1438 3545 est

246 3580 278 3647 iu
302 3581 414 3649 cairam
451 3583 537 3653 ldem
562 3586 698 3654 subinde
721 3586 817 3655 oflicii
842 3590 1013 3655 immemor
1036 3585 1212 3652 litterulam
1238 3584 1438 3660 rdderesu·

245 3687 403 3775 persedit:
428 3700 560 3781 apparet
582 3702 722 3776 ριιτῖιιι,
746 3693 868 3770 adrem
899 3694 1016 3774 υμεῶν,
1047 3711 1143 3779 quem
1170 3691 1438 3758 Wrrrrrmcruus

246 3795 277 3859 iu
301 3795 464 3864 biusorumr
494 3797 619 3866 volebat
651 3810 797 3881 mutare,
833 3799 957 3868 Srrrrou
980 3807 1049 3876 est,
1082 3795 1229 3878 ἄλευιιιε,
1254 3797 1434 3882 cribrorum,

244 3901 394 3982 ἐνιιιχμιε
418 3911 450 3969 et
476 3909 557 3987 σφῶν
582 3925 639 3992 pro
663 3910 780 3989 Ἰοφῶν.
822 3903 921 3993 Opem
947 3905 1093 3973 tulerunt
1115 3903 1252 3972 cruditi:
1276 3903 1341 3971 duo
1365 3913 1437 3970 tau·

244 4015 315 4072 tum
351 4008 492 4076 nondum
529 4013 727 4080 revixerunt.
777 4012 836 4080 llst
866 4013 900 4078 in
932 4012 1042 4081 codice
1074 4010 1165 4078 locus
1190 4011 1245 4078 ubi
1268 4037 1290 4078 ω
1314 4010 1438 4097 legitur

245 4133 320 4180 cum
343 4114 551 4202 compendio.
577 4137 640 4204 quo
664 4142 702 4185 rr
726 4117 947 4204 significatur:
972 4117 1051 4202 πόνῳ
1067 4120 1117 4202 ¹‘cpi
1140 4118 1437 4202 clyp-rapara-

245 4220 388 4288 codrctor
415 4222 467 4290 τὸν
494 4223 575 4302 βίον.
624 4223 772 4301 Sturnos,
805 4225 858 4290 cui
890 4224 969 4293 illud
1001 4225 1226 4313 compendium
1259 4224 1435 4293 obscurum

217 4334 314 4393 ·crat
339 4330 519 4395 annotarit:
546 4329 731 4418 »quodnam
756 4332 899 4399 auctoris
922 4351 1037 4399 nomen
1066 4331 1126 4399 sub
1150 4330 1203 4397 illa
1227 4328 1435 4418 compendia-

247 4433 294 4501 ria
319 4453 395 4502 voce
419 4433 516 4503 lateat
541 4434 687 4505 divinare
711 4457 773 4504 uon
795 4438 919 4526 potui.”
944 4438 1110 4522 Σωκράτης
1125 4445 1192 4517 est,
1215 4438 1271 4525 qui
1291 4435 1435 4506 dixerat:
