3204 4978
746 377 815 448 305

191 569 309 656 quibus
334 570 546 638 Athenienses
566 588 695 659 semper
712 572 977 640 consuetudinem
1000 572 1141 640 ionicam
1163 578 1381 660 retinuerunt,

192 685 228 743 ui
258 677 290 742 in
331 678 522 756 Πονλυπῖυν,
561 676 692 760 Θάλεω,
731 679 856 759 Πύύευ,
893 681 1020 761 Tipasa,
1057 684 1183 762 Ζήνιος,
1220 685 1381 766 Σκήψιος,

191 783 360 866 Ἀφύτιος,
393 783 553 864 Κρεύσιος,
585 784 692 863 Λάδη,
717 785 807 864 aliis,
837 785 877 852 de
901 785 1019 872 quibus
1042 786 1122 854 alias
1146 787 1271 857 dicam:
1296 811 1384 860 ntrnc

193 909 293 956 unum
318 891 443 958 Lucrum
467 910 563 956 causa
593 889 756 968 indicabo,
783 893 838 978 qui
862 893 915 957 ubi
935 891 1070 960 debebat
1090 894 1202 976 ῖάζειν,
1230 915 1290 962 non
1318 917 1382 964 me·

191 997 297 1091 minit.
346 995 466 1063 Nomen
499 1005 548 1062 est
579 996 773 1073 πουλύπους,
804 996 835 1062 in
867 1017 1074 1084 quo-omnes
1108 1000 1206 1066 Attici
1242 1003 1382 1088 primam

191 1101 395 1191 producunt,
423 1103 576 1170 et‘ilores
606 1123 733 1190 quoque
763 1102 943 1178 condendae
976 1101 1140 1182 dicehant,
1172 1115 1205 1172 at
1231 1107 1384 1190 Lucrinus

192 1209 342 1297 aequales
365 1210 514 1296 sequitur
534 1218 567 1277 et
585 1209 741 1276 πολύπουν
758 1207 840 1275 dixit
860 1215 900 1288 9,
915 1213 994 1288 4,7.
1008 1219 1041 1277 et
1059 1212 1222 1279 condrada
1249 1220 1306 1294 14,
1330 1219 1382 1282 10.

192 1324 224 1382 ct
249 1315 338 1383 aiibi.

239 1423 273 1489 in
299 1420 469 1490 verborum
495 1421 608 1488 icrmis
630 1441 727 1509 quam
753 1421 897 1488 discedat
921 1441 940 1488 a
961 1421 1114 1488 Veterum
1135 1444 1197 1491 usu
1220 1427 1250 1492 in
1273 1428 1385 1514 paucis

192 1528 384 1616 quibusdam
417 1549 593 1613 cognosce,
633 1548 670 1594 ac
701 1529 843 1615 primurn
878 1531 909 1592 in
941 1527 1088 1607 πῖτομοιι.
1137 1532 1234 1599 Attici
1270 1532 1385 1602 dicunt

192 1636 349 1716 πέτομαι,
383 1636 542 1715 πτάτομιιι
575 1633 686 1715 (sonaret
706 1644 737 1699 et
759 1634 878 1700 ilerum
900 1633 1106 1723 πετύτομοιι),
1130 1644 1199 1704 ium
1225 1639 1383 1719 ἐπτύμνν,

192 1741 342 1821 ππέούοοι,
362 1739 523 1822 πτάμενος.
550 1741 677 1825 Tragici
692 1761 729 1806 ex
753 1739 879 1805 Houeoo
892 1750 1115 1806 ossttmserunt
1130 1740 1241 1822 ἔππιςν,
1254 1746 1384 1825 oraine,

192 1856 327 1925 ππιῖνοιι,
351 1846 455 1923 πτάς,
487 1857 515 1914 el
550 1845 714 1927 ἕπτάμιιν,
747 1845 905 1925 πτάσύοιι,
939 1846 1113 1926 πτάμενος,
1139 1869 1277 1934 quorum
1305 1851 1386 1918 nihil

195 1955 227 2020 in
259 1953 446 2042 quotidiano
478 1973 624 2020 sermone
653 1953 685 2018 in
720 1972 780 2018 usu
806 1951 868 2018 luit
891 1961 982 2018 extra
1007 1954 1111 2018 iocum
1137 1965 1193 2020 aut
1218 1958 1384 2040 ποιςῳδῖοιν.

194 2063 306 2148 itaque
331 2061 363 2126 in
388 2052 557 2128 Comoedia
580 2061 719 2140 ἐπτύμιςν
743 2058 847 2124 iocum
883 2057 994 2136 hahet,
1027 2059 1173 2141 ἕττάμιςν
1208 2062 1261 2128 ubi
1285 2083 1385 2152 snpra

195 2187 323 2234 soccum
349 2168 453 2232 oratio
477 2165 635 2253 adsurgit.
674 2165 830 2232 Librariis
853 2164 952 2231 aliter'
970 2167 1089 2234 visum.
1127 2166 1261 2235 Formas
1274 2190 1312 2236 ex
1326 2170 1386 2238 tto

194 2293 274 2341 ιιιιιιο
298 2273 414 2340 sibiet
438 2273 587 2339 omnihus
612 2272 797 2340 notissimas
817 2273 936 2359 passim
961 2271 1134 2351 invehunt,
1159 2272 1273 2341 (luitici
1295 2275 1385 2343 dubii

196 2381 330 2448 haerent
361 2390 390 2447 et
433 2390 604 2468 utramque
636 2379 771 2444 icrmam
812 2376 922 2444 faciles
957 2376 1145 2446 admittunt.
1193 2380 1386 2450 Percurram

195 2489 416 2554 Anrsrcronnrs
457 2483 682 2563 Comoediam,
713 2486 745 2549 in
786 2503 848 2571 qua
886 2483 995 2550 volant
1028 2503 1160 2565 omnes,
1192 2486 1293 2567 Aves,
1331 2487 1387 2555 uhi

195 2615 242 2661 vs.
268 2599 310 2660 55
335 2593 477 2680 genuina
502 2591 604 2658 iorma
629 2590 806 2670 άνεπτάμιιν
828 2599 955 2661 seruata
979 2599 1043 2657 est:

375 2699 581 2777 άνεππύμεσύ*
608 2699 642 2763 ἐκ
665 2707 720 2774 τῆς
745 2697 889 2778 ποοτρῖδος
913 2697 1034 2779 άμφοῖν
1058 2695 1169 2764 ποδοῖν.

195 2806 250 2874 scd
274 2805 336 2872 alic
361 2807 440 2871 vitio
463 2824 577 2871 versus
601 2804 740 2870 laborat:
765 2803 892 2888 corrige

376 2911 561 2990 άνεπτάμεύ
584 2912 618 2976 ἐκ
639 2916 695 2985 τοῖς
718 2909 863 2991 πατρίδος
889 2909 1011 2992 άμφοῖν
1032 2917 1096 2975 τοῖν
1119 2909 1229 2976 ποδοῖν.

196 3021 339 3088 Perierat
365 3038 412 3084 vs.
442 3022 515 3085 118.
545 3016 598 3083 ubi
625 3019 655 3082 in
681 3017 812 3102 optimis
835 3013 928 3080 libris
950 3022 1015 3080 est:

374 3123 426 3191 cai
449 3129 510 3204 γῆν
533 3124 642 3190 ἐπέπου
664 3121 717 3189 eoi
741 3122 796 3197 τῖιν
818 3119 982 3188 tenenat
1005 3121 1036 3185 ἕν
1058 3120 1171 3203 κύκλῳ.

194 3230 309 3300 Oritici
331 3231 561 3297 restituerunt:
780 3316 782 3320 ι

374 3336 426 3402 νοοῖ
450 3344 510 3416 γῆν
533 3334 669 3403 ἐπέπτου
692 3335 744 3402 ecl
770 3333 936 3403 ύάλοιτποιν
956 3335 987 3400 ἐν
1009 3333 1121 3420 κύκλῳ.

194 3443 338 3511 Perierat
361 3462 407 3508 vs.
435 3446 510 3508 788.

376 3547 577 3627 ἕκπετύμενος
601 3547 640 3614 άν
662 3541 749 3621 οὗτος
773 3548 912 3629 >ilianum
938 3547 1031 3614 ἐλθὼν
1054 3547 1168 3614 οῖκοιδε.

195 3654 353 3720 sententia
386 3663 417 3720 et
454 3663 557 3722 rnetro
591 3653 722 3721 iubente
749 3653 956 3720 emendatum
988 3662 1037 3720 est
1062 3652 1268 3734 ἐκπτύμενοςε
1296 3654 1383 3723 salua

195 3759 275 3825 abiit
294 3781 339 3827 vs.
357 3765 454 3828 1171.
469 3761 700 3841 ἐπεπτόμεούυ.
734 3759 891 3846 Corrupta
909 3767 958 3826 est
982 3761 1013 3826 in
1029 3757 1165 3827 immam
1181 3761 1383 3830 notissimam

194 3863 361 3934 Graeculis
391 3887 438 3933 vs.
463 3873 505 3934 48
538 3868 721 3945 inimare,
753 3886 800 3932 vs,
826 3871 869 3932 90
899 3866 1085 3945 άπέπποιπο,
1115 3871 1181 3932 278
1213 3867 1383 3948 ἐπέπτατο,

195 3977 260 4039 789
283 3981 316 4039 el
340 3979 404 4040 ⁷92
425 3973 624 4049 κοιτέπτιοτο,
650 3977 711 4040 791
738 3982 770 4040 el
797 3976 860 4040 795
884 3971 1061 4050 άνέπτοιτο,
1086 3978 1170 4039 1175
1195 3973 1381 4057 εῖοέπτοιτο,

198 4079 546 4159 maenomenon,
582 4084 664 4147 1615
690 4078 924 4161 προσπτάμενος
948 4089 979 4146 et
1008 4082 1091 4145 reue
1117 4081 1382 4161 recensuimus,

192 4183 312 4272 quibus
343 4184 421 4253 locis
452 4185 602 4252 omnibus
634 4183 835 4272 reponendae
866 4193 943 4250 sunt
973 4183 1095 4251 iormae
1120 4187 1153 4252 iu
1183 4187 1328 4267 -irccerc,
1352 4197 1385 4255 et

193 4289 372 4372 πτάμενος.
409 4291 542 4359 liubilae
559 4291 678 4358 etiami
705 4293 827 4378 inspice
844 4289 930 4358 hunno
948 4310 1048 4358 unum
1068 4291 1174 4360 locum
1197 4313 1243 4362 rs.
1258 4297 1322 4361 788
1335 4313 1383 4380 sq.

330 4397 518 4479 ἐκπτόμενος
542 4399 581 4465 διν
604 4395 690 4472 οὗτος
713 4401 852 4480 ἠρῖςιιτεν
875 4399 966 4464 ἐλθὼν
988 4398 1111 4479 οῖκοιδε,

330 4504 403 4592 κᾷτ’
429 4505 467 4572 άν
491 4504 680 4586 ἐμποιιιούεῖς
701 4507 754 4588 ἐφ’
777 4507 862 4586 ἧμοῖς
886 4499 971 4580 cedite
993 4500 1036 4572 ινῖι
1056 4505 1247 4572 κιιπέπτιοτο.

1186 4613 1219 4660 ac
