3150 4972
832 361 904 432 144

270 553 383 633 λύγους
415 554 567 635 tropitae
596 554 653 625 cb'se
682 558 764 636 μήτε
794 556 836 637 τῷ
869 553 974 636 ύερμδν
1004 553 1039 618 τδ
1072 550 1149 618 αύτὺ
1181 553 1313 632 προὺγμα
1332 545 1442 627 λέγοντι

270 661 373 740 μήτε
396 663 445 744 τῷ
467 665 588 745 φνχρδν
611 663 786 744 ἀντιλέγειν
810 659 895 744 ἔχειν
916 660 969 725 cci
989 663 1096 724 ταῦτα
1115 657 1217 724 εὑδύτα
1236 660 1341 738 σαφῶς
1351 657 1387 728 dc
1399 654 1445 719 οὑκ

270 764 309 831 ἄν
335 790 410 832 ποτε
434 770 541 852 ύερμδν
565 769 611 844 εἴη
635 795 666 836 τι
690 769 743 837 καὶ
768 767 889 853 ψυχρὸν
913 767 943 832 έν
967 767 1071 847 ταὺτῷ
1095 763 1203 847 χρόνῳ.
1234 758 1446 828 buccelenus
1543 767 1544 782 ¹

272 881 321 938 est
344 874 503 941 Lucrinae
521 876 554 942 in
573 873 659 942 hunc
680 875 810 942 moduni
830 873 1017 960 scripsisse:
1039 870 1133 950 panti
1157 871 1199 951 τῷ
1220 864 1447 950 ὑερμδιτδαὺτδ
1544 905 1545 930 ι

271 983 409 1060 πριῖγμα
433 981 556 1062 λέγοντι
581 983 647 1049 nat
670 983 792 1066 ψυχρὸν
816 981 991 1061 ἀντιλέγειν
1015 977 1111 1060 ἔχειν.
1144 975 1178 1044 si
1200 977 1273 1063 quis
1291 972 1448 1040 conabitur

273 1085 323 1150 bis
348 1086 543 1169 ὑντιλέγειν,
569 1086 762 1155 subvenient
787 1086 885 1164 mibi,
907 1104 1018 1173 spero,
1043 1081 1221 1171 philosophi
1246 1090 1278 1147 et
1301 1076 1447 1146 diaieciici

271 1193 426 1260 saniores.
451 1193 488 1260 ln
510 1193 620 1262 eodem
642 1194 772 1280 Dialogo
791 1197 808 1279 §
830 1197 869 1259 21
894 1191 1011 1257 bonam
1033 1193 1178 1257 Tircsnr
1198 1184 1448 1254 consiiiomscri·
1545 1205 1546 1212 ¹

271 1297 330 1364 bae
365 1298 594 1386 depravarunt.
633 1301 647 1364 ὑ
682 1308 741 1366 τῶν
777 1300 899 1366 ἰδιωτῶν
935 1295 1036 1378 ὑριεος
1068 1296 1156 1376 βίος,
1190 1295 1313 1381 inquit,
1343 1297 1381 1367 ῶς
1401 1297 1449 1366 τοῖς

271 1405 445 1488 ἀφροσύνης
477 1406 679 1486 πανσοὺμενος
709 1445 753 1456 --
784 1403 985 1484 τοῦτομόνον
1008 1404 1044 1484 ἐξ
1066 1399 1206 1478 ἅπαντος
1229 1393 1450 1484 ύηρύση,ύτωι
1546 1390 1547 1424 ³

271 1514 306 1578 τδ
329 1514 424 1595 παρδν
444 1508 477 1579 εὗ
498 1513 618 1592 θέμενος
638 1510 843 1596 παραδρύμης
867 1518 968 1591 γελῶν
990 1509 1034 1576 ric
1058 1508 1174 1577 πολλοὶ.
1200 1506 1371 1574 scindentis
1390 1511 1451 1570 crat

270 1616 379 1684 dicero
402 1615 460 1688 ὅτε
484 1657 528 1668 —-
556 1620 705 1702 ύήρασαι,
730 1617 845 1684 deinde
867 1617 1068 1700 παραδραμεῖ
1089 1613 1330 1702 seponendum,
1352 1619 1383 1679 ct
1402 1607 1452 1678 ύτε
1547 1675 1548 1678 ,

271 1723 401 1812 quidem
428 1725 588 1792 Barrsnus
611 1744 739 1811 quoqne
762 1723 882 1810 reperit
905 1721 960 1790 sed
988 1723 1192 1789 necessarios
1217 1732 1263 1788 est
1291 1721 1322 1786 in
1348 1715 1453 1783 tabibus

272 1831 454 1915 imperativi
478 1850 577 1908 usus,
602 1830 747 1897 futurum
774 1832 817 1897 ita
842 1829 972 1897 demum
997 1839 1084 1896 recte
1105 1830 1259 1918 ponitur,
1280 1828 1307 1894 si
1326 1823 1455 1893 conditio

272 1934 430 2022 quaedam
444 1938 617 2023 apponitur
630 1936 833 2003 huiusmodi:
855 1937 938 2018 οἵπερ
949 1933 981 2003 εὑ
993 1943 1131 2020 φρονεῖς,
1154 1936 1207 2002 ἐὰν
1222 1941 1387 2018 σωφρονῇς,
1406 1935 1455 1996 aut
1548 1939 1549 1948 ’

273 2040 379 2108 simite
402 2040 503 2128 qnid,
530 2040 613 2109 unde
638 2042 858 2110 emendandus
880 2045 944 2110 erit
968 2043 1056 2110 iocus
1086 2045 1251 2108 bassanus
1276 2043 1308 2108 in
1334 2035 1456 2124 Gtedpb.

273 2152 291 2234 ς
314 2151 390 2214 cis.
412 2147 476 2213 οὑπδ
495 2148 552 2227 μὲν
571 2143 622 2214 οὖν
639 2157 695 2226 τής
715 2150 926 2233 ἀναισχύντου
945 2149 1189 2232 πραγματείας,
1216 2148 1274 2214 ἐὰν
1290 2151 1456 2231 σωφρονῇς,
1549 2204 1550 2240 p

274 2255 443 2331 αποτήσει,
475 2255 599 2330 ποίησαι
631 2255 677 2334 δέ,
705 2253 726 2320 ὦ
755 2263 938 2340 Κτησιφῶν,
971 2257 1022 2323 διὺ
1052 2261 1167 2322 σαυτοῦ
1190 2257 1248 2332 τήν
1271 2250 1457 2331 οὑπολογύαι,
1549 2241 1550 2272 ³

274 2361 493 2429 necessarium
526 2381 658 2448 prorsus
688 2370 737 2428 est
761 2363 889 2439 ποιήσει.
938 2360 1057 2428 Eodem
1084 2360 1228 2428 remedio
1254 2357 1406 2427 utendum
1429 2355 1458 2420 in

272 2487 307 2534 re
331 2487 393 2533 non
420 2465 557 2534 muitum
582 2466 732 2534 dissimiii
757 2469 788 2532 in
811 2467 955 2535 eiusdem
981 2467 1201 2552 rimaranes
1229 2472 1305 2534 rol.
1327 2465 1459 2544 ἐξαιρεῖτ’
1550 2476 1551 2534 ι

271 2567 338 2652 οὖν,
362 2570 384 2638 d
406 2574 578 2650 Ἀθηναῖοι,
604 2573 662 2648 τὰς
686 2575 835 2649 τοιαύτας
852 2574 964 2658 φύσεις
985 2574 1038 2642 καὶ
1058 2575 1101 2641 τδ
1120 2579 1179 2640 τῶν
1199 2573 1274 2640 νέων
1295 2571 1460 2654 ζηλώματα

270 2681 320 2746 ἐπ’
343 2682 453 2762 ύρετήν
476 2678 695 2762 προτρέψασθε.
722 2678 821 2746 diuite
846 2681 960 2746 meiius
985 2679 1101 2748 Orator
1120 2678 1250 2746 dixerat
1270 2689 1303 2746 et
1322 2677 1363 2745 ad
1384 2673 1459 2742 iudi·

270 2807 345 2854 cum
359 2787 483 2852 animos
497 2785 748 2852 inflammandus
760 2783 939 2852 efficacius:
960 2784 1111 2867 ἐξαιρεῖτε
1122 2823 1168 2836 ·-
1179 2785 1234 2852 καὶ
1252 2823 1295 2836 -
1317 2806 1462 2866 προτρε-

270 2895 417 2975 φεσύε,
443 2901 480 2959 ui
506 2895 537 2958 in
562 2892 692 2959 oraculo
716 2891 805 2975 ιὺιιρσν
828 2893 912 2972 λαβὲ
935 2893 988 2959 xci
1012 2894 1104 2972 μέσον
1128 2889 1227 2970 ἕξεις,
1254 2887 1461 2963 continebo,

270 2999 355 3087 qnod
378 3001 520 3066 Parmeno
540 2997 651 3065 datum
673 3008 914 3078 essentessent,
937 2999 1082 3067 etmulti
1104 2998 1157 3064 aiii
1184 2999 1362 3084 probatum
1376 2995 1463 3080 longo

271 3125 333 3173 usn
358 3103 516 3172 retinent:

406 3208 585 3291 ’Λργυρέαις
610 3208 762 3292 λύγχαισι
786 3213 896 3298 μύχον
919 3212 971 3280 καὶ
994 3211 1101 3279 πάντα
1123 3211 1305 3293 κρατήσεις.

270 3317 399 3402 etquis
424 3336 485 3382 non
513 3317 556 3383 ito
581 3335 675 3404 saepe
700 3317 864 3405 loquitur?

315 3423 350 3488 ln
388 3421 546 3488 Piscatorc
584 3427 642 3501 lo,
679 3429 732 3491 27.
768 3427 820 3492 κού
857 3427 892 3492 σὲ
927 3423 1074 3506 ἀξιοῦμεν
1103 3425 1290 3506 τιμωρήσειν
1325 3426 1399 3503 ήμῖν
1426 3420 1466 3485 τὺ

269 3527 406 3610 araxen
430 3529 638 3610 ὑβρισμένοις,
664 3539 750 3598 recte
776 3530 995 3618 cogitantibus
1018 3531 1155 3614 αὑτχιςα
1175 3529 1386 3617 displicebit,
1409 3545 1466 3592 non

269 3635 389 3717 αἰσχροὶ
420 3632 506 3717 ὕβρις
537 3635 679 3712 dicitur,
713 3657 774 3702 non
805 3639 940 3719 αἰσχρῶς
966 3636 1116 3719 ὑβρίζειν,
1143 3636 1219 3723 qnia
1248 3656 1314 3703 non
1341 3645 1394 3702 est
1418 3632 1467 3699 coi

269 3751 450 3829 opponatur
471 3743 553 3817 καλή
573 3739 674 3823 ὕβρις,
702 3762 805 3828 neque
825 3744 956 3827 ὑβρίζειν
973 3751 1087 3818 καλῶς.
1114 3741 1263 3808 Restitue
1283 3743 1330 3809 τδ
1344 3742 1470 3823 ἔσχατα

270 3847 471 3929 ὑβρισμένοις.
504 3845 583 3914 ibid.
619 3853 635 3932 §
664 3853 706 3914 38
729 3851 916 3928 ύνατέύεμαι
941 3851 983 3916 τὰ
1006 3847 1265 3931 κατηγορούμενα
1292 3857 1345 3915 est
1371 3845 1470 3934 negti·

268 3955 400 4040 gentius
423 3950 569 4030 dicium,
595 3973 691 4040 quam
719 3964 754 4022 nt
777 3964 872 4022 acuto
900 3956 1015 4023 Graeco
1037 3953 1187 4022 excidere
1211 3957 1375 4041 potuerit.
1401 3954 1470 4020 cor-

269 4063 339 4148 rige
372 4060 415 4126 rob
447 4060 683 4141 κατηγορημένα
715 4070 747 4129 ct
779 4065 796 4148 §
833 4069 870 4130 41
904 4063 958 4130 καὶ
982 4062 1125 4139 παλύύην
1149 4060 1294 4143 ὑσχύδων
1320 4057 1410 4136 οὑτύς
1434 4082 1471 4140 γε

268 4167 554 4249 προσεπιλήψεται,
588 4167 821 4236 alienissimum
855 4180 903 4236 est
926 4167 966 4236 ab
990 4190 1026 4236 ea
1053 4190 1087 4236 re
1111 4166 1373 4247 ἐπιλαμβάνειν,
1400 4166 1473 4232 binc

270 4274 429 4341 [terrenus
461 4275 675 4357 προσλήψεται
707 4274 746 4341 de
770 4277 994 4363 conscripsit.
1042 4275 1160 4345 Lenius
1184 4280 1230 4341 est
1259 4274 1394 4358 προσέτι
1420 4272 1474 4350 λή-

267 4387 375 4464 φεται.
