3208 4972
773 399 844 473 277

199 592 350 674 μετοέκων
378 600 473 661 πονῶν.
508 595 561 661 Vt.
592 601 646 662 32.
679 593 853 676 ἐλέχθησαν
882 593 987 660 rotulit
1018 594 1105 672 λέγον
1137 589 1202 658 eet
1224 615 1259 655 τε
1282 588 1389 655 ἄλλων

199 700 264 766 κτέ.
289 699 344 768 Vl.
371 705 427 769 61.
460 703 519 768 ἄπ’
542 703 655 769 έκεένον
686 699 780 768 έδέκεο
804 701 991 783 πραχθῆναι.
1029 698 1111 766 Viti.
1141 704 1189 764 11.
1215 695 1390 776 λεγομένων

198 805 300 885 λέγων
324 806 389 873 οέτέ
411 831 445 872 τε
478 813 532 873 τοῦ
557 809 732 882 Χαλκιδέως
757 807 809 874 καὶ
834 804 1047 885 Ἀλκνβνοέδον.
1095 801 1141 870 ld.
1168 809 1220 870 18.
1244 811 1303 868 τῶν
1326 803 1389 868 οξτο

198 912 402 993 Ἀλκιβιάδου
428 915 655 996 πρασσομένων.
694 914 741 981 ltl.
767 918 820 980 68.
844 913 902 978 ἀπ’
925 912 1036 994 ἀνδρῶν
1056 917 1177 977 πολλῶν
1193 909 1246 976 καὶ
1260 908 1389 986 ξννετῶν

198 1020 336 1101 πραχθέν
359 1021 393 1086 τὸ
413 1019 515 1102 ἔργον,
542 1021 575 1086 in
599 1019 717 1106 quibus
738 1019 815 1085 tucis
839 1020 1037 1106 quicumque
1061 1019 1197 1083 senserit
1218 1037 1315 1103 quem
1338 1035 1391 1082 ne·

198 1127 376 1192 cessarium
402 1127 444 1192 sit
473 1126 549 1206 ὑπό,
574 1127 601 1192 is
625 1125 735 1193 eadem
762 1145 855 1212 opera
881 1145 992 1191 omues
1011 1121 1244 1190 eiusdemmodi
1264 1141 1391 1190 errores

198 1231 399 1299 confidenter
423 1251 460 1298 ex
485 1233 624 1298 eueteris‘
647 1231 833 1299 removebit.

214 1391 217 1398 .
243 1336 375 1404 Diversa
400 1338 483 1403 ratio
515 1347 563 1405 est
588 1337 748 1414 iocorum,
782 1337 886 1424 quatis
910 1346 956 1403 est
984 1337 1009 1403 1.
1039 1342 1090 1402 10.
1116 1337 1179 1403 απὸ
1205 1335 1308 1413 πάσης
1333 1343 1389 1411 τῆς

196 1443 348 1518 Ἑλλάδος
370 1443 583 1525 πεμπόμενον,
610 1443 663 1510 ubi
685 1444 743 1511 ὑτέ
763 1443 952 1532 depravaret
978 1444 1189 1520 senteutiam,
1214 1463 1276 1507 nou
1300 1443 1387 1508 enim

197 1548 275 1616 dicit
315 1554 406 1616 τᾶσα
447 1553 464 1628 ri
497 1551 615 1624 Ἑλλὰς
652 1553 793 1631 ἔπεμψεν
828 1552 960 1626 αὐτούς,
993 1549 1047 1616 seri
1084 1571 1123 1614 er
1147 1549 1232 1615 ornei
1260 1549 1389 1614 Graecia

197 1657 301 1744 οορίσο
335 1678 401 1724 σοον
429 1657 584 1726 collectas.
633 1655 790 1723 Similiter
817 1656 902 1723 Vill.
927 1662 981 1723 77.
1006 1656 1069 1721 ἀπὸ
1100 1663 1159 1720 τῶν
1189 1655 1391 1735 τετρακοσίων

196 1763 392 1844 πεμφθέντες
423 1763 478 1850 qui
509 1761 665 1830 dicuutur
688 1783 757 1848 nup.
779 1767 831 1830 86.
857 1765 883 1828 oi
907 1765 970 1828 οὶτὸ
993 1769 1052 1828 τῶν
1075 1761 1276 1844 τετρακοσίων
1299 1785 1388 1843 προσ·
1498 1851 1501 1862 Ι

197 1868 331 1948 βενταέ,
368 1877 404 1933 111
435 1875 678 1954 nonnumquam
712 1866 834 1933 dieitur
864 1868 1056 1950 πρεσβευτὴς
1081 1867 1146 1933 riui
1167 1891 1262 1944 τινος,
1287 1885 1391 1953 neque

196 1974 361 2060 tetigerim
388 1973 440 2041 tv.
468 1979 521 2040 73.
546 1975 627 2040 οὐδὲν
647 1976 708 2056 atu·
729 1974 877 2056 ἑκατέρων
896 1975 1103 2058 ἐτεχενρεῑτο,
1128 1977 1203 2060 quia
1229 1973 1390 2058 significat

198 2079 400 2163 ἑκατέρωθεν,
427 2089 462 2146 ut
487 2081 519 2145 in
539 2080 646 2147 πολλοὶ
665 2081 726 2162 αφ’
754 2079 901 2162 ἑκατέρων
921 2078 1028 2146 έτεσον
1053 2088 1086 2146 et
1110 2079 1281 2147 sumtibus,
1329 2079 1389 2144 Eu*-

198 2183 269 2252 dem
293 2184 439 2252 contusio
463 2206 557 2273 saepe
578 2188 610 2252 iu
636 2185 742 2252 verbis
759 2188 946 2272 compositis
965 2187 1109 2252 occurrit
1133 2197 1202 2286 nr.
1227 2184 1389 2269 eroum-

197 2314 306 2369 νοντας
342 2293 373 2356 in
403 2290 494 2358 tibris
519 2301 567 2358 est
599 2313 656 2379 pro
687 2291 955 2374 ὑποφέέγνονταν,
986 2301 1018 2358 et
1042 2290 1159 2365 ὑποςοές
1185 2312 1242 2378 pru
1265 2289 1388 2364 ατοςοές

197 2401 261 2477 27,
288 2401 340 2464 46.
365 2407 396 2464 et
421 2396 494 2464 eliis
518 2397 608 2464 tucis.
658 2395 785 2484 Optime
811 2397 1059 2464 tirusuunnusrus
1084 2397 1116 2463 in
1147 2402 1203 2476 10,
1224 2402 1310 2478 6,5.
1332 2416 1388 2484 pro

195 2503 432 2584 ἀποσμυγέντες
456 2501 640 2571 emendavit
665 2503 907 2584 ὑποσμνρέντες.
980 2505 981 2508 ’

240 2608 501 2697 Compentiutum
534 2609 568 2692 ζ,
600 2629 664 2696 quo
689 2609 755 2675 ατο
785 2610 956 2687 scribitur,
988 2609 1190 2676 simittimum
1222 2619 1270 2675 est
1295 2609 1388 2676 alteri

194 2715 341 2794 cuidem,
368 2735 429 2802 quo
449 2714 534 2782 κατα
554 2714 724 2802 designare
747 2713 957 2804 taebygrupbi
980 2714 1140 2793 sotebant,
1165 2714 1229 2780 rid.
1252 2716 1387 2782 Brsrruu

196 2821 275 2888 tab.
299 2821 353 2888 Xi.
380 2829 412 2888 1.
436 2822 467 2887 έν
489 2823 532 2905 τῷ
553 2825 625 2889 κατ’
649 2823 880 2904 Ἀροςοκροέτονς
902 2831 932 2888 et
952 2821 1009 2887 VI.
1034 2827 1086 2888 13.
1112 2825 1153 2904 τῷ
1178 2824 1264 2888 κατα
1288 2823 1387 2905 παρσέ-

196 2934 291 3011 λκψνν
315 2930 473 3010 σχήματι.
507 2928 581 2995 bine
612 2928 677 2994 απὸ
708 2938 739 2994 et
769 2928 854 2995 xerat
887 2931 971 2996 iuter
994 2949 1028 2994 se
1052 2938 1298 3015 permutantur,
1325 2949 1387 2994 non

196 3054 315 3121 magno
341 3035 445 3115 mato,
471 3036 498 3101 si
522 3036 594 3123 quis
614 3035 708 3122 lungo
728 3056 786 3101 usu
808 3037 932 3102 nouerit
954 3034 1006 3101 ubi
1027 3035 1092 3102 ατέ
1113 3037 1314 3122 ναρκίσσων,
1333 3033 1387 3101 ubi

197 3139 282 3207 κατέ
301 3143 343 3208 sit
364 3142 601 3219 necessarium,
620 3161 719 3228 eaque
740 3143 826 3208 iuter
846 3163 879 3210 se
899 3141 985 3208 saiva
1005 3141 1186 3209 Graecitate
1207 3144 1386 3230 permutari

196 3265 257 3313 nou
283 3266 385 3334 posse.
434 3246 580 3334 Aliquem
605 3246 645 3313 de
669 3267 745 3314 saxo
770 3247 846 3316 dare
872 3249 1078 3336 praeeipitem
1105 3247 1226 3315 dieitur
1248 3252 1384 3333 ῥίπτειν,

195 3355 279 3420 ν’νέεῖν
299 3351 390 3434 τινα,
422 3352 574 3433 βάλλειν,
598 3353 726 3436 αφνέναν
750 3356 819 3421 τινα
846 3357 931 3421 κατα
955 3355 1071 3437 πέτρας
1093 3375 1153 3421 nun
1177 3356 1240 3422 ατο
1260 3355 1386 3438 πέτρας.

196 3457 308 3546 itaque
340 3459 412 3525 vitii
443 3457 633 3526 manifestus
665 3467 714 3526 est
746 3459 834 3527 tonus
865 3461 988 3526 Lucrum
1025 3467 1080 3538 m,
1110 3466 1162 3527 48.
1186 3460 1388 3546 ἄφεςαύτὸν

196 3564 247 3631 tet
271 3567 414 3648 κεφαλὴν
444 3565 507 3630 cirri
538 3573 593 3641 τῆς
618 3565 750 3648 τέτρας,
782 3576 813 3633 et
845 3569 936 3652 §tu
963 3567 1026 3632 ατο
1056 3576 1110 3641 τῆς
1144 3569 1241 3643 αὐτῆς
1271 3567 1386 3650 πέτρας

197 3669 250 3736 καὶ
274 3667 375 3751 οὗτος,
401 3670 572 3757 utrobique
597 3671 682 3738 κατα
703 3670 940 3738 emendandum
966 3692 1055 3750 esse,
1081 3673 1108 3738 si
1134 3669 1216 3739 torte
1239 3671 1388 3751 dubitas,

198 3773 428 3842 demonstrabit
455 3776 514 3843 tibi
541 3781 558 3862 §
584 3781 640 3844 50.
667 3779 772 3844 οὐκοῦν
797 3779 849 3844 καὶ
874 3775 960 3852 οὗτος
985 3778 1071 3845 κατα
1094 3785 1153 3843 τῶν
1176 3786 1301 3862 πετρῶν.
1343 3779 1389 3846 si·

197 3881 396 3959 1111Ιί11150,
424 3887 455 3948 6.
480 3880 633 3965 ἱερέσνλον
663 3884 729 3950 itte
754 3885 818 3950 απὸ
841 3893 897 3961 τῆς
917 3884 1031 3966 πέτρας
1052 3883 1230 3967 ῥιπτόμενον
1254 3885 1387 3953 emenda

194 3987 291 4055 κατέ.
340 3988 434 4077 Apud
459 3987 637 4056 Srurnornu
661 3990 693 4055 iu
718 3989 879 4058 1111111111
905 3989 1086 4076 fragmento
1116 4013 1145 4079 ρ.
1173 3997 1236 4060 teu
1262 3994 1388 4079 corrige

193 4097 284 4180 ῥῖψαν
308 4094 425 4178 πέτρας
456 4096 542 4162 κατὰ
567 4101 763 4180 τκλεφανοῦς
795 4117 854 4185 pru
878 4096 962 4176 οέπέ,
990 4101 1080 4164 utin
1107 4099 1289 4167 Turnumms
1315 4108 1389 4166 nuto

194 4200 281 4281 loeo,
305 4223 370 4291 quo
393 4223 488 4290 saepe
509 4203 658 4269 Lucrinus
683 4205 805 4281 utitur,
831 4225 877 4270 vs.
907 4207 980 4270 176.

376 4309 493 4392 ρέττεον
516 4308 569 4375 καὶ
595 4309 744 4392 πετρέων,
768 4309 879 4394 Κύρνε,
904 4313 976 4376 κατ’
1000 4311 1176 4392 ἠλοβοέτων,

195 4421 228 4482 et
253 4433 347 4501 saepe
366 4414 451 4502 apud
476 4414 565 4483 etius.
613 4414 718 4482 Simili
744 4415 837 4482 modu
862 4425 1014 4503 peccatur
1045 4409 1086 4483 in'
1103 4419 1208 4486 verbis
1232 4423 1389 4509 111111)οεὶ-

197 4519 241 4588 tis
267 4523 329 4603 m,
356 4526 410 4589 tt.
441 4520 539 4590 nott.
563 4524 806 4608 καταπεμφθείς
830 4531 862 4592 et
883 4525 1104 4612 αποπεμφθεές
1130 4524 1249 4608 habent
1273 4535 1304 4593 et
1330 4533 1391 4606 111,
