3160 4972
718 345 789 420 405

161 548 228 607 tum
253 559 338 620 osse,
372 561 433 610 non
458 539 569 623 φύύς,
601 539 685 628 quod
718 560 878 609 nonnemo
912 541 945 606 in
976 539 1210 610 dubitationem
1235 561 1350 610 vocare

160 648 273 735 possit)
299 647 358 714 hoc
382 655 471 714 certe
495 646 711 714 indubitatum
737 656 786 725 est
805 649 917 731 φύῖιτα
938 647 1150 733 penultimam
1171 649 1349 737 producere

160 760 196 818 ut
218 753 328 832 βᾶσα,
354 758 441 823 seira
465 762 498 820 et
521 753 594 819 sim.
622 761 654 819 ut
681 772 773 820 error
796 755 840 820 sit
864 751 1065 820 vaaniiestus.
1115 753 1175 822 Sed
1203 754 1274 821 noio
1298 753 1350 821 bis

159 857 284 926 diutius
314 857 492 926 immorari.
544 860 616 926 Post
637 860 762 926 Atticos
787 867 896 946 poetas
915 859 1095 946 Madvigius
1118 859 1350 928 Alexandrinos

160 985 217 1032 sua
241 955 320 1032 cura
346 986 408 1032 non
430 964 580 1051 indignos
605 963 771 1032 iudicavit.
820 963 991 1032 Submiror
1012 985 1074 1051 quo
1093 975 1187 1052 pacto
1211 967 1272 1055 ipsi
1286 985 1349 1034 non

161 1069 325 1138 fastidium
347 1093 384 1138 ac
405 1071 548 1137 taedium
569 1073 774 1157 pepererint,
796 1079 829 1136 et
848 1071 945 1138 etiam
964 1072 997 1138 in
1018 1070 1069 1136 bis
1091 1071 1221 1140 Porsoni
1244 1091 1354 1140 aemu·

161 1179 228 1246 lum
254 1198 316 1244 nou
340 1196 489 1264 agnosco.
539 1175 632 1264 hpul
657 1175 858 1263 Apollonium
885 1176 986 1243 Rhod.
1013 1177 1067 1243 lli.
1095 1184 1193 1247 1129.

477 1305 480 1310 ·
571 1282 633 1348 οὐδ’
657 1279 748 1366 ἄμμε
772 1282 927 1365 διακρινέει
952 1281 1139 1367 φιλύτητος,

298 1389 378 1458 ἄλλο
402 1387 497 1471 τύρος
522 1385 654 1455 ύύνατύν
677 1413 717 1469 γε
740 1389 929 1471 μεμορμένον
952 1389 1199 1474 ἀμφικαλύψαι.

209 1496 312 1564 »Mira
331 1496 460 1573 locatio,
472 1495 595 1582 inquit,
609 1493 691 1560 nihil
703 1496 824 1582 aliquo:
837 1495 877 1561 ab
889 1507 1219 1582 emorereparataram
1232 1517 1298 1562 ease
1308 1533 1354 1548 -·-

162 1625 234 1670 ctam
257 1602 458 1690 significatur
472 1600 554 1666 nihil
574 1621 681 1666 eoram
700 1601 1112 1669 anroremdiclroetarum.''
1137 1603 1249 1690 itaque
1269 1601 1355 1681 ἄμμι

163 1708 319 1792 διακρινέει
351 1706 527 1792 φιλύτητας
558 1705 751 1794 reponebat,
785 1727 845 1772 non
876 1706 1023 1775 tacturus
1052 1708 1078 1774 si
1111 1708 1277 1776 commode
1304 1728 1355 1774 re-

164 1816 317 1884 cordatus
340 1824 424 1882 esset
449 1813 509 1879 loci
536 1812 700 1880 Homerici
725 1810 838 1901 Odyss.
863 1823 904 1878 Δ.
932 1817 1006 1881 179.

756 1918 823 1986 obit
846 1943 897 1985 κεν
921 1919 1021 2000 ἡμέας

302 2026 383 2095 ἄλλο
406 2024 546 2106 διέκρινεν
567 2021 710 2107 φιλέοντέ
734 2050 768 2092 τε
793 2026 965 2108 τερπομένω
990 2053 1042 2102 τε,

301 2136 370 2216 τρύν
393 2135 427 2212 μ’
452 2127 502 2198 las
524 2133 558 2206 δη
583 2129 722 2197 tandem
745 2130 847 2211 μέλαν
870 2131 960 2216 νέφος
984 2131 1231 2216 ἀμφεκάλυψεν.

167 2240 255 2310 vities
275 2247 530 2308 thOTHToc
557 2237 635 2302 vitio
660 2246 771 2304 uatum
796 2258 866 2305 esse
890 2259 927 2306 cx
952 2247 1219 2306 diheoNTAc.

213 2346 259 2413 Ne
294 2343 528 2413 Callimachum
562 2340 691 2430 quidem
724 2343 904 2430 Madvigius
939 2353 1131 2431 aspernatus
1160 2351 1218 2410 est.
1267 2339 1358 2423 Qtvod

169 2452 283 2522 scribit
306 2459 413 2518 autem
439 2470 510 2537 pag.
530 2453 608 2516 tut.
658 2450 731 2514 Sine
754 2449 847 2516 dubio
873 2449 1085 2516 Callimachus
1109 2450 1300 2536 arripuerat:

351 2561 459 2640 μοῦνον
482 2555 699 2638 ἐλαφρίζουσα
725 2555 885 2633 ἐπτοίηται
917 2555 948 2621 δὲ
973 2555 1132 2622 πέτεσθαι.

168 2666 244 2754 quia
269 2683 372 2752 neque
396 2663 561 2740 ἐττοῆσύαι
586 2662 634 2727 sic
665 2662 817 2748 usurpari
849 2669 951 2748 potest
977 2670 1008 2728 et
1034 2661 1195 2738 ἐπτοίηται
1218 2659 1357 2748 primam

168 2770 323 2862 syllabam
361 2767 456 2836 hebet
493 2767 680 2854 productam
716 2768 785 2834 sine
829 2767 926 2834 dubio
964 2764 1178 2834 Callimachus
1214 2767 1259 2832 ita
1295 2783 1358 2829 non

168 2878 357 2968 scripserat.
407 2874 565 2942 Similiter
588 2874 620 2939 in
646 2873 846 2940 Theocriteis
870 2895 941 2961 pag.
964 2878 1040 2941 tut.

397 2980 461 3049 ούτι
485 2981 628 3058 καμεῖσύ
652 2975 729 3046 ύακα
753 2978 851 3047 τύλιν
874 2977 928 3048 llas
954 2980 1094 3062 φύηται,

170 3091 292 3160 erravit
315 3085 497 3154 scribendo:
519 3107 615 3175 praue
635 3087 820 3172 producitur
839 3087 953 3154 altimo
975 3082 1115 3153 irrisae.
1164 3083 1304 3151 Provoca
1321 3081 1360 3149 ad

170 3199 275 3285 ipsum
303 3193 519 3278 Madvigium,
544 3193 571 3280 si
603 3212 758 3279 quaerere
792 3193 884 3260 volet.
924 3193 1084 3259 ¹Doricum
1109 3202 1166 3258 Κλ
1190 3199 1223 3258 et
1246 3198 1361 3257 ΟΚΚΛ

171 3300 271 3393 (ὅταν)
298 3321 360 3366 non
394 3308 480 3366 OKA
502 3295 578 3387 (ire)
611 3318 738 3385 semper
770 3307 802 3365 et
834 3298 952 3386 ubique
983 3299 1131 3365 ultimam
1168 3296 1360 3384 producunt.

173 3407 305 3476 Porsoni
327 3405 429 3473 nostri
450 3405 603 3492 (namque
623 3424 682 3490 ego
702 3425 829 3492 quoque
851 3404 990 3472 Porsono
1013 3413 1172 3492 antepono
1185 3401 1360 3490 neminem)
1403 3493 1406 3500 .

173 3513 346 3602 primariae
369 3510 604 3578 emendationis
627 3510 817 3578 recordetur
836 3512 870 3577 in
891 3511 1022 3578 Adsero.
1050 3531 1079 3597 p.
1095 3515 1172 3578 303.
1198 3507 1363 3576 Edolratur

173 3620 255 3708 apud
281 3615 527 3708 Epicharmum:
661 3704 665 3712 Ι

308 3725 356 3799 τίς
380 3723 406 3788 δ’
433 3721 584 3803 ἐγκαλοίη
608 3723 751 3816 γενέσθαι
774 3723 819 3804 μη
842 3723 1059 3809 φθονούμενος,
1084 3722 1192 3807 φύλοςς

135 3909 138 3914 ,
173 3831 273 3916 donec
299 3832 459 3898 Porsonus
485 3827 686 3896 emendavit:

538 3935 585 4010 rie
610 3935 642 4001 it
665 3960 707 4002 κα
731 3932 971 4018 adnotatores

220 4042 374 4112 Absoluta
406 4042 577 4110 Poetarum
611 4041 834 4110 evrrcndatione
864 4041 1044 4128 Madvigius
1068 4039 1149 4108 libro
1173 4039 1217 4108 ill
1241 4039 1279 4107 ad
1305 4039 1366 4106 ile·

173 4149 344 4229 rodotum,
370 4146 610 4238 Thucydidem,
637 4147 879 4236 Xenophontem
904 4156 937 4214 et
962 4148 1124 4214 Platonem
1147 4144 1364 4212 emendandos

172 4255 321 4324 accessit.
370 4253 412 4320 Et
435 4253 467 4318 in
493 4251 682 4342 Thucydide
714 4252 842 4340 quidem
878 4261 910 4320 et
934 4253 1064 4320 Platone
1094 4253 1281 4339 praesertim
1307 4269 1364 4318 ex·

172 4361 368 4452 splendescit
393 4357 446 4424 illa
470 4359 620 4446 Madvigii
646 4361 771 4436 virtus,
802 4379 898 4446 quam
925 4361 958 4429 in
984 4360 1065 4427 libro
1089 4360 1104 4427 1
1128 4378 1239 4426 omnes
1263 4355 1365 4422 admi-

173 4487 306 4538 ramur:
341 4464 525 4552 eomplures
556 4468 667 4534 insunt
697 4467 913 4536 correctiones
937 4476 1058 4547 certae,
1082 4464 1246 4534 evidentes
1269 4471 1300 4529 et
1325 4463 1357 4526 in
