3204 4978
665 385 672 392 “
731 373 803 444 357

197 565 352 655 quaedam
380 564 583 645 huiusmodi,
609 577 643 632 nt
668 568 844 654 meipsum
866 567 954 633 iuvet
973 585 1009 632 aa
1033 565 1193 632 corollarii
1214 568 1318 636 instar
1336 566 1389 634 hic

197 673 388 762 appendere.
438 672 536 753 Quod
560 676 701 758 primurn
734 674 878 739 omniurn
910 672 1129 749 ostendimus,
1160 694 1256 760 quarn
1292 694 1388 762 saepe

197 791 326 846 86106
350 788 382 846 et
407 789 533 845 octoc
558 779 737 846 scribarurn
761 781 933 846 oscitantia
954 777 1075 844 luerint
1100 781 1184 846 inter
1204 801 1238 846 se
1261 801 1387 868 perniu-

196 893 281 965 tata,
320 905 407 951 nunc
443 887 561 952 iteruin
600 888 690 952 novis
723 883 878 972 exernplis
910 897 1029 958 ornare¹
1062 885 1182 971 placet,
1220 897 1255 954 ut
1290 887 1388 953 simul

196 989 402 1058 ostendamus
442 989 522 1068 ὁεὸν,
558 993 650 1071 ὁεὸον,
687 989 753 1060 ὁσον
789 1001 821 1058 et
848 987 911 1058 ὁὸεν
943 990 1035 1076 plane
1068 992 1177 1059 eadem
1215 993 1254 1060 de
1289 1013 1388 1061 causa

197 1100 303 1186 inepte
335 1095 466 1163 confusa
499 1096 609 1165 luisse.
660 1098 845 1164 'lnucnurnrs
880 1097 970 1163 locus
999 1107 1047 1164 est
1077 1099 1130 1166 lli.
1168 1105 1228 1178 82,
1263 1099 1318 1166 uhi
1347 1099 1387 1166 de

197 1203 339 1289 collegiis
364 1211 396 1270 et
420 1201 582 1270 sodaliciis
607 1203 690 1270 rnalo
714 1203 842 1291 publico
867 1205 1026 1269 institutis
1046 1206 1089 1271 ita
1114 1205 1241 1272 scribit:
1266 1209 1299 1273 οὐ
1322 1205 1387 1287 you

195 1311 282 1390 μετὰ
316 1317 374 1376 τῶν
405 1311 549 1389 κειμένων
579 1309 677 1390 νίμων
710 1312 864 1394 ὠφελείας
894 1313 928 1376 ui
959 1316 1102 1378 corciram
1133 1311 1267 1391 ξύνοδοι,
1298 1311 1387 1378 alandt

196 1419 282 1500 τομὰ
314 1418 384 1489 τοὺς
412 1419 589 1489 κωίιςῶτοις
621 1415 784 1500 πλεονεξίῳ
814 1417 868 1483 nul
899 1417 957 1496 τοὶς
984 1419 1013 1490 ἐς
1038 1423 1124 1501 σφοῖς
1149 1419 1260 1492 αὐτοὺς
1285 1419 1386 1491 τίσεις

197 1526 230 1590 οὐ
254 1527 296 1607 τῷ
321 1524 406 1606 trip
430 1521 510 1606 νίμῳ
534 1527 657 1602 μᾶλλον
677 1525 873 1604 ἐκρατύνοντο
893 1525 909 1600 ἢ
932 1529 973 1606 τῷ
994 1535 1073 1608 κοινῇ
1095 1550 1124 1592 τι
1150 1533 1388 1606 τοιῳοννομὸσοιι,

196 1649 278 1718 quae
309 1649 404 1716 quam
443 1649 516 1696 vera
548 1629 613 1694 sint
639 1628 829 1696 facillimum
862 1639 911 1696 est
947 1629 987 1696 ad
1019 1631 1278 1717 intelligendum,
1312 1631 1388 1717 quia

197 1736 295 1804 veluti
328 1737 360 1802 in
386 1735 464 1802 hacc
494 1744 604 1802 nostra
631 1745 774 1823 tempora
799 1738 919 1822 scripta
944 1744 1038 1814 sunt,
1062 1736 1236 1818 γιγνόμενοι
1259 1737 1311 1804 κοί
1337 1737 1386 1802 olai

197 1842 328 1922 ε’σίμενο
351 1841 406 1916 ἕως
438 1841 476 1908 ὁον
500 1843 517 1918 ὁ
542 1844 621 1918 udal
646 1843 740 1925 Φύσις
765 1843 923 1922 ἀνθρώπων
947 1841 985 1926 ᾖ,
1012 1853 1048 1910 ιιι
1072 1847 1121 1909 vir
1145 1843 1332 1931 praeclarus
1356 1851 1389 1908 et

198 1969 336 2036 magnus
359 1947 536 2015 historicus
561 1947 654 2034 paulo
679 1958 754 2016 ante
778 1947 868 2015 dixit.
905 1953 946 2016 At
971 1970 1064 2016 nenio
1084 1959 1192 2016 tamen
1215 1952 1247 2016 in
1269 1970 1303 2018 re
1320 1959 1385 2016 tarn

199 2066 272 2122 note
294 2053 478 2140 intelligere
510 2063 629 2140 potest,
658 2055 737 2141 quid
764 2057 806 2121 sil
825 2057 866 2137 τῷ
886 2056 945 2123 ίεί
953 2082 974 2139 ῳ
999 2056 1078 2138 νίμῳ
1102 2059 1161 2133 τὰς
1185 2057 1287 2130 τίσεις
1311 2077 1386 2138 κρον-

195 2162 369 2230 τὸνεσίοιι.’
400 2161 563 2228 [honustus
596 2161 757 2227 Hnuronnn.
792 2183 821 2248 p.
843 2165 907 2228 996
942 2161 1027 2229 hunc
1058 2163 1164 2230 locum
1198 2184 1236 2231 ex
1269 2164 1388 2228 Tuncr-

196 2291 266 2335 urnc
289 2267 475 2336 describens
500 2267 636 2334 salutent
662 2268 781 2334 attulit.
829 2268 963 2353 Legitur
979 2267 1071 2355 apud
1099 2289 1172 2336 cunr
1197 2273 1230 2336 οὐ
1253 2273 1296 2352 τῷ
1321 2268 1387 2350 trip

198 2376 251 2441 uui
282 2376 415 2460 νομίμῳ,
453 2373 537 2440 unde
574 2375 732 2442 Ilunnnnus
771 2376 802 2440 in
835 2376 966 2441 ilduara.
1004 2375 1026 2440 l.
1069 2396 1098 2463 p.
1116 2382 1166 2449 ,68
1202 2377 1386 2442 Tuncunrnrs

199 2502 329 2548 arianum
363 2482 499 2569 reperit:
531 2483 564 2548 οὐ
600 2482 643 2562 τῷ
675 2482 773 2560 ὁσίῳ·
796 2481 848 2548 κοί
884 2481 1012 2564 νομίμῳ.
1062 2483 1165 2563 Quam
1198 2502 1270 2549 vero
1307 2481 1386 2548 haec

196 2589 356 2656 sententia
380 2597 428 2655 est
460 2596 525 2656 ttnn
556 2587 687 2668 euidens
711 2595 760 2653 cst
783 2586 976 2654 emendatio.
1022 2586 1079 2653 Ιιιι
1103 2599 1131 2654 et
1154 2593 1207 2677 sos
1230 2588 1386 2656 dicuntur

195 2695 315 2764 Graece
343 2696 378 2762 τὸ
408 2689 486 2760 ὅσιον
515 2694 568 2759 uui
598 2695 731 2770 linatur,
763 2693 877 2760 autad
901 2691 1211 2776 ίσιονκοιίνίμιμον.
1258 2695 1386 2782 Saepis-

197 2802 279 2868 sime
303 2800 547 2886 coniunguntur
567 2795 644 2873 ὁσιος
665 2799 718 2866 ool
740 2800 853 2872 ὁίκοιιος
878 2810 909 2865 et
927 2798 1003 2875 ὁσιος
1024 2801 1076 2866 κοί
1097 2800 1241 2882 νὸμιμος,
1267 2801 1385 2888 quibus

196 2917 404 2996 opponuntur
428 2906 544 2980 οἰνίσκος
573 2908 625 2974 aul
653 2906 755 2982 οίὸικος
777 2915 810 2973 et
833 2905 949 2980 οἰνίσκος
973 2908 1024 2975 aul
1050 2907 1237 2989 τωροίνομος.
1286 2908 1385 2974 Puaro

196 3017 228 3081 in
265 3014 432 3081 Phaedone
463 3034 492 3100 p.
520 3019 594 3081 108.
628 3035 656 3079 ιι.
687 3015 750 3080 olel
785 3019 844 3079 τῶν
882 3013 968 3080 ὁσίων
1005 3038 1041 3080 τε
1068 3013 1121 3080 κον)
1162 3015 1296 3094 νομίμων
1325 3020 1384 3081 τῶν

196 3121 299 3188 eredes
322 3120 560 3202 τεκμαιρόμενος
584 3119 687 3199 λέγω,
711 3120 778 3208 (ubi
800 3119 893 3186 multi
916 3119 988 3186 lilni
1009 3123 1114 3188 ὁνσιιὸν
1136 3142 1192 3208 pro
1212 3121 1298 3188 ὁσίων
1313 3141 1384 3208 per·

192 3227 324 3314 vulgato
342 3246 451 3294 errore
466 3226 511 3314 ¹),
537 3236 568 3292 et
590 3227 628 3292 de
652 3226 789 3314 Lepidus
809 3227 862 3293 tx.
889 3247 917 3312 p.
932 3232 1007 3294 861.
1026 3247 1054 3294 n.
1076 3230 1108 3294 οὐ
1129 3229 1191 3310 pap
1207 3227 1245 3294 ὁιν
1258 3228 1384 3308 νὸμιμον

191 3335 254 3402 οὐδ’
277 3331 355 3401 ὁσιον
377 3332 496 3410 enain,
518 3341 550 3398 et
571 3353 687 3418 magna
704 3342 752 3400 est
765 3332 985 3420 exemplorum
999 3333 1179 3420 frequentia
1194 3336 1383 3421 praesertim

192 3439 277 3528 apud
315 3441 476 3507 Patronus
516 3449 547 3506 et
590 3439 750 3508 Oratores.
798 3439 917 3506 Eodem
958 3440 1051 3506 modo
1090 3444 1314 3508 darsrornnnus
1349 3441 1381 3506 in

199 3546 385 3634 i’desmoplt.
412 3565 457 3612 vs.
483 3549 549 3612 676
574 3553 606 3612 et
630 3550 694 3612 684
717 3547 848 3633 opponit
867 3543 937 3612 ὁσιοο
957 3547 1009 3613 aa)
1030 3547 1148 3628 νόμιμοι
1168 3555 1199 3616 et
1219 3545 1264 3614 τοί
1282 3547 1383 3629 σωροί·

193 3675 272 3732 νομο
291 3653 334 3719 σοὸ
352 3653 382 3717 τ’
403 3633 529 3730 dodoau,
556 3660 591 3718 nt
614 3652 746 3719 Bonanur
769 3660 857 3718 certa
886 3657 927 3718 sit
951 3647 983 3720 e‘t
1004 3652 1173 3719 manifesta
1198 3652 1381 3720 enrendatio

194 3760 235 3839 τῷ
260 3759 328 3841 ὁσίῳ
353 3757 404 3824 uel
431 3757 558 3840 νομίμῳ.
606 3757 673 3824 Νοιι
701 3759 808 3824 minus
832 3765 880 3823 est
903 3767 991 3824 certa
1015 3767 1045 3825 et
1070 3759 1201 3827 evidens
1225 3759 1380 3826 Wirren·
1473 3811 1476 3818 .

193 3884 291 3930 aucun
334 3866 492 3930 correctio
537 3867 569 3929 in
607 3863 733 3930 Eunnrn
767 3862 948 3950 fragruento
984 3885 1014 3951 p.
1045 3868 1127 3942 tue,
1166 3873 1205 3932 rt
1243 3865 1379 3932 Borsson.

193 3962 240 4044 ἦν
258 3969 310 4035 uel
341 3971 463 4050 ἡγεμὼν
494 3979 550 4047 τῆς
582 3971 639 4050 μὲν
671 3971 829 4054 θεοφιλοῦς
853 3971 905 4038 nul
931 3971 1043 4045 θείοις
1066 3971 1380 4055 μερίδοςψροίβιίος,

227 4271 253 4336 l)
271 4273 305 4323 Iu
323 4273 465 4324 Isocnn'rre
482 4268 662 4337 Areopapr‘tr'co
687 4272 701 4336 5
719 4277 758 4324 66.
778 4273 829 4340 τὴν
847 4271 1040 4343 δημοκρατίαν
1056 4273 1127 4328 odico
1144 4277 1317 4342 κοσμήσαοαν
1331 4278 1383 4342 τὴν

189 4349 272 4403 πόλιν
296 4353 344 4404 καί
369 4359 425 4410 τοῖς
448 4353 534 4420 ἱεροῖς
557 4351 604 4401 καί
626 4357 689 4410 ταῖς
713 4355 825 4411 θυσίαις
846 4358 872 4407 in
890 4360 1007 4409 omnibus
1029 4360 1099 4412 libris
1122 4361 1228 4413 absurdo
1243 4361 1384 4426 legebatur.

190 4437 281 4488 Codex
306 4435 416 4488 Urbinas
433 4446 458 4487 ct
476 4435 686 4488 Hanaocnnrron
709 4451 733 4488 ν.
753 4435 825 4488 deror
843 4449 974 4491 servarunt
990 4455 1076 4494 verum
1093 4445 1240 4510 scripturam
1259 4443 1307 4492 καί
1324 4445 1384 4502 τοῖς

191 4517 277 4588 δοραῖς
296 4519 344 4568 nul
363 4525 422 4578 τοὸς
442 4517 533 4574 ὁσίοις.
