3208 4972
737 357 810 432 209

163 556 250 626 morli
274 557 353 645 quid
377 555 581 624 formandum
607 556 792 622 'luceremus
816 556 938 644 aperiet
964 555 987 623 l.
1015 562 1046 624 2.
1070 557 1183 635 ἄδηλον
1206 560 1236 627 όν
1260 561 1352 630 ότότε

129 717 131 727 .
163 691 209 742 τις
234 667 368 733 emmer
391 664 443 732 cel
467 662 637 744 ατειχόςονν
658 661 731 740 ἅμα
755 662 846 730 ὄντοιν
870 661 966 738 ἄλλοι
990 666 1222 748 ἀφαιρήσεται,
1248 670 1353 736 scribe

163 772 229 842 illic
258 774 409 859 αφέλοιτο
441 781 472 838 el
498 762 634 838 ridebis:
668 771 777 858 itaque
802 777 835 838 el
860 770 990 836 Lucumo
1013 772 1154 855 φονεύσει
1180 774 1367 842 reddamus

163 900 288 948 censeo.

208 989 244 1056 ln
273 986 444 1053 illaturum
464 984 669 1070 Praeceptum
692 987 751 1060 ul,
784 988 816 1050 6.
842 985 867 1050 οἱ
893 981 1009 1052 ἔπαινοι
1033 986 1100 1068 περὶ
1125 989 1233 1054 πᾶσαν
1256 990 1354 1068 αι’ντήν

159 1097 272 1177 Ἔρωσι
316 1101 432 1176 μικροῖς
474 1092 603 1165 ἐοικότες
645 1089 753 1156 πολλοὶ
799 1090 1022 1172 ἁπανταχόθεν
1065 1095 1353 1175 περιπλεκέσθωσαν

162 1199 380 1280 ἐκπετόμενοι,
415 1219 508 1264 nemo
536 1196 614 1263 haee
634 1195 828 1282 inlelligere
851 1205 973 1284 polest,
1009 1197 1243 1267 multominus
1268 1201 1353 1288 quod

162 1315 214 1374 est
237 1307 267 1372 in
291 1304 392 1373 codd.
415 1304 507 1372 ARV.
528 1302 815 1384 περιπλεκέσθωσαν
835 1303 1112 1384 προσπλεκόμενοι,
1138 1314 1261 1373 resecto
1281 1327 1353 1395 par·

163 1414 276 1501 licipiu
310 1412 443 1497 legerim
479 1409 702 1493 περιπετόσόονν
736 1407 1043 1499 (περιπετόσόονσαν).
1082 1410 1114 1477 in
1153 1414 1171 1497 §
1208 1416 1262 1479 20.
1298 1415 1352 1480 οὐκ

162 1517 286 1602 ἔχουσιν
310 1514 389 1593 ὅπως
413 1519 616 1594 απιςήσονσιν
640 1515 746 1582 scribe
769 1517 972 1593 απιςήσιοσιν.
1105 1525 1111 1533 ’

209 1627 246 1692 ln
278 1624 486 1713 Plu'lopreude
517 1629 578 1702 52,
614 1631 642 1688 l.
672 1621 706 1688 τό
741 1624 854 1705 ψεῦδος
885 1623 952 1706 περὶ
984 1629 1101 1690 πολλοῦ
1125 1635 1181 1702 τῆς
1204 1627 1352 1703 ιἰληόεόαι

161 1734 314 1810 σι’όενται,
345 1733 414 1798 sine
446 1750 555 1796 sensu.
605 1728 741 1794 Barnun.
766 1730 822 1811 πρὸ
846 1735 963 1797 πολλοῦ
988 1750 1051 1817 quo
1076 1731 1120 1796 ull
1146 1732 1352 1820 proficimus,

161 1837 376 1924 intelligerem
420 1836 487 1917 περὶ
527 1833 662 1908 πλιόονος
701 1841 757 1909 τῆς
792 1835 952 1911 αληόεόας.
991 1843 1008 1922 §
1039 1840 1070 1902 9.
1106 1845 1208 1919 γραῶν
1244 1842 1351 1921 μῦόοι,

163 1942 281 2010 mellus
313 1941 405 2010 ι’όόλοι.
439 1945 534 2028 §uc
567 1933 818 2020 ἀντιλεγέτωσαν
842 1938 976 2020 οὖνέτι,
1006 1940 1075 2030 lege
1099 1949 1149 2010 νῦν
1173 1943 1229 2013 ἔτι.
1255 1950 1273 2033 §
1296 1951 1350 2016 27.

161 2050 285 2132 όοότερον
315 2059 378 2116 τοῖν
410 2046 627 2114 ceuleimen)
659 2050 921 2128 κατακαύσαιμι,
956 2055 1081 2136 corrige
1105 2049 1283 2120 ceuleeloru
1306 2091 1352 2105 -

161 2155 478 2237 σνγκατακαήσαιμι.

209 2262 243 2327 ln
269 2261 392 2330 Beccle
421 2267 483 2341 54,
513 2261 541 2325 l.
573 2259 689 2326 αὐτόκα
713 2259 808 2339 μάλα
830 2261 1147 2342 σνμπατηόησομόνον
1171 2265 1197 2329 sl
1221 2265 1352 2330 ἀντιτό-

160 2369 271 2450 ξαιτο,
297 2369 427 2456 requiro
450 2365 654 2443 ἀντιτάξαιτο.
698 2365 863 2453 Frequens
889 2368 947 2434 hcc
971 2377 1020 2434 est
1045 2369 1076 2434 iu
1104 2369 1195 2436 libris
1217 2371 1351 2449 vitium,

162 2484 201 2542 ul
235 2478 268 2542 in
305 2475 517 2544 Xenorsonns
553 2471 677 2538 Hellen.
710 2473 764 2539 lll.
799 2495 840 2540 ιν.
880 2481 929 2541 15.
962 2475 1141 2555 γιγνώσκων
1171 2473 1217 2543 ότι
1249 2479 1274 2543 εἰ
1307 2479 1351 2557 μή

161 2581 287 2650 ἱππικόν
326 2581 429 2647 ἱκανὸν
463 2581 613 2656 κτήσαιτο
648 2580 681 2645 οὐ
717 2580 869 2656 δυνήσοιτο
902 2581 1123 2661 ςρατεήεσόαι,
1166 2583 1251 2669 quod
1289 2603 1352 2650 non

162 2691 271 2756 minus
302 2687 414 2753 villose
446 2685 568 2752 dicrum
602 2694 651 2751 est
683 2705 779 2771 quam
805 2689 831 2752 εό
855 2688 900 2765 μή
922 2687 1046 2752 ἱππικόν
1069 2687 1249 2767 ἐκτησάμην
1280 2689 1352 2776 (pro

161 2793 330 2883 κτήσομαι)
363 2794 396 2858 οὖ
429 2793 594 2872 δυνήσομαι
626 2793 843 2874 τραπεύεσόαι,
875 2794 984 2878 licque
1016 2792 1159 2868 κτήσοιτο
1188 2794 1353 2881 corrigen-

161 2900 253 2968 dum.
303 2899 400 2966 Recte
429 2897 574 2964 llmuonr.
606 2898 685 2966 ibid.
713 2899 764 2965 Vl.
790 2919 830 2964 ιν.
857 2902 887 2964 6.
917 2897 1090 2980 ἐλογίζοντο
1114 2901 1152 2974 ὦς
1172 2899 1197 2965 sl
1220 2902 1265 2979 μή
1289 2899 1353 2980 μοὶ-

159 3030 264 3089 χοιντο
295 3005 496 3082 οἱποςήσοιντο
526 3007 561 3071 al
590 3005 714 3082 πόλεις,
752 3004 938 3072 emendavit
968 3013 1143 3087 μαχοῖντο,
1175 3012 1208 3071 el
1239 3007 1286 3072 sic
1319 3008 1352 3074 in

162 3115 382 3181 Aursrormurs
414 3111 532 3176 Avibus
564 3115 628 3180 759
663 3110 833 3198 legendum
864 3120 912 3177 est
934 3107 1001 3194 αἶρε
1024 3119 1178 3193 πλῆκτρον
1201 3113 1226 3178 εἰ
1249 3121 1357 3197 μαχεῖ

161 3239 219 3308 pro
241 3218 356 3300 μάχει.
395 3217 472 3282 Tam
496 3216 646 3305 proclivis
670 3215 723 3284 hic
747 3238 839 3285 error
861 3226 928 3294 est,
951 3227 986 3284 ul
1009 3218 1041 3282 in
1065 3219 1222 3285 lsocmrrs
1242 3217 1353 3307 Τιίιρο-

161 3326 254 3394 αἰόίσο
286 3327 304 3411 §
329 3329 358 3390 9.
393 3322 518 3405 νομίζων
543 3325 568 3389 el
592 3324 818 3390 εόσπλενσαό
824 3349 896 3404 μην
916 3325 1136 3391 ιἰποόανεῖσόαι
1161 3326 1354 3412 scripserint

161 3449 220 3518 pro
243 3429 498 3509 εἰσπλευσοίμην,
525 3428 604 3495 nihil
623 3438 776 3496 curantes
799 3431 974 3497 immanem
991 3429 1241 3511 barbarismum,
1256 3451 1352 3518 quern

163 3534 291 3602 landem
327 3533 461 3602 Urbicus
491 3534 622 3621 expulit.
671 3535 751 3601 lhiel.
787 3539 882 3620 §ule
915 3535 1024 3616 ἔλεγεν
1053 3539 1091 3608 ὥς
1115 3537 1221 3616 όλόνον
1245 3537 1353 3620 χρόνον

162 3639 342 3725 πειρήσαιτο
372 3641 415 3708 τόν
446 3645 589 3724 χρήματ’
618 3643 799 3722 ἀποδοῦναι,
831 3650 863 3708 el
887 3645 1081 3709 senientiam
1108 3640 1168 3708 loci
1194 3653 1225 3708 et
1253 3644 1354 3711 Grae-

162 3749 272 3814 citatis
309 3767 402 3814 usum
437 3748 532 3814 violat
564 3747 744 3829 πειρήσαιτο
776 3768 833 3835 pro
862 3749 1037 3831 πειραόειή,
1073 3748 1193 3834 optime
1234 3748 1355 3816 Donnes

161 3852 345 3937 τειρόσοιτο.
395 3855 430 3920 lu
467 3857 670 3922 Asnrnourrs
703 3858 851 3923 eratione
884 3855 923 3921 de
957 3855 1048 3922 caede
1085 3853 1217 3921 Heredis
1255 3860 1352 3943 550.

163 3961 297 4038 ήπότατο
328 3955 373 4027 ότι
405 3961 476 4028 τότε
507 3960 664 4027 παύσαιτο
696 3963 918 4041 τρεβλοόμενος
949 3960 1041 4028 όπότε
1065 3961 1143 4028 εόποι
1169 3962 1212 4028 τόν
1235 3961 1354 4038 τούτοις

162 4066 325 4143 δοκοῦντα,
345 4067 572 4135 constituenda
592 4069 637 4134 sic
656 4077 704 4133 esl
718 4069 898 4146 sementia,
923 4076 956 4133 ul
970 4067 1134 4133 scribatur
1147 4069 1296 4136 παύσοιτο
1308 4107 1355 4122 -

162 4173 278 4240 ότόται
301 4173 383 4257 εόπη.
434 4173 657 4239 Barbarismus
681 4179 730 4238 est
757 4174 789 4238 in
818 4173 973 4240 Srmunur
992 4173 1059 4240 XV.
1087 4193 1117 4260 p.
1143 4179 1206 4240 718
1233 4176 1354 4241 όποόα-

162 4279 216 4346 νόον
247 4279 278 4344 δὲ
310 4278 536 4358 ἀπαλλάξαιτο
568 4289 624 4356 τῆς
653 4280 887 4362 τετρυχωμένης
911 4280 974 4346 ἀπό
996 4280 1095 4361 γήρας
1119 4280 1251 4362 σαρκός,
1278 4301 1352 4348 narn

164 4382 337 4452 barbarum
363 4395 412 4451 est
433 4383 673 4472 οὶπηλλαξοόμην
697 4406 756 4474 pro
779 4384 984 4467 οὶπηλλόνην.
1031 4384 1175 4453 Enremlu
1200 4386 1354 4454 οὶπαλλοό·

162 4489 242 4570 ξατο
267 4499 299 4558 et
323 4491 396 4558 ὑπὸ
422 4491 532 4574 γήρας.
