3204 4978
803 379 873 451 370

242 599 312 645 esse
335 576 468 644 Μείάνα
498 592 537 639 cx
571 573 724 640 Srnnnonn
755 571 923 660 apparebit
947 572 1031 640 vm.
1060 593 1090 660 p.
1106 576 1191 654 574,
1217 573 1271 640 ubi
1296 575 1429 641 emenda

241 683 374 751 Μείάνα
399 701 456 769 pro
487 679 636 766 Μέίανα,
667 688 700 747 et
723 679 834 748 cadem
869 700 965 768 opera
997 678 1082 766 apud
1115 679 1374 749 Pnusnnrnu‘iil.
1401 692 1430 748 1.

245 796 286 857 ro
309 796 342 856 et
366 789 421 855 ΙΙΙ.
447 791 507 865 71,
537 791 556 852 0
588 786 739 854 Πελλάνα
767 795 799 855 et
829 785 997 854 Πελλάναν
1027 805 1085 874 pro
1111 786 1264 855 Πίλλανα
1295 795 1327 855 et
1350 787 1430 856 Πίλ·

241 910 352 962 λαναν.

287 1000 336 1067 dd
369 1019 441 1086 pag.
466 1002 543 1067 280.
591 997 714 1066 Addam
747 1007 814 1066 tres
845 997 930 1066 iocos
962 996 1145 1080 Srnmonm,
1176 997 1231 1065 ubi
1262 1000 1297 1067 ἐκ
1328 1008 1360 1068 et
1387 1003 1431 1076 είς

243 1106 424 1174 scribarum
457 1104 602 1172 socordia
632 1104 765 1172 confusa
799 1113 887 1172 sunt.
935 1105 1003 1172 Lib.
1033 1106 1102 1172 Vll.
1137 1127 1165 1193 p.
1191 1111 1252 1174 501
1289 1108 1433 1194 graviter

243 1212 393 1297 queritur
416 1209 455 1278 de
480 1210 624 1278 moribus
647 1213 762 1278 aetatis
786 1231 863 1278 suae
886 1213 1050 1299 corruptis
1072 1211 1202 1278 luxuria
1226 1221 1258 1279 et
1282 1214 1431 1289 avaritia,

243 1317 351 1384 ίκαί’
375 1319 459 1398 ἦμάρ
482 1319 571 1398 βίος,
603 1319 729 1405 inquit,
763 1320 805 1392 είς
838 1317 962 1392 πάντας
995 1319 1107 1402 σχεδίν
1130 1343 1161 1384 τι
1185 1318 1352 1386 διατίτακε
1375 1323 1432 1397 τὴν

242 1423 315 1505 πρὸς
345 1423 380 1490 τὸ
414 1433 517 1508 χεῖρον
544 1425 728 1505 μεταβολήν
736 1474 746 1504 ,
774 1425 892 1508 τρυφὴν
923 1423 974 1490 καί
1009 1425 1116 1502 ἡδονάς
1144 1425 1198 1490 καί
1222 1427 1432 1508 κακοτεχνίας

240 1531 283 1603 είς
307 1529 488 1609 πλεονεξίας
517 1532 630 1615 μυρίας
663 1532 735 1612 πρὸς
768 1533 861 1597 ταῦτ’
892 1529 1036 1610 ε’πάχων,
1071 1531 1124 1616 uiri
1142 1532 1278 1598 'Gonnos'
1306 1553 1364 1619 pro
1387 1536 1432 1607 είς

239 1635 413 1721 reponebat
438 1637 507 1715 καί,
533 1647 565 1703 at
592 1647 626 1704 tu
647 1635 715 1725 iege
741 1638 774 1704 tu
794 1636 991 1714 πλεονεξίας,
1018 1645 1050 1703 ct
1071 1637 1154 1704 idem
1178 1637 1274 1705 redde
1299 1639 1433 1708 Patroni

240 1742 278 1807 de
302 1741 439 1829 Lepidus
462 1743 518 1810 ill.
544 1764 575 1830 p.
598 1747 673 1810 677.
699 1764 727 1809 a.
752 1743 893 1826 άπείρονς
916 1751 975 1810 τῶν
995 1745 1026 1810 ἐν
1045 1753 1108 1818 τοῖς
1129 1743 1219 1814 άςεσι
1239 1749 1311 1826 πρὸς
1331 1748 1432 1824 άλλνί-

238 1863 310 1922 λονς
349 1856 501 1931 μηχανῶν
537 1849 571 1915 ἔκ
602 1874 637 1915 τε
673 1848 855 1928 πλεονεξίας
892 1850 945 1916 καί
978 1851 1189 1934 φιλονεικίας,
1228 1851 1282 1917 ubi
1321 1849 1432 1918 editur·

240 1952 284 2029 είς
316 1979 363 2020 τε.
411 1954 487 2022 Sine
524 1956 601 2020 vitio
635 1953 754 2041 legitur
791 1957 821 2022 in
861 1955 1006 2022 Convicio
1043 1961 1104 2024 180
1135 1978 1162 2024 ιι.
1188 1958 1222 2023 ἐκ
1250 1955 1433 2036 πλεονεξίας

238 2061 291 2128 καί
324 2061 491 2141 άκσσμίας.
541 2060 710 2128 Secundus
741 2061 907 2129 Srnnronrs
939 2062 1027 2129 iocus
1050 2071 1099 2130 cst
1129 2063 1212 2130 Viil.
1239 2085 1269 2150 p.
1295 2068 1371 2131 587.
1397 2065 1433 2132 ἕκ

239 2167 270 2234 δὲ
314 2175 373 2234 τῶν
405 2174 521 2234 'Porcio
557 2165 590 2244 ἦν
626 2171 640 2234 ί
682 2168 869 2243 Μιίσκελλος
910 2169 924 2234 ί
963 2169 1112 2251 Κρίτωνος
1148 2170 1273 2246 οίκιςίς.
1319 2170 1432 2248 Ῥοίπες

239 2273 360 2340 civium
393 2293 507 2340 nomen
540 2283 604 2352 est,
634 2282 671 2341 ut
701 2275 842 2357 Δελφοί,
871 2274 1079 2361 quamobrem
1112 2275 1218 2342 scribe
1247 2271 1291 2350 είς
1318 2275 1351 2342 δὲ
1370 2284 1431 2344 τῶν

238 2383 364 2447 Ῥυπῶν.
413 2381 495 2446 Hinc
527 2379 621 2447 facilc
655 2390 702 2447 est
736 2379 844 2447 videre
875 2379 957 2446 libro
991 2381 1044 2448 Xi.
1079 2403 1108 2469 p.
1135 2387 1198 2449 515
1228 2401 1286 2470 pro
1314 2377 1359 2457 είς
1394 2383 1432 2449 ἐκ

238 2493 297 2555 τῶν
329 2488 525 2571 ἀποδράντων
561 2486 806 2576 expungendam
840 2507 910 2554 esse
944 2489 1210 2576 praepositionem
1251 2509 1290 2556 cx
1332 2486 1431 2555 ditto-

236 2593 373 2681 graphia
397 2603 519 2663 natam.

283 2700 332 2768 dd
357 2721 427 2788 pag.
451 2704 528 2768 083.
566 2700 657 2776 'Arde
675 2708 708 2768 et
724 2699 819 2775 αὐτίς
840 2698 950 2767 eodem
974 2699 1068 2767 modo
1089 2701 1223 2770 confusa
1246 2709 1322 2768 sunt
1342 2701 1430 2789 apud

223 2807 343 2894 ipsum
373 2812 586 2874 Anrsrorucmr
619 2809 650 2872 in
684 2806 826 2874 Politicir
858 2807 914 2874 lii.
950 2812 981 2875 5.
1015 2809 1053 2875 δι’
1077 2807 1192 2875 ἔνδειαν
1213 2815 1272 2875 τῶν
1295 2809 1429 2888 γνησίων

235 2919 367 2982 πολιτῶν
390 2921 546 2981 ποιοῦνται
568 2914 701 2988 πολίτας
723 2915 794 2988 τοὺς
821 2915 934 2991 νίίονς,
959 2917 1152 2996 εὐποροῦντες
1173 2915 1200 2982 δ’
1220 2915 1316 2997 ίχλον
1340 2917 1429 2982 κατά

235 3021 340 3103 μικρὸν
371 3025 667 3104 παραιροῦνται
695 3021 766 3095 τοὺς
799 3023 833 3087 ἐκ
858 3020 965 3088 δούλου
989 3029 1104 3104 πρῶτον
1128 3023 1180 3088 καὶ
1205 3022 1330 3102 δούλας,
1356 3017 1427 3089 εἶτα

234 3127 305 3201 τοὺς
335 3127 397 3194 άπὸ
436 3133 608 3207 γυναικῶν,
645 3127 734 3201 τέλος
773 3127 804 3194 δὲ
841 3127 930 3206 μίνον
964 3129 1035 3202 τοὺς
1071 3126 1105 3206 ἐξ
1139 3131 1260 3212 άμφοῖν
1291 3129 1428 3195 αὐτῶν

234 3233 367 3308 πολίτας
409 3239 560 3312 ποιοῦσιν,
601 3233 734 3302 ornanda
774 3239 998 3318 παραιτοῦνται
1040 3254 1097 3322 pro
1132 3239 1348 3318 παραιροῦνται
1392 3243 1426 3302 ct

234 3339 270 3419 ἐξ
292 3343 415 3422 άμφοῖν
438 3342 553 3410 άςῶν.

281 3445 330 3514 dd
360 3466 432 3535 pag.
458 3449 534 3514 287.
582 3447 651 3515 Non
684 3448 792 3514 minus
824 3446 998 3515 ridiculum
1031 3439 1188 3516 emblema
1217 3449 1428 3536 pertinaciter

234 3555 344 3624 haeret
370 3555 403 3620 in
427 3554 583 3622 Eunrnrms
606 3552 824 3621 Andromache
847 3575 893 3620 vs.
918 3558 984 3622 740
1008 3575 1076 3642 sqq.

346 3671 446 3756 EPM.
493 3664 545 3728 οὐκ
570 3659 610 3728 αὖ
633 3671 730 3745 σιωπῇ
751 3661 898 3743 Κύπριδος
922 3661 1075 3740 άλχιίσεις
1099 3660 1186 3743 πίρις

346 3777 474 3836 ΑΝΔΡ.
494 3770 527 3836 τί
548 3769 591 3847 δ’ς
616 3770 648 3834 οὐ
674 3767 801 3849 γυναιξί
820 3773 925 3833 ταῦτα
951 3773 1058 3849 πρῶτα
1082 3774 1272 3849 πανταχοῦ;

347 3885 447 3942 ΕΡΜ.
494 3877 557 3943 ναί.

507 4032 610 4100 καλῶς
632 4051 672 4107 χε
696 4025 919 4109 χρωμέναισιν·
944 4026 970 4092 εί
994 4025 1026 4093 δὲ
1049 4026 1112 4105 μίν,
1136 4027 1169 4092 οὐ
1194 4025 1290 4092 καλά.

234 4179 337 4246 Locus
362 4175 411 4243 rel
444 4179 491 4243 sic
516 4178 595 4243 satis
620 4177 767 4244 scurriiis
791 4186 840 4244 est
861 4185 892 4244 et
913 4197 930 4243 a
953 4175 1129 4262 Tragoedia
1150 4175 1290 4254 alienuS,
1316 4183 1426 4242 utnon

174 4353 179 4380 1
232 4283 381 4372 petulans
405 4283 521 4370 aliquis
543 4283 708 4350 Graeculis
730 4285 939 4371 interstrepat
960 4293 991 4350 et
1012 4283 1050 4351 dc
1071 4303 1130 4349 suo
1150 4284 1218 4350 Ναί
1230 4284 1424 4369 interponat.

233 4392 268 4458 in
305 4391 425 4456 Comici
469 4389 650 4474 fragmento
694 4392 778 4478 apud
824 4393 1026 4460 Puurnncnuu
1065 4393 1097 4457 in
1141 4391 1353 4460 Consolatione
1387 4388 1428 4456 ad

233 4493 434 4583 Apollonium
459 4517 489 4584 p.
520 4501 592 4562 106.
619 4519 648 4562 n.
