3204 4978
710 333 779 405 285

149 535 260 616 Φνονν·
308 527 437 597 Είοελίε
461 528 763 610 etcorporum,
788 525 839 596 ίνα
861 527 961 612 perideo
985 528 1031 600 dra
1055 538 1114 600 τῶν
1140 530 1273 612 οίνοιξίοον
1294 531 1337 602 orb

149 641 240 718 οίμοα
264 638 345 705 οὐδὲν
367 634 518 720 διαφέρει.
568 635 624 702 Vei
648 633 701 701 hic
728 654 812 702 unus
837 635 925 703 iocus
950 648 1143 724 argumento
1167 659 1236 706 esse
1255 649 1342 728 pote·

150 754 202 812 rat
225 764 288 811 non
311 763 381 810 esse
405 742 575 810 Puurnncm
598 740 845 822 bunciibrum,
871 763 890 809 a
914 745 1009 810 cuius
1034 744 1179 812 moribus
1204 745 1264 812 ista
1289 767 1342 814 sa·

149 851 270 939 pientia
296 868 428 938 prorsus
448 847 620 927 abhorret,
647 847 701 914 sed
724 857 866 916 extrema
889 869 965 936 pars
989 850 1049 916 toci
1072 871 1169 918 sensu
1188 872 1289 919 raetia
1309 861 1343 920 et

151 976 282 1045 prorsus
309 954 448 1022 absurda
473 963 539 1032 est,
564 955 625 1020 nisi
647 955 719 1041 quis
739 953 820 1021 forte
840 965 1079 1043 caperepotest
1100 958 1178 1044 quid
1202 959 1261 1026 sit:
1289 969 1342 1026 »ut

149 1063 252 1130 disens
293 1061 376 1128 nibil
417 1082 469 1127 ree
512 1059 657 1126 docentor
699 1061 738 1126 ob
780 1061 920 1149 indipnis
953 1062 1094 1150 differre.
1141 1063 1260 1152 Lepida
1291 1073 1341 1132 cst

150 1167 390 1236 Wrrmnoncun
424 1167 605 1233 annotatio:
641 1166 764 1232 videtur
800 1178 1004 1256 praeceptum
1047 1191 1066 1236 c
1105 1171 1239 1256 quodem
1281 1193 1339 1236 oo·

150 1281 232 1340 etone
260 1274 375 1340 diserte
398 1273 548 1339 traditum
591 1293 628 1338 οο
663 1294 721 1358 per
761 1274 1017 1355 εὐίοοοκμοοείννν
1057 1279 1210 1362 pronitate
1240 1287 1341 1343 croto-

148 1378 198 1444 n'o
228 1378 385 1446 inuoluere
419 1379 553 1445 νοίαίεεο
582 1379 686 1466 itaque
720 1380 937 1466 perspicacitati
974 1381 1124 1469 obfuisse.
1174 1380 1228 1448 Sic
1258 1380 1339 1447 nihii

125 1484 212 1553 ‚erit
246 1485 286 1552 ad
321 1487 446 1552 animos
482 1484 727 1552 commovendos
759 1485 868 1552 nrinus
900 1485 1049 1554 idoneum
1082 1506 1179 1575 qnam
1204 1488 1340 1554 oratorio

146 1591 298 1679 pronitus.
345 1591 379 1659 Si
415 1591 713 1678 interpretationem
749 1591 920 1658 emendata
957 1592 1053 1661 lectio
1090 1594 1336 1683 praecessisset,

146 1717 212 1763 non
237 1696 349 1766 fuisset
373 1696 461 1764 aliud
486 1707 691 1784 praeceptum
716 1697 757 1763 ad
781 1697 1025 1785 intelligendum
1051 1698 1189 1767 facilins.
1222 1701 1340 1767 Emen-

147 1803 203 1870 da:
227 1803 345 1871 sinetis
369 1806 411 1879 είς
436 1811 586 1886 πορνεῖον,
613 1809 691 1882 παῖ,
719 1801 768 1884 ίνοο
791 1804 892 1889 μοίίνς
916 1802 1043 1872 ὅτιτῶν
1066 1806 1159 1886 detor
1183 1807 1224 1874 τοί
1245 1807 1339 1888 τίμια

146 1911 231 1976 οὐδὲν
258 1911 412 1994 διαφέρεοε
444 1911 487 1976 rab
510 1911 601 1990 τίμια
632 1919 708 1977 sunt
732 1932 811 1998 ptrue
836 1933 948 1999 mopno
972 1921 1129 1988 eorrstont,
1155 1913 1273 2000 quibus
1296 1913 1340 1982 rai

146 2015 225 2096 ίοξνα
248 2025 464 2103 opponuntur.
503 2017 563 2082 Pro
581 2041 639 2082 που
664 2016 832 2103 legendum
859 2037 928 2083 esse
951 2027 1015 2085 παῖ
1035 2018 1239 2086 confirmabit
1268 2020 1339 2087 Dro-

146 2142 241 2188 cenes
273 2122 423 2188 baburrus
460 2122 527 2189 Vil.
559 2127 602 2189 88
631 2132 664 2189 ct
691 2127 745 2190 89.
772 2123 825 2189 ubi
851 2125 900 2189 ἐπ’
923 2124 1039 2205 οίκναα
1063 2125 1229 2202 παιδίσκης
1260 2125 1336 2192 olim

147 2227 304 2316 putabant
327 2228 511 2315 siguificare
543 2228 604 2294 »od
622 2229 757 2296 ονοίίίοο
788 2229 950 2311 domum''‚
983 2231 1038 2298 sed
1070 2241 1120 2298 est
1144 2230 1227 2299 ideni
1254 2232 1339 2319 quod

146 2333 299 2400 Drocsncs
326 2354 390 2400 uuo
414 2335 510 2402 verbo
532 2343 663 2416 πορνεῖον
687 2335 835 2422 appeiiat.

192 2440 228 2506 ln
272 2439 443 2507 Rhetorurn
480 2439 684 2529 Praeceptore
716 2447 775 2518 bt,
819 2445 869 2509 lb.
906 2443 1077 2512 αὐοοίοίνδα
1109 2445 1164 2519 τίον
1200 2448 1335 2525 καμοκίνν

144 2545 383 2628 μιμησάμενος,
423 2546 549 2626 librarii
588 2566 789 2634 concoquere
832 2568 894 2613 non
940 2559 1113 2636 potnerunt
1149 2551 1338 2631 αὐτοίοίίδα,

146 2651 246 2742 (quod
269 2652 392 2719 dictum
416 2662 465 2720 est
490 2661 525 2719 ut
549 2651 760 2736 αὐτοβοοέας,
784 2656 1018 2735 cireceastria,
1044 2654 1119 2744 alia)
1141 2655 1251 2742 itaque
1273 2656 1337 2744 ple·

146 2759 239 2846 rique
260 2757 419 2826 dederunt
450 2759 543 2834 αὐτὸς
574 2759 683 2826 aereo:
714 2759 754 2826 ad
784 2759 868 2824 idem
893 2759 1074 2846 exemplum
1099 2760 1337 2829 emendaverint

145 2865 296 2932 Putemus
326 2863 531 2932 Menexenum
566 2886 596 2952 p.
626 2869 691 2932 245
725 2887 751 2930 o.
784 2865 872 2931 αὐτοί
902 2863 1055 2944 Ἕλληνες
1079 2869 1112 2933 οὐ
1136 2865 1338 2950 μοξοβοίρβα·

143 2994 185 3055 ρον
216 2973 373 3051 οίκοῦμεν,
416 2969 471 3037 ubi
508 2970 582 3037 clim
626 2979 761 3038 venuste
797 2969 999 3049 αὐτοίλλννες
1035 2973 1194 3059 scripturn
1233 2971 1337 3041 fuisse

145 3075 297 3144 arbitror.
424 3089 426 3092 ·

190 3183 228 3250 ln
252 3181 463 3268 Pbitopseode
495 3187 559 3262 ba,
592 3187 645 3251 34.
676 3185 869 3265 abradendo
899 3183 1097 3268 ἑλληνίζοντα
1120 3183 1196 3251 libri
1228 3205 1339 3252 omnes

145 3290 360 3357 neeessariam
385 3289 588 3374 negationem
614 3290 787 3368 omittunt,
812 3310 909 3376 quarn
930 3292 1055 3377 primus
1078 3290 1184 3357 editor
1209 3292 1337 3380 supple·

144 3396 192 3462 rit
215 3393 255 3461 de
275 3413 350 3473 suo,
372 3394 582 3481 probantibus
600 3397 716 3462 merito
737 3397 874 3463 caeteris
893 3396 1053 3463 omnibus.
1092 3396 1226 3484 Saepius
1239 3418 1335 3484 quam

146 3500 259 3566 credas
290 3499 415 3567 librarii
444 3503 478 3567 ob
510 3499 723 3586 neglexerunt
751 3501 889 3582 addere,
923 3511 956 3566 ut
992 3503 1023 3567 iu
1047 3502 1202 3571 isocunms
1225 3504 1339 3571 Ανοίιί-

147 3606 237 3674 damo
269 3610 363 3693 553.
390 3609 422 3672 iu
452 3607 601 3674 omnibus
626 3607 719 3674 libris
741 3617 788 3674 est
811 3608 862 3674 διὰ
886 3606 1066 3686 πλεονεξίαν
1090 3610 1259 3688 ποιοίμεθα
1283 3610 1339 3686 τίον

147 3711 277 3792 είρνίνκν,
307 3714 525 3782 necessarium
558 3715 590 3781 οὔ
615 3714 781 3793 ποιοίμεθα
809 3714 937 3781 tandem
965 3734 1050 3781 unus
1077 3714 1213 3782 Urbinas
1236 3715 1336 3785 dedit.

148 3817 304 3884 Similiter
327 3819 359 3885 in
384 3819 527 3904 Antidoei
554 3826 570 3907 §
595 3825 661 3888 318
687 3829 718 3886 et
743 3818 815 3887 aiiis
839 3820 933 3888 ionis:
957 3819 1166 3907 quamobrem
1188 3823 1215 3888 si
1238 3843 1339 3910 qrran·

145 3924 185 3992 do
208 3928 241 3994 οὐ
265 3924 375 3994 deesse
399 3927 567 4015 apparebit
592 3927 657 3993 noli
681 3927 891 3994 reformidare
915 3937 1059 3994 veterum
1075 3928 1337 3997 membranarum

145 4036 372 4102 auctoritatem
384 4085 392 4110 ‚
403 4044 459 4100 aut
472 4032 628 4100 librorum
643 4034 787 4100 omniurn
799 4052 990 4100 eonsensum
1008 4036 1169 4111 revereri,
1183 4035 1238 4101 sed
1253 4036 1337 4124 quod

145 4159 224 4227 opus
247 4151 297 4209 est
317 4139 517 4207 confidenter
545 4142 691 4207 restitue.
741 4138 827 4206 babo
855 4138 918 4206 duo
943 4140 1105 4227 exernpia:
1131 4141 1164 4207 in
1192 4142 1338 4211 Pcnronrs

146 4244 312 4314 Pboedone
340 4269 372 4334 p.
397 4252 440 4315 59
471 4268 498 4313 e.
530 4247 564 4312 εί
592 4245 643 4327 δίς
670 4246 852 4328 ’Λρίςοππος
885 4246 938 4312 καί
963 4245 1178 4329 Κλεόμβροτος
1203 4249 1337 4332 caprot-

144 4355 352 4435 νοντο;-οὐ
376 4354 466 4428 δῆτα.
501 4354 531 4420 ἒν
564 4353 677 4438 ntybp
700 4354 763 4436 γὰρ
788 4353 930 4433 ἐλέγοντο
955 4349 1051 4433 εἷναος
1078 4363 1110 4419 ct
1142 4375 1219 4422 sana
1256 4357 1339 4421 ratio

145 4456 236 4528 docet
262 4470 293 4528 et
323 4461 463 4529 Graecae
488 4459 617 4547 linguae
646 4460 812 4546 ingenium
839 4457 1075 4526 emendandum
1097 4479 1168 4526 esse
1189 4462 1222 4528 cb
1246 4485 1338 4544 οοαοε·
