3150 4972
792 359 839 433 98

225 572 343 630 κπεῖνσν
356 579 414 649 pru
425 559 616 625 ἀποκτενεῖν.
636 557 757 626 Eadem
769 567 819 624 est
831 559 914 626 ratio
934 557 1105 626 verborum
1118 558 1153 626 orl
1164 561 1248 642 Φνμν
1259 608 1268 638 ,
1281 557 1414 638 locunt,

226 669 359 752 ἐλπίζω,
384 664 554 747 προσδοκῶ,
582 664 713 746 νομόζιν,
738 665 858 746 alapae,
882 667 1040 745 ἡγοῦμαι,
1067 667 1278 746 ὑπισχνοῦμαι
1304 671 1340 730 ut
1368 663 1415 730 lu·

226 784 339 841 turum
364 771 515 838 infinitivi
548 771 591 837 sit
623 773 859 850 necessarium,
884 771 1081 858 ubicumque
1104 773 1136 836 in
1161 779 1251 836 recta
1273 771 1416 860 oratione

225 882 367 968 positum
401 887 528 963 tempus
559 875 644 944 idem
676 877 910 965 requireretur.
966 876 1001 943 ln
1037 877 1246 944 choraourrs
1280 874 1418 942 Anobuo'

226 985 253 1054 l.
277 1007 309 1052 tt.
335 989 367 1051 2.
394 983 604 1065 ὑποσχόμενος
627 985 672 1062 μὴ
695 982 820 1064 πρόσόεν
843 983 1024 1049 παόσσσόσν
1049 991 1218 1069 propterea
1241 981 1417 1048 absurdum

227 1100 294 1170 est,
318 1092 395 1179 quia
419 1088 555 1155 absurde
578 1087 679 1155 Grnus
702 1086 854 1155 credetur
878 1088 998 1154 dixisse
1027 1092 1061 1155 cd
1084 1088 1209 1171 πρόσθεν
1231 1088 1418 1167 ἐπσυσόμνν

225 1217 285 1285 pro
316 1195 489 1275 πσιόσσμσν.
537 1195 585 1260 lta
619 1193 831 1281 loquebantur
862 1195 1030 1275 Graeculi,
1064 1195 1120 1282 qui
1151 1193 1183 1260 id
1214 1193 1352 1260 traxisse
1375 1194 1418 1258 vi-

227 1303 346 1371 dentur
364 1322 403 1368 ex
427 1301 506 1367 locis
532 1299 584 1366 ubi
610 1300 648 1367 όν
672 1321 745 1367 cum
772 1299 923 1366 inlinitiri
944 1303 1074 1367 aoristis
1094 1301 1304 1367 coniunctum
1329 1318 1420 1386 pror·

228 1430 284 1478 sus
307 1408 410 1477 loturi
435 1405 592 1494 temporis
616 1405 717 1468 instar
743 1401 908 1469 videretur
938 1403 1071 1478 habere:
1096 1403 1134 1468 clo
1159 1405 1191 1468 in
1217 1401 1333 1468 talibus
1359 1399 1420 1468 ire·

228 1516 440 1603 quentissime
471 1520 528 1580 aut
560 1508 680 1576 excidit
711 1516 768 1575 aut
799 1528 874 1575 oum
900 1509 996 1576 verbo
1018 1509 1185 1577 coalescit:
1211 1507 1295 1595 quod
1319 1527 1419 1595 quum

228 1622 346 1689 millies
369 1627 452 1688 essct
473 1618 616 1696 iactum,
644 1623 679 1681 ut
704 1615 736 1679 in
761 1613 931 1682 (lodicibus
952 1617 1072 1683 nostris
1092 1623 1242 1702 apparet,
1266 1613 1420 1700 paulatim

228 1727 402 1795 assuefacti
425 1735 502 1791 sunt
531 1726 576 1790 ita
600 1723 708 1788 dicere
732 1729 763 1788 et
788 1720 900 1788 vitiosa
924 1722 1124 1790 consuetudo
1147 1721 1245 1788 vertit
1272 1721 1304 1784 in
1330 1727 1423 1786 natu·

229 1854 312 1901 ram.
363 1831 504 1899 Perutile
535 1837 585 1896 est
608 1829 640 1894 in
667 1826 722 1892 tali
747 1846 782 1892 re
805 1847 916 1894 eorum
943 1830 1121 1897 sententias
1150 1829 1282 1908 audire,
1309 1831 1422 1916 quiin

229 1939 281 2006 his
313 1937 430 2006 litteris
461 1935 614 2003 familiam
647 1932 783 2001 ducunt.
839 1933 987 1999 Graeculi
1021 1936 1243 2023 imposuerunt
1267 1935 1423 2002 llcxsma·

228 2065 338 2124 nusro,
370 2062 465 2130 quem
496 2041 568 2108 vide
596 2043 628 2107 in
662 2039 795 2106 Miscell.
835 2038 1005 2107 Obsce-ocu.
1037 2043 1127 2110 Tum.
1151 2041 1206 2109 lv.
1233 2061 1263 2129 p.
1286 2045 1364 2108 286.
1389 2042 1421 2107 in

230 2150 318 2216 clera
351 2149 423 2215 luce
454 2146 673 2214 dubitantem:
718 2147 943 2232 imposuerunt
978 2146 1165 2214 Herunomuo
1200 2146 1240 2214 ad
1277 2147 1424 2213 Passurus

230 2255 430 2322 Pboedonem
454 2274 527 2342 pag.
543 2259 585 2320 ts
606 2261 637 2319 et
650 2251 856 2338 Protcporom
881 2272 911 2338 p.
926 2255 1009 2333 487,
1033 2262 1064 2318 at
1089 2253 1187 2320 iidem
1201 2253 1334 2320 qunreo
1347 2251 1424 2320 er-

230 2382 327 2428 rnxxo
350 2362 517 2449 iteponere
549 2379 612 2426 nou
643 2366 834 2445 potueruut,
866 2359 922 2444 qui
947 2359 1067 2444 passim
1092 2361 1124 2424 in
1150 2360 1272 2446 optimo
1296 2378 1424 2446 quoque
1535 2387 1545 2406 ·

230 2468 387 2554 scriptore
411 2467 526 2534 Graeco
553 2474 610 2532 aut
630 2463 732 2531 futuri
751 2462 887 2530 sormam
913 2465 1058 2530 restituit
1079 2473 1135 2531 aut
1156 2465 1308 2532 latentem
1329 2484 1424 2531 voco·

230 2572 295 2640 lam
319 2569 358 2638 όν
381 2573 413 2638 in
436 2571 540 2639 lucem
566 2573 738 2638 revocavit.
788 2570 824 2635 ln
851 2571 1067 2636 dursrornxxrs
1092 2569 1189 2638 lionis
1212 2590 1258 2638 vs.
1280 2573 1344 2636 tte
1365 2591 1424 2657 sq.:

696 2678 729 2743 cri
753 2676 810 2757 nto
830 2669 881 2742 οὖν
903 2701 944 2756 με
967 2676 1151 2759 προσεδόκας

424 2785 489 2861 tren
512 2783 662 2867 κσόόρνσνρ
685 2779 771 2864 εἶχες
795 2784 1023 2862 coercebat
1045 2786 1074 2848 σ’
1098 2783 1153 2849 ἔπι.

232 2893 306 2980 quis
329 2888 456 2957 dubitet
478 2891 557 2978 quin
579 2889 759 2957 rectissime
784 2889 961 2976 repositum
987 2889 1030 2956 sit
1051 2889 1090 2958 du
1114 2897 1244 2970 γνῶναι,
1268 2887 1354 2977 quud
1376 2889 1427 2956 vel

232 2997 275 3066 ἔτι
300 2998 511 3065 demonstrat.
561 2997 597 3062 ln
630 2996 778 3062 Puxrouts
808 2993 981 3083 Protcporc
1006 3015 1037 3084 p.
1055 2999 1120 3063 516
1144 3016 1172 3062 c.
1198 3000 1288 3064 τοῦτο
1312 2995 1343 3061 δὲ
1366 2995 1427 3062 cle-

231 3103 288 3170 ecl
318 3105 343 3170 ol
373 3101 500 3183 potam
529 3101 671 3180 γενόσόσιν
703 3103 728 3167 el
753 3102 797 3168 σσ)
823 3100 1023 3181 συγγένοιτο,
1049 3102 1192 3179 ratione,
1217 3122 1314 3190 prope
1339 3101 1427 3169 dixe·

232 3211 316 3286 rim,
340 3205 569 3273 mathematica
592 3205 676 3294 quod
700 3226 813 3273 verum
836 3215 886 3274 est
907 3207 1055 3293 indagari
1077 3216 1110 3273 et
1134 3207 1349 3294 demonstrari
1373 3229 1428 3296 po·

233 3324 307 3382 test.
355 3311 454 3381 llecta
478 3313 581 3379 oratio
605 3321 674 3379 esi:
700 3313 792 3380 πσῦπό
814 3337 864 3394 μοι
889 3314 1001 3394 μόλνς’
1024 3313 1063 3379 όν
1086 3313 1204 3394 ptum
1228 3317 1253 3382 sl
1277 3317 1320 3398 τῷ
1344 3326 1428 3398 Πρω-

233 3418 355 3505 πσγόρρι
379 3419 604 3500 currentem
629 3438 722 3485 nemo
749 3419 864 3486 Graeca
887 3422 992 3486 sciens
1015 3421 1099 3485 serio
1122 3420 1293 3488 contendet
1317 3421 1350 3487 ic
1375 3419 1428 3488 his

233 3527 271 3596 clv
302 3527 409 3593 omitti
442 3547 545 3614 posse:
577 3527 605 3592 si
629 3525 707 3592 haec
732 3526 764 3591 in
795 3527 985 3592 indirectam
1010 3527 1187 3593 orationem
1212 3525 1429 3594 convertenda

231 3642 365 3703 suntet
399 3653 417 3700 e
446 3633 542 3701 verbo
562 3631 663 3712 alopen
687 3631 929 3720 suspendenda,
962 3625 1078 3719 ecquid
1110 3652 1226 3700 causae
1250 3631 1338 3700 dices
1367 3651 1429 3699 cur

233 3740 271 3808 clo
295 3739 487 3808 abiiciaturl
537 3739 599 3820 Qui
628 3739 715 3806 solus
744 3740 776 3804 in
807 3737 994 3804 huiusmodi
1027 3758 1062 3806 re
1085 3747 1118 3805 et
1146 3740 1430 3826 argumentatione

235 3845 469 3913 dubitationem
503 3846 637 3912 iniicere
668 3853 789 3932 potest,
822 3863 901 3910 usus
930 3843 1098 3931 loquendi,
1125 3865 1186 3910 non
1212 3853 1337 3912 tautum
1364 3865 1429 3912 nou

233 3950 423 4018 adversatur
447 3950 502 4016 sed
535 3953 565 4016 iu
599 3950 691 4032 longe
716 3950 867 4038 plurimis
890 3949 975 4037 quod
1000 3953 1083 4018 ratio
1106 3954 1263 4039 praecipit
1287 3961 1354 4018 tam
1378 3952 1430 4018 lu-

233 4057 379 4124 culenter
403 4056 592 4137 confirmat,
619 4066 656 4122 ut
674 4076 768 4124 nemo
788 4057 947 4142 ambigam
973 4057 1031 4123 hoc
1050 4057 1162 4124 volunt
1182 4069 1321 4144 utroque
1334 4059 1430 4124 modo

232 4163 297 4230 dici
323 4183 434 4250 posse,
465 4163 613 4229 erruxru
642 4163 836 4231 sententiam
865 4173 898 4230 et
929 4167 1054 4230 ratione
1085 4173 1118 4230 et
1141 4184 1203 4231 usu
1228 4166 1308 4243 niti,
1334 4183 1428 4231 suam

234 4269 347 4336 multis
372 4269 548 4336 multorum
573 4269 665 4347 locis,
691 4291 770 4357 quos
791 4289 901 4336 orrrnes
921 4291 991 4336 esse
1006 4269 1196 4358 depravatos
1216 4269 1276 4335 sibi
1291 4289 1352 4335 non
1374 4291 1429 4336 sa·

234 4378 277 4443 tis
300 4377 463 4464 probabile
487 4375 599 4443 videri.
649 4378 760 4445 Dicam
786 4377 887 4462 igitur
911 4379 1040 4464 paucis,
1068 4397 1142 4445 nam
1166 4378 1358 4463 dignissima
1374 4396 1430 4444 res

233 4490 282 4550 est
312 4501 394 4568 quae
418 4483 603 4550 excutiatur
624 4492 656 4551 et
681 4484 780 4550 libero
805 4483 864 4550 hoc
887 4503 1004 4568 genere
1028 4485 1209 4571 scripturae
1242 4483 1366 4550 utimur
1391 4491 1428 4548 ut
