3178 4972
822 395 878 444 xlv

256 575 441 660 deturpent,
474 578 507 638 et
529 592 610 658 qnae
632 573 676 636 sit
697 574 909 634 correctorum
933 571 966 632 in
989 586 1116 632 summa
1139 568 1267 632 inscitia
1288 587 1396 632 rerum
1419 571 1451 630 et

256 696 410 761 sermonis
444 695 567 779 antiqui
600 690 796 759 incredibilis
831 691 963 758 audacia
995 688 1143 755 mutandi
1177 692 1210 754 et
1240 686 1451 774 interpolandi

256 816 411 902 quidquid
430 820 616 901 corruptum
634 817 682 879 est
701 819 758 878 aut
776 815 847 878 istis
865 813 1003 880 videtur.
1036 809 1159 892 Quibus
1179 806 1335 876 Codicum
1354 806 1451 876 Grae·

256 959 366 1004 corum
388 936 657 1023 inspiciendorum
680 934 770 1000 nulle
791 939 839 1000 est
860 933 1014 1012 facultas,
1038 936 1229 1019 componant
1247 932 1332 997 mihi
1350 931 1451 998 Bastii

184 1073 205 1146 J
256 1061 403 1148 egregias
422 1059 655 1124 observationes
675 1056 960 1145 Palaeographicas
978 1053 1135 1142 Gregorio
1153 1050 1451 1120 Corinthiorubiec·
1575 1117 1576 1124 ,

256 1189 305 1247 tas
339 1201 415 1246 cnm
449 1181 698 1266 discrepantium
727 1179 956 1263 scripturarum
988 1178 1125 1254 marvis,
1157 1195 1235 1260 quos
1263 1177 1297 1240 in
1327 1195 1450 1260 quoque

255 1304 406 1389 scriptore
430 1301 515 1366 docti
537 1301 673 1366 editores
697 1299 955 1376 accumularunt,
980 1303 1075 1363 etex
1097 1316 1133 1362 eo
1156 1301 1290 1362 stercore
1305 1316 1451 1384 gemmas

257 1424 407 1512 colligere
429 1422 552 1488 discant
575 1420 721 1508 exemplo
745 1441 946 1503 summorum
967 1417 1178 1497 Oriticorum,
1197 1421 1232 1482 in
1250 1418 1366 1504 quibus
1384 1437 1450 1484 om·
1575 1459 1576 1520 p

255 1546 350 1611 nibus
373 1543 570 1632 singularem
593 1541 861 1631 Palaeogrsphiae
889 1543 1039 1628 peritiam
1061 1541 1162 1606 inesse
1185 1538 1449 1606 animadvertent.
1575 1583 1576 1630 ,

256 1663 362 1747 Quam
391 1664 510 1732 vellem
534 1665 619 1730 docti
641 1665 787 1730 homines
808 1663 890 1730 hanc
912 1664 1057 1728 criticam
1080 1661 1329 1748 supellectilem,
1353 1677 1451 1748 qnam
1575 1709 1576 1716 ,

256 1788 396 1873 undique
423 1791 654 1872 comportatum
684 1791 716 1850 et
747 1806 787 1850 ex
808 1783 901 1851 libris
924 1784 1209 1871 qualibuscumque
1231 1785 1362 1870 optimis
1383 1804 1452 1869 pes·
1575 1769 1576 1848 ἶ

256 1910 348 1974 simis
377 1929 451 1973 cum
476 1907 658 1994 pulvisculo
685 1926 843 1974 corrasam
870 1907 1077 1995 scriptoribus
1107 1907 1248 1991 antiquis
1277 1907 1451 1994 appendere
1575 1887 1576 1974 J

257 2029 372 2107 solent,
409 2032 457 2094 ita
489 2029 663 2095 discernere
697 2034 730 2094 et
765 2029 907 2118 digerere
943 2027 1067 2095 delectu
1096 2029 1179 2095 iacto
1211 2032 1243 2094 et
1270 2027 1452 2114 quisquiliis
1575 2053 1576 2126 3

257 2152 389 2217 abiectis
423 2149 615 2228 voluissent,
650 2155 688 2215 ut
722 2156 834 2217 acutus
865 2155 897 2217 et
927 2153 1111 2239 ingeniosus
1140 2151 1266 2217 iuvenis
1296 2149 1337 2216 ad
1365 2149 1451 2216 hunc
1487 2140 1493 2150 ’
1575 2219 1576 2234 1

257 2278 445 2359 apparatum
474 2269 632 2338 Oritinum
660 2271 913 2360 cognoscendum
942 2276 975 2337 et
1004 2271 1230 2338 excutiendum
1260 2269 1451 2338 alliceretur.
1575 2273 1576 2342 f

257 2393 350 2460 Nunc
372 2397 481 2459 contra
502 2397 566 2459 est:
590 2413 707 2459 nemea
729 2398 762 2458 et
783 2392 950 2460 fastidium
972 2394 1058 2479 capit
1079 2395 1203 2458 animos
1225 2395 1260 2457 in
1275 2368 1345 2458 'ista
1365 2391 1453 2462 mole

256 2515 417 2602 indigesta
446 2516 675 2600 scripturarum
706 2513 827 2580 nullius
856 2515 965 2601 pretii,
1000 2534 1078 2599 quas
1106 2513 1334 2581 homunciones
1356 2534 1454 2601 supra

258 2656 355 2720 quam
385 2635 471 2700 credi
499 2639 603 2721 potest
632 2635 741 2701 futiles
772 2642 805 2702 et
834 2638 997 2723 nugatorii
1026 2635 1177 2702 fuderunt
1201 2634 1451 2702 hallucinantes:

257 2756 353 2841 inque
371 2777 407 2822 eo
426 2758 557 2844 gurgite
575 2756 628 2821 hic
645 2755 713 2822 illic
725 2761 843 2822 .natant
858 2759 1055 2842 optimorum
1065 2757 1221 2823 librorum
1233 2759 1454 2824 vetustissime

257 2877 414 2963 quaedam
443 2877 575 2954 menda,
607 2880 695 2943 intus
717 2881 855 2964 optimas
877 2879 1027 2945 lectiones
1050 2881 1225 2958 servantia,
1250 2899 1329 2965 quae
1353 2878 1452 2945 simul

257 3005 352 3084 atque
382 3000 483 3084 perite
511 3003 544 3064 et
574 2997 718 3064 sollerter
743 3018 876 3064 manum
899 2997 1079 3080 mmpveris
1100 2998 1205 3066 veluti
1225 2999 1361 3088 igniculi
1383 3001 1453 3086 qui-

258 3119 334 3185 dam
363 3121 503 3184 emicant
532 3123 564 3183 et
587 3139 626 3184 ex
649 3124 718 3185 atre
741 3119 878 3208 caligine
900 3119 1019 3186 claram
1040 3120 1147 3187 lucem
1169 3121 1345 3188 effundunt.
1379 3120 1452 3187 Hae
1531 3199 1534 3202 ¹

257 3245 333 3306 sunt
362 3239 573 3325 discrepantes
603 3241 777 3327 scripturae
798 3239 895 3308 utiles
918 3247 964 3319 et,
986 3247 1025 3308 ut
1046 3244 1091 3308 ita
1115 3242 1237 3320 dcam,
1260 3242 1449 3321 foecundae,

257 3362 292 3426 in
323 3361 440 3446 quibus
462 3366 536 3426 sunt
558 3363 680 3426 semina
703 3363 961 3429 emendationum
983 3365 1018 3428 in
1040 3361 1113 3429 aliis
1134 3363 1214 3429 locis
1236 3369 1269 3430 et
1291 3366 1451 3450 scriptori·

258 3483 318 3546 bus
347 3481 573 3549 faciendarum.
608 3481 658 3548 Ex
686 3483 738 3549 his
760 3486 863 3572 igitur
885 3485 958 3550 elici
980 3491 1112 3571 possunt
1134 3487 1368 3552 observationes
1389 3485 1451 3552 Pa-

257 3601 497 3690 laeographioae
525 3609 628 3670 certae
658 3609 691 3670 et
720 3603 851 3671 stabiles
880 3607 1046 3693 scriptores
1075 3603 1212 3672 Graecos
1235 3606 1451 3672 emendaturis

257 3745 403 3810 praesens
428 3725 548 3811 ubique
578 3725 738 3793 auxilium
766 3726 936 3804 allaturae,
965 3748 1027 3813 quo
1050 3730 1106 3813 qui
1128 3728 1300 3794 destitutus
1322 3729 1397 3806 erit,
1422 3731 1452 3793 si

258 3845 378 3910 iudicio
404 3844 506 3923 valet,
538 3845 659 3913 multas
688 3867 780 3934 saepe
805 3850 941 3936 ineptias
964 3855 996 3914 et
1018 3849 1154 3916 absurda
1174 3849 1280 3916 multa
1300 3851 1384 3915 inter
1405 3847 1452 3915 le-

257 3965 400 4054 gendum
422 3966 652 4052 deprehendere
674 3970 804 4054 poterit,
828 3969 884 4036 sed
905 3969 1015 4036 tollere
1038 3972 1078 4035 et'
1092 3971 1248 4059 corrigere
1270 3991 1371 4064 neque
1395 3991 1453 4057 po

258 4089 334 4153 terit
362 4109 463 4172 neque
490 4087 637 4167 audebit,
662 4091 738 4175 quia
760 4091 873 4156 erroris
894 4091 1052 4180 originem
1075 4093 1255 4180 excogitare
1277 4097 1309 4158 et
1331 4093 1453 4179 perspi-

258 4229 328 4274 cere
350 4227 412 4274 non
433 4213 546 4294 potest.
583 4207 661 4290 Quis
685 4213 788 4290 enim,
813 4213 869 4297 qui
891 4214 1120 4299 circumspecto
1142 4213 1261 4278 iudicio
1284 4218 1387 4278 estet
1410 4214 1452 4280 ab
1575 4193 1576 4242 ss

258 4331 348 4395 omni
375 4331 557 4397 temeritate
577 4331 707 4419 ingenio
730 4336 763 4397 et
784 4339 898 4399 natura
920 4333 1058 4411 alienus,
1083 4333 1192 4419 quales
1212 4331 1312 4400 multi
1334 4334 1453 4401 dantur

259 4450 341 4536 apud
371 4455 539 4531 nostrates,
566 4455 601 4518 in
623 4455 768 4554 animum
792 4455 921 4520 inducet
943 4475 1000 4540 pro
1025 4455 1041 4531 ἤ
1066 4456 1233 4523 emendare
1256 4455 1450 4533 σημείωσαι,
