3086 4974
817 355 888 425 514

254 559 362 642 spreta
386 559 445 618 est.
482 547 683 616 biirabeotur
702 548 802 635 inepti
822 556 966 636 tempera
987 551 1112 618 damac
1133 553 1220 620 inter
1238 553 1447 638 recomponi.

299 657 368 724 Non
392 675 457 722 uno
479 653 594 722 mendo
618 654 742 721 iaborat
765 653 854 722 iocus
878 657 1102 726 Demosthenis
1126 679 1158 745 p.
1181 663 1269 735 itio,
1294 661 1350 724 28.
1367 681 1451 724 m-

254 771 363 846 τυχῶς
384 761 551 847 συμφέρῃ,
576 763 703 849 inquit,
727 763 843 829 τουτουὶ
867 763 1047 830 ἑαλωκέναι.
1088 763 1255 852 Philippus
1277 765 1370 831 enim
1395 775 1452 830 aut

254 869 364 936 sanior
395 869 458 935 erit
487 878 520 934 et
545 867 685 934 mutabit
709 887 815 934 mores
836 877 868 936 et
891 868 1028 937 iaiiaciis
1051 870 1243 950 abstinebit,
1272 870 1301 936 si
1328 869 1453 938 ridebit

256 994 374 1064 poenas
403 973 530 1042 dedisse
561 993 642 1061 quos
675 973 810 1041 babebat
839 973 991 1043 irandnm
1024 995 1158 1044 suarum
1182 975 1452 1056 adiutores-aut

256 1079 409 1148 retinebit
441 1090 528 1148 artes
551 1089 690 1159 veteres,
720 1089 752 1146 et
777 1102 831 1148 ros
853 1082 925 1156 τοὺς
949 1083 1046 1150 ὁτιοῦν
1068 1083 1107 1150 ἂν
1130 1081 1231 1167 ἐκείνῳ
1255 1084 1454 1159 ποιήσαντας

255 1187 437 1273 ἆυῃρηκότες
460 1190 495 1254 ἐκ
517 1195 572 1264 τῆς
597 1186 714 1260 πόλεως
732 1184 850 1254 ἔσεσθε.
883 1187 970 1255 Nihil
989 1188 1080 1256 deest
1100 1197 1132 1255 et
1152 1208 1285 1277 prorsus
1302 1189 1455 1256 absoluta

257 1303 305 1360 est
338 1295 510 1362 sententia.
559 1293 596 1360 ln
632 1292 724 1358 libris
759 1292 891 1361 additur
925 1293 978 1383 [ἂν
1008 1295 1131 1368 τούτους
1162 1294 1331 1384 ἀνέλητε],
1370 1317 1456 1384 quae

257 1402 364 1489 inepte
395 1412 428 1470 et
459 1402 573 1467 vitiose
604 1398 781 1467 abundant.
829 1399 891 1467 Sed
923 1400 1008 1487 quod
1040 1403 1194 1468 continuo
1223 1403 1398 1488 sequitur:
1429 1397 1457 1470 ai

256 1509 318 1591 rip
354 1508 480 1589 ottenb
516 1506 600 1583 iiam
635 1504 760 1590 ὑφέξειν
787 1511 921 1574 τοιαῦτα
951 1505 1109 1591 ἔπραξαν,
1140 1507 1179 1575 ἂν
1202 1508 1245 1574 τὸ
1267 1511 1345 1589 παρ’
1371 1511 1459 1588 ὑμῶν

256 1617 362 1688 uitreis
406 1614 518 1698 ἐφεθῇ,
561 1613 596 1680 ri
632 1611 728 1679 oiseis
766 1612 918 1690 vestirem
969 1613 1052 1697 Quid
1087 1613 1149 1680 sibi
1182 1613 1251 1680 ruit
1283 1607 1321 1680 oi·
1348 1617 1457 1684 I'At’?

257 1720 378 1809 Nempe
411 1718 532 1787 excidit
575 1716 721 1806 aliquid,
764 1737 829 1805 quo
869 1719 932 1802 γάρ
975 1720 1210 1798 referebatur,
1231 1718 1333 1786 reinti
1373 1720 1456 1788 boc:

261 1826 316 1892 »Si
346 1847 407 1891 nos
436 1823 625 1891 damnabitis
651 1823 864 1910 improborum
892 1825 1058 1892 semeiam
1081 1825 1146 1913 ipsi
1174 1826 1258 1892 uitro
1285 1827 1458 1913 oatpebitis.

259 1929 329 1997 Neu
375 1930 453 2019 quid
495 1949 549 1997 eos
591 1929 786 2016 impunitate
830 1932 991 2018 preposite
1031 1951 1094 1998 noa
1130 1931 1359 2019 designatores
1399 1953 1459 2022 pn·

259 2035 382 2104 tatiei’'

304 2247 420 2317 Notius
449 2246 542 2315 bodie
574 2253 722 2336 superest
748 2246 852 2314 Codex
878 2249 1022 2318 Graecus
1047 2251 1262 2339 praestantior
1284 2261 1320 2318 et
1342 2269 1460 2321 emen·

259 2358 366 2425 datior
397 2375 494 2441 quam
526 2363 576 2422 eet
609 2355 761 2421 isocratis
797 2353 953 2434 Urbinas,
978 2356 1035 2442 qni
1059 2357 1145 2424 acius
1167 2356 1246 2423 iocis
1269 2357 1461 2426 innumeris

259 2467 363 2551 ipsam
390 2461 535 2530 Oratoris
559 2479 690 2528 manum
716 2462 936 2548 incorruptam
959 2464 1110 2530 servarit.
1135 2463 1247 2549 ltaque
1267 2463 1460 2550 ingeniosae

260 2569 436 2647 iuventuti,
462 2569 494 2634 in
520 2587 582 2654 qua
608 2577 657 2633 est
681 2567 821 2633 scintiiia
844 2568 978 2634 criticae
1002 2567 1184 2645 facultatis,
1210 2589 1273 2634 non
1296 2579 1348 2637 est
1371 2571 1460 2639 fruc

260 2679 383 2749 tuosior
403 2674 593 2744 exercitatio
614 2692 710 2760 quarn
732 2671 901 2740 mendosas
920 2675 1101 2762 scripturas
1119 2669 1333 2744 veterescere
1346 2697 1462 2747 emen·

259 2783 343 2850 datis
373 2781 538 2849 Urbinatis
569 2779 761 2847 lectionibus
784 2799 976 2866 componere
999 2791 1032 2848 et
1055 2781 1093 2848 ad
1121 2779 1203 2848 banc
1227 2781 1334 2850 lucem
1363 2787 1463 2852 ritic-

261 2909 333 2956 rum
364 2897 397 2956 et
427 2905 594 2965 errorum,
629 2884 748 2974 quibus
776 2884 883 2952 adbuc
911 2906 1023 2954 omnes
1053 2889 1198 2954 omnirmr
1223 2889 1393 2958 editiones
1416 2893 1464 2958 in·

260 2995 412 3082 quioatae
445 3001 542 3070 eunt,
574 2992 717 3078 origines
749 3000 781 3058 et
812 2991 937 3058 diversa
968 3011 1086 3078 genera
1111 2996 1219 3061 omnia
1243 3004 1404 3083 spectare
1429 3007 1465 3063 nt

255 3101 353 3187 piace
386 3100 470 3166 idam
503 3096 657 3164 mendum
687 3097 772 3184 apud
804 3097 884 3164 aiios
913 3097 1105 3166 delitescens
1139 3099 1389 3187 deprehendere
1427 3124 1466 3172 ac

261 3205 371 3273 toliere
395 3204 532 3272 discant.
570 3203 659 3272 Idem
684 3223 758 3269 cum
788 3204 905 3290 insigni
930 3205 1146 3272 emotumemo
1169 3224 1207 3272 ac
1231 3205 1342 3274 iructu
1372 3210 1467 3277 iure·

261 3331 317 3379 nes
339 3310 446 3399 paullo
469 3311 632 3377 acutiores
655 3317 688 3377 et
713 3311 745 3375 in
771 3309 843 3376 aliis
868 3310 1015 3398 pluribus
1040 3311 1156 3378 facturi
1183 3320 1260 3379 sunt
1281 3320 1316 3380 et
1343 3315 1468 3404 impri-

261 3419 323 3484 mis
346 3418 379 3483 in
405 3418 557 3506 Dionysio
582 3416 878 3496 Halicarnassensi,
904 3419 931 3483 si
955 3417 1123 3484 mendosas
1144 3419 1292 3505 volgatae
1312 3422 1467 3507 scriptu-

260 3544 313 3591 ras
337 3543 525 3611 cornparare
546 3523 652 3590 roient
671 3543 745 3606 cum
767 3523 853 3590 veris
871 3522 1081 3603 lectionibus,
1102 3544 1184 3612 quae
1196 3534 1228 3591 et
1240 3543 1280 3591 ex
1292 3525 1470 3594 Urbinate

262 3629 380 3698 Codice
402 3638 435 3697 et
459 3650 476 3696 c
503 3628 661 3715 Gbigiano
688 3627 887 3714 prodierunt.
927 3628 1052 3696 liabent
1076 3632 1161 3697 enim
1187 3629 1247 3696 boc
1272 3629 1409 3700 librarii
1435 3645 1470 3701 et

262 3745 479 3814 correctores,
512 3746 547 3803 ut
576 3736 619 3803 rb
647 3735 733 3801 ciris
756 3735 822 3817 περὶ
846 3742 905 3802 τῶν
929 3737 1029 3801 αὐτῶν
1048 3755 1182 3823 peccare
1204 3747 1236 3803 et
1258 3736 1470 3807 batiocinari

263 3843 404 3920 soleant,
432 3841 517 3908 uode
540 3841 572 3908 iit
594 3851 630 3908 nt
653 3861 736 3929 quae
758 3842 836 3908 ritia
854 3843 886 3908 in
909 3842 1050 3908 Isocrate
1072 3841 1227 3922 Urbinas,
1251 3842 1285 3908 in
1300 3843 1470 3935 Dionysio

262 3950 439 4035 Cbigianus
471 3969 545 4015 cum
580 3947 733 4015 Urbinate
764 3948 967 4025 sanaverint,
999 3948 1106 4014 eodem
1136 3949 1205 4035 ipso
1240 3956 1276 4014 tu
1312 3950 1345 4014 in
1388 3951 1470 4018 aiiis

265 4055 477 4144 scriptoribus
497 4057 669 4124 commissa
689 4063 777 4121 certa
791 4053 1014 4120 emendatione
1025 4054 1187 4140 corrigere
1199 4055 1314 4142 possis.
1341 4052 1380 4122 Si
1399 4059 1469 4124 mei

265 4163 392 4230 arbitrii
417 4160 592 4239 meimet,
620 4159 769 4248 equidem
794 4160 956 4226 iuniorum
980 4159 1173 4227 criticorum
1197 4161 1233 4226 ri
1256 4165 1469 4236 σκυλακῶδες

260 4269 325 4336 bac
348 4268 417 4355 iege
440 4267 715 4354 compescuerim,
739 4274 776 4333 ut
797 4265 875 4332 nibii
897 4285 915 4333 a
935 4286 970 4333 se
987 4267 1205 4353 excogitatum
1225 4278 1466 4353 expromerent

263 4377 327 4444 nisi
359 4372 476 4442 alicubi
509 4373 593 4441 idem
625 4372 735 4440 eodem
769 4371 862 4439 niodo
885 4381 1074 4460 corruptum
1098 4393 1136 4439 ac
1160 4381 1307 4440 sanatum
1331 4382 1398 4441 aut
1424 4395 1465 4441 cx

262 4481 345 4548 bono
368 4480 482 4547 Codice
505 4487 563 4546 aut
586 4497 604 4543 a
629 4477 710 4544 bono
732 4479 851 4544 critico
875 4477 1019 4565 proferre
1043 4488 1180 4567 possent.
1207 4479 1309 4562 Quam
1331 4481 1465 4548 nauitae
