3204 4978
791 391 861 464 292

229 609 358 660 summo
380 590 494 656 critico
519 596 583 652 taor
606 585 699 651 docto
715 604 812 672 quam
831 586 938 672 sagaci
952 584 1093 674 tepidum
1114 597 1163 654 est
1181 585 1294 654 audire
1308 587 1419 654 Porro·

229 718 289 764 unu
311 697 355 785 (iu
378 693 516 760 Praelat.
538 690 577 758 ad
604 691 787 766 Commantt.
812 693 845 758 in
871 693 1006 762 Teucro.
1031 701 1113 779 part.
1127 692 1181 761 ΙΙΙ.
1196 713 1225 781 p.
1241 693 1310 780 xl.)
1334 694 1419 760 serio

229 802 406 870 dicentem:
448 799 609 864 »Dabroei
645 799 678 863 in
716 799 797 864 notis
831 800 864 864 in
904 798 1116 887 Thucydidem
1156 801 1347 868 coniecturae
1385 809 1419 866 ut

229 911 263 975 iu
304 907 414 975 ceteris
455 906 594 972 eiusdem
630 904 763 970 bominis
805 905 920 971 eruditi
958 906 1149 973 aduersariis
1183 906 1352 994 pleraeque
1391 917 1420 972 et

229 1015 456 1082 candacissimae
478 1022 507 1078 ct
536 1010 756 1078 inutilissimae
786 1013 881 1077 sunt”
913 1020 1010 1098 atque
1043 1012 1121 1080 baec
1155 1013 1194 1082 de
1222 1013 1417 1080 criticorum

229 1121 374 1209 principe
399 1119 479 1186 dicit
503 1119 615 1196 Porro,
640 1119 695 1205 quii
717 1117 851 1184 criticus
874 1125 923 1185 est
949 1117 1036 1197 talis,
1060 1119 1186 1207 qualem
1205 1117 1313 1186 dicere
1337 1119 1418 1187 uolo.

276 1229 312 1295 lu
342 1227 495 1294 tsoennns
519 1224 747 1291 Panathenaico
783 1227 881 1310 §aa
917 1244 973 1310 pro
996 1225 1079 1302 ἐντὸς
1111 1226 1227 1302 'Auum
1260 1228 1292 1292 in
1317 1226 1418 1293 omui·

230 1335 290 1402 bus
320 1333 412 1400 libris
441 1341 570 1421 praetor
599 1350 699 1396 unum
738 1328 918 1396 llrbinotem
943 1340 992 1397 est
1015 1332 1098 1406 ἐντὸς
1118 1334 1235 1407 Ἀλυος
1257 1336 1418 1414 ποταμοῦ,

227 1440 312 1529 quod
346 1459 439 1507 nenio
463 1458 618 1526 umquam
644 1436 818 1504 revocabit.
869 1437 1021 1504 Eiusdem
1042 1439 1171 1525 generis
1191 1437 1349 1506 emblema
1367 1447 1417 1505 est

228 1551 261 1615 in
296 1545 467 1614 Hellenicis
491 1543 544 1610 lV.
570 1564 613 1608 ιιι.
640 1547 672 1611 8.
698 1542 766 1624 arpis
788 1543 818 1608 lu
844 1545 900 1631 [τῷ
924 1543 993 1634 ipsi]
1013 1547 1055 1627 τῷ
1079 1545 1245 1629 uastante
1268 1545 1416 1626 ἐγένοντο.

230 1655 372 1742 Turpius
395 1652 493 1718 etiam
528 1650 559 1715 in
593 1649 767 1715 Taaarams
793 1648 847 1715 111.
875 1653 927 1718 16.
953 1653 979 1717 ai
1002 1652 1053 1717 tri
1078 1661 1117 1735 τῇ
1141 1651 1237 1738 Alcen
1264 1651 1319 1742 [τῷ
1343 1650 1414 1740 θρει]

229 1761 377 1836 οἰκοῦσιν,
409 1755 482 1839 θπερ
517 1755 647 1836 niniati
678 1755 739 1825 lesu
770 1753 834 1837 θρος
867 1757 898 1821 lu
939 1766 979 1842 τῇ
1009 1759 1150 1844 Σιαελθμ.
1198 1757 1298 1846 Saepe
1333 1757 1418 1845 qued

228 1866 392 1952 eleganter
415 1873 447 1930 et
471 1872 604 1929 veniiste
629 1870 661 1926 et
685 1861 833 1944 εὐφήμως
856 1871 927 1929 erat
950 1861 1093 1942 dictum,
1118 1865 1171 1930 isti
1193 1883 1326 1951 prorsus
1345 1882 1418 1931 eor·

228 1977 385 2058 ruiopunt
410 1967 440 2032 id
465 1968 570 2054 ipsum
595 1965 749 2033 addentes
773 1966 856 2052 quod
882 1969 1021 2054 scriptor
1046 1967 1203 2037 maluerat
1234 1970 1419 2057 siguificare

227 2097 325 2165 quam
357 2075 475 2141 dicere.
523 2072 557 2139 ln
593 2073 744 2139 tsoenaris
777 2072 918 2140 Antidosi
954 2077 972 2160 §
1010 2079 1086 2143 288.
1118 2084 1253 2145 uenuste
1292 2075 1416 2143 dietum

229 2193 300 2251 erat
321 2191 384 2256 τοῖς
407 2179 563 2259 λαομένοις
588 2179 680 2245 εἴκοσι
703 2179 757 2246 καὶ
782 2179 948 2261 τριάκοντα
970 2187 1052 2260 μνῶν
1075 2182 1134 2256 τὰς
1157 2181 1337 2263 μελλούσας
1364 2183 1417 2248 καῖ

227 2295 278 2359 τὸν
301 2287 398 2356 ἄλλον
421 2283 498 2355 alnov
520 2286 766 2370 συναιαιρθσειν,
792 2285 1001 2373 perdiderunt
1027 2289 1157 2368 clunia,
1182 2290 1237 2376 qui
1262 2298 1325 2363 τοῖς
1348 2303 1417 2371 tuo·

227 2396 327 2478 μένοις
350 2395 410 2469 τοῖς
434 2393 558 2476 ἑταίροις
583 2393 786 2459 invexerunt.
837 2391 994 2461 Similiter
1020 2394 1051 2460 in
1076 2393 1273 2482 Poueppriso
1298 2399 1315 2480 §
1344 2400 1419 2462 138.

228 2501 303 2570 θταν
333 2501 376 2567 τοὶ
404 2506 463 2566 τοῖν
492 2496 662 2581 βαρβάρων
693 2507 818 2582 naresi
850 2500 901 2566 nni
932 2500 982 2566 tre
1012 2505 1089 2582 μιοῖς
1121 2500 1250 2582 γένηται
1273 2501 1417 2581 γνιθμκς,

228 2613 317 2689 ἡμεῖς
353 2607 384 2673 δὲ
422 2606 494 2689 πρὸς
526 2606 683 2681 ἀλλήλους
714 2603 814 2687 ὥσπερ
850 2611 900 2670 νῦν
935 2612 1107 2686 πολεμικῶς
1143 2605 1285 2692 ἔχοιμεν,
1322 2606 1419 2694 periit

227 2717 316 2804 lepor
338 2714 400 2780 loci
423 2733 461 2779 ex
487 2732 550 2799 quo
573 2712 676 2779 aliena
709 2730 826 2778 manus
857 2719 1030 2790 ronicenda
1054 2713 1201 2780 inseruit.
1249 2712 1420 2780 Aisoumas

224 2825 258 2890 iu
286 2820 488 2889 Timarelmm
513 2823 530 2904 §
561 2822 633 2885 teu.
660 2818 809 2901 εὐφήμοις
833 2816 976 2885 dixerat:
1001 2819 1075 2902 duip
1098 2813 1143 2894 sla
1168 2818 1251 2909 (tege
1273 2817 1334 2908 τις)
1358 2825 1420 2887 τῶν

226 2935 358 2998 πολιτῶν
389 2929 477 3009 εὑρὼν
507 2926 561 3000 τὴν
593 2925 704 2990 ἑαυτοῦ
734 2921 891 3005 θυγατέρα
923 2926 978 3000 τῖιν
1003 2924 1125 3002 ἠλικίαν
1151 2925 1185 2991 οὐ
1210 2931 1314 2998 καλῶς
1348 2925 1418 2992 θια-

224 3033 418 3122 φυλοθξασαι
441 3031 536 3114 μέχρι
570 3029 697 3110 γθμου,
724 3029 831 3096 nescio
863 3031 937 3117 quis
963 3031 1100 3117 pessime
1132 3029 1357 3118 interpolavit,
1383 3041 1415 3098 ut

226 3141 320 3210 hodic
345 3140 471 3225 legatur·
495 3137 651 3218 θυγατέρα
675 3135 897 3218 διεφθαρμένην
920 3137 973 3203 καὶ
996 3137 1051 3213 rim
1075 3136 1209 3213 ἡλικίαν.
1260 3137 1415 3205 luiuriam

227 3249 387 3333 insignem
411 3242 536 3310 scribae
566 3241 705 3307 Graecam
735 3240 880 3309 iecerunt
904 3243 1029 3310 actione
1058 3242 1083 3310 l.
1109 3244 1143 3308 in
1175 3241 1318 3320 Verrem,
1345 3263 1417 3331 cap.

226 3355 281 3422 Xl.
320 3355 338 3439 §
370 3355 423 3417 55.
459 3346 548 3413 Nunc
587 3347 734 3434 quoniam
766 3369 908 3435 pupnare
938 3359 1043 3416 contro
1080 3369 1129 3416 me
1159 3348 1322 3416 instituisti
1356 3372 1418 3417 non

224 3471 290 3528 tam
321 3480 362 3525 cc
397 3467 451 3523 tua
481 3463 593 3520 natura
625 3473 720 3540 paam
755 3474 796 3518 ex
829 3453 922 3520 istius
951 3465 1085 3542 tempore
1120 3464 1149 3522 et
1184 3476 1278 3522 causo
1312 3454 1417 3546 [mali-

224 3566 338 3653 tiose]‚
370 3582 493 3630 necesse
523 3569 567 3626 est
599 3557 774 3625 istiusmodi
809 3560 923 3626 rationi
953 3561 1060 3648 aliquio
1095 3560 1223 3627 consilio
1253 3561 1418 3640 itenere,

224 3691 288 3738 non
306 3679 356 3739 est
373 3668 433 3735 boc
455 3665 613 3752 scriptum
635 3684 673 3731 ex
693 3663 857 3732 Ciceronis
878 3676 993 3734 natura
1014 3675 1046 3734 et
1061 3667 1210 3754 ingenio,
1228 3666 1283 3755 qui
1299 3668 1419 3736 omisso

225 3775 395 3844 nialedieto
419 3773 574 3839 malitiose
597 3769 681 3837 idem
710 3769 811 3850 dixit,
834 3781 870 3839 ut
894 3794 928 3840 se
948 3772 1092 3842 decebat.
1140 3772 1272 3840 Dixerat
1295 3775 1419 3842 leonna-

223 3903 278 3950 aas
308 3883 340 3947 iu
373 3879 517 3945 Antidosi
548 3881 564 3964 §
591 3881 645 3943 'll.
677 3885 813 3958 παραινῶ
846 3881 888 3961 τῷ
917 3885 1069 3946 Νικοκλεῖ
1095 3881 1140 3959 ult
1171 3880 1315 3964 ῥᾳθυμεῖν
1343 3880 1417 3958 μηδ’

223 3987 324 4070 ὥσπερ
346 3984 504 4068 ἱερασθνκν
528 3983 686 4066 εῖλιρφθτα
709 3985 764 4062 τὴν
788 3985 957 4065 βασιλείαν
984 3983 1060 4052 οὕτω
1090 3987 1146 4060 σὺν
1170 3985 1295 4066 γνώμην
1317 3983 1418 4068 ἔχειν,

224 4093 257 4161 io
282 4091 433 4160 oscinibus
457 4089 554 4156 Codd.
580 4099 707 4177 praeter
732 4112 832 4159 unum
858 4091 1017 4178 optimum
1041 4092 1167 4170 ἀμελῶς
1193 4092 1324 4178 irrepsit
1346 4100 1417 4180 post

223 4199 402 4280 βασιλειαν.
451 4196 485 4262 lu
529 4195 662 4262 buetauo
705 4195 798 4284 plane
836 4195 946 4264 eodem
981 4195 1184 4284 interpolatio
1219 4195 1418 4284 deprebensa

222 4304 297 4374 olim
323 4324 340 4370 a
364 4323 414 4370 me
438 4310 484 4368 est
511 4303 544 4368 iu
567 4301 711 4369 Parasito
738 4309 797 4378 48,
824 4307 878 4370 aa.
901 4305 915 4370 θ
940 4301 1109 4385 παράσιτος
1133 4299 1227 4378 οὕτως
1251 4300 1319 4387 ἔχει
1343 4303 1418 4386 πρὸς

222 4411 366 4494 ἀργύριον
395 4412 435 4483 ὥς
465 4409 519 4475 οὐκ
542 4405 582 4475 οἶν
605 4432 651 4483 τις
676 4408 743 4475 nort
767 4411 840 4492 πρὸς
864 4408 923 4484 τοὶς
948 4408 978 4474 ἐν
1001 4417 1064 4484 τοῖς
1088 4410 1245 4490 αἰγιαλοῖς
1271 4409 1431 4492 ψηφῖδας·

222 4516 374 4608 (ἀμελῶς)
412 4513 488 4596 ἔχοι.
522 4510 630 4602 plures
662 4513 812 4582 indicabo
843 4514 1125 4604 ubi-praemisero
1160 4515 1267 4596 locos,
1299 4513 1418 4603 quibus
