3178 4972
772 371 795 444 2

186 563 240 640 iit,
265 564 467 632 coniecturali
483 585 597 652 ponere
617 566 809 644 studiorum,
834 564 892 633 iae
912 577 1016 632 tamen
1032 573 1122 654 porto
1139 564 1375 634 Mathematicus

185 670 359 738 imitamur.
397 671 504 738 Facile
527 671 692 739 oredimus
717 675 786 740 riro
812 692 959 753 summo,
985 692 1048 759 quo
1069 691 1162 738 nemo
1184 674 1264 738 vixit
1285 693 1302 738 a
1325 698 1375 740 νε-

185 775 301 861 rodofiae
322 778 471 856 alienior,
495 798 597 864 quum
617 779 723 846 addit:
745 781 856 867 paucis
878 782 960 867 sorte
981 789 1122 864 poteram
1146 779 1300 868 exemplis
1321 800 1373 845 no·

185 883 233 948 vis
254 893 375 950 centron
399 885 536 950 diuersus
558 907 699 952 errorum
730 889 832 974 sontes
855 886 1018 950 iuuenibus
1041 885 1154 952 darum
1176 906 1283 951 rarum
1306 895 1373 951 star·

184 989 282 1055 dionis
300 989 530 1071 demonstrare,
550 991 634 1076 quod
654 1011 850 1078 quamquam
866 991 939 1056 istie
952 990 1132 1078 supersedit
1145 989 1263 1070 faeere,
1286 990 1373 1059 nullo

184 1097 312 1180 negotio
343 1095 477 1183 quilibet
504 1117 541 1163 ex
566 1097 697 1184 scriptis
721 1097 946 1164 Vnaenrmnnnn
980 1107 1131 1164 centenos
1162 1095 1266 1164 fontes
1298 1116 1372 1184 ape·

185 1202 289 1268 ruerit
312 1223 479 1281 errorum,
503 1202 589 1270 unde
612 1205 711 1270 certis
732 1204 820 1270 vitiis
841 1212 929 1268 certa
951 1202 1110 1270 medicina
1132 1201 1240 1269 auem
1263 1205 1372 1291 possit.

184 1305 448 1393 Quandoquidem
485 1308 568 1396 apud
605 1329 658 1376 me
687 1308 781 1395 longo
814 1328 874 1375 usu
911 1309 992 1373 satis
1027 1316 1154 1374 constat
1188 1307 1270 1374 nihii
1303 1329 1373 1376 esse

183 1412 243 1480 hae
268 1413 530 1501 palaeograpirica
557 1415 680 1481 ratione
710 1413 873 1482 efficacius
896 1423 928 1480 et
952 1413 991 1480 ad
1016 1413 1201 1480 eximendos
1224 1433 1371 1494 errores,

184 1539 264 1606 quos
288 1521 320 1586 iu
345 1520 494 1587 omnibus
518 1531 664 1588 veterum
698 1521 918 1586 monumentis
947 1520 1055 1607 inepta
1079 1519 1260 1586 scribarum
1286 1521 1374 1586 natio

134 1709 137 1713 Δ
184 1634 350 1693 sexcentos
374 1629 536 1692 commisit
571 1626 664 1716 (quos
689 1634 795 1693 tamen
822 1625 965 1712 plerique
990 1625 1125 1692 nimium
1149 1628 1308 1713 patienter
1327 1625 1373 1693 fe·

185 1733 288 1798 rimus
321 1740 377 1798 aut
408 1741 622 1800 extenuamus
649 1743 705 1799 aut
738 1752 949 1820 enuusamus,
980 1731 1076 1798 multi
1102 1751 1142 1798 ne
1166 1733 1375 1820 suspicantur

184 1837 348 1928 quidem),
372 1851 404 1906 et
428 1840 590 1926 imprimis
614 1839 653 1906 ad
679 1839 900 1907 excitandam
924 1837 1067 1904 acuenda
1092 1838 1220 1924 ingenia
1243 1859 1374 1919 eorum,

185 1945 241 2030 qui
266 1945 372 2010 nescio
404 1943 563 2030 quomodo
597 1944 716 2010 iudicio
747 1965 805 2012 suo
830 1946 892 2010 vim
918 1943 1044 2009 malunt
1076 1943 1192 2012 afferre
1215 1966 1312 2033 quam
1334 1945 1374 2011 ab

166 2051 377 2138 ,auctoritate
402 2051 664 2118 membranarum
690 2059 891 2118 vetustarum
917 2048 966 2115 rel
990 2049 1090 2116 latum
1111 2070 1250 2137 unguem
1273 2049 1373 2119 disee

183 2157 278 2236 dere,
301 2156 561 2244 quandoquidem
587 2158 688 2243 igitur
712 2157 791 2224 haee
815 2156 900 2243 apud
923 2175 973 2222 me
994 2155 1073 2221 satis
1092 2166 1258 2236 constant,
1284 2161 1374 2226 iurat

183 2273 214 2330 et
240 2265 344 2352 ipsum
370 2262 474 2330 fontes
499 2264 668 2330 nonnullos
692 2263 818 2348 aperire
846 2280 995 2328 errorum
1019 2281 1057 2329 ao
1081 2262 1194 2330 dooere
1218 2265 1374 2351 quemad-

184 2369 314 2436 modum
338 2368 448 2435 eadem
474 2370 594 2456 passim
620 2369 703 2434 irrata
727 2367 836 2434 eadem
864 2367 1022 2434 medicina
1055 2387 1169 2435 sanare
1190 2371 1312 2456 possis,
1338 2379 1375 2436 ut

184 2498 222 2544 ex
248 2495 312 2542 uno
342 2475 410 2541 ioco
438 2483 525 2541 reete
549 2483 581 2541 et
603 2473 742 2541 feliciter
775 2475 924 2540 restituto
955 2473 1078 2560 possiunt
1113 2473 1174 2540 ioci
1198 2476 1252 2541 aiii
1278 2496 1372 2543 oom-

184 2581 341 2672 piuseuii‚
373 2581 524 2667 quoniam
557 2580 668 2647 morbo
690 2579 837 2647 laborant
858 2579 988 2657 eodem,
1019 2579 1130 2647 eadem
1155 2601 1249 2668 opera
1276 2603 1373 2671 prope

185 2689 321 2756 dixerim
349 2687 477 2755 restitui
501 2695 532 2753 et
554 2687 729 2774 personari.
767 2685 983 2753 Luculentum
1005 2685 1186 2774 exemplum
1209 2687 1306 2756 huius
1327 2691 1374 2757 rei

184 2798 250 2865 iam
282 2795 390 2862 statim
422 2812 628 2880 expromam,
661 2793 745 2861 unde
777 2795 964 2860 coniectura
997 2791 1052 2859 fiat
1081 2792 1120 2859 de
1144 2792 1288 2880 reliquis.
1335 2795 1373 2862 In

184 2904 308 2970 Luciam
339 2899 503 2968 oodiuiims
536 2899 703 2987 legebatur
736 2898 781 2988 (in
816 2899 900 2964 nnat.
932 2899 1124 2964 Morinorum
1157 2899 1196 2966 X.
1230 2900 1320 2968 Tum.
1345 2901 1371 2968 1.

184 3031 215 3098 p.
240 3007 335 3097 57¹0:
368 3006 502 3073 atroam
532 3006 568 3071 τὸ
598 3007 690 3086 iriae,
717 3005 839 3084 addam,
863 3001 884 3070 ὦ
909 3006 1062 3088 πορθμεῦ,
1091 3004 1313 3084 simonianam
1338 3002 1373 3073 εὖ

184 3113 385 3194 πάθωμεν.
422 3111 673 3177 Vnnounrmamus
697 3131 808 3178 verum
826 3109 921 3177 uidit:
942 3114 1190 3191 εὐπλοῶμεν.
1218 3111 1317 3178 Dr'atr.
1340 3133 1371 3200 p.

185 3225 263 3289 181.
300 3218 496 3306 Appiausum
522 3225 582 3296 est,
608 3217 641 3282 iu
662 3217 806 3283 ordinem
832 3227 996 3304 receptum
1021 3226 1080 3296 est,
1101 3217 1322 3296 confirmavit,
1344 3220 1373 3285 si

184 3323 370 3395 huiusmodi
394 3321 576 3390 emendatio
604 3323 702 3389 etiam
734 3324 920 3390 eontirmari
946 3333 1069 3411 potest,
1104 3324 1202 3392 codex
1232 3325 1372 3412 optimae

183 3442 291 3511 notae,
319 3428 517 3508 Goriiremr's,
539 3427 595 3495 diu
616 3438 686 3516 post
710 3448 877 3496 exeussus.
915 3429 994 3512 Quis
1018 3439 1085 3510 est,
1109 3433 1163 3517 qui
1191 3431 1286 3499 huius
1309 3431 1372 3498 lori

183 3559 246 3609 non
278 3539 450 3603 immemor
480 3553 543 3600 non
577 3535 688 3601 statim
720 3538 898 3603 correxerit
921 3545 1032 3624 poetae
1056 3535 1162 3603 locum
1188 3541 1220 3604 in
1245 3536 1373 3605 Sromrn

183 3644 356 3731 Florilopio
379 3640 441 3708 GV.
463 3644 519 3707 29.

363 3755 427 3821 τοῖς
450 3743 483 3814 εὗ
507 3747 705 3814 παθοῦσιν
728 3749 949 3817 drrrwsdoar’
973 3752 991 3827 ἢ
1014 3747 1098 3832 τύχη

363 3853 407 3920 τὰ
431 3851 537 3920 πάντα
557 3863 685 3935 συγχεῖ·
710 3854 849 3922 πάντα
873 3863 1022 3936 ναυαγεῖν
1046 3865 1148 3922 πονεῖ..

183 3965 274 4034 Satin
296 3969 423 4029 eertum
447 3959 575 4027 videtur
598 3961 811 4028 rerooandum
831 3981 903 4029 esse
922 3957 1185 4028 adornandam?
1210 3958 1324 4027 deinde
1342 3962 1371 4028 si

182 4070 269 4158 κᾷτνν
292 4075 442 4147 ναυαγεῖν
467 4065 635 4134 rofinnen's
659 4069 728 4155 ipsa
751 4067 936 4154 perelegans
957 4067 1108 4153 allegoria
1125 4086 1165 4133 ex
1185 4085 1222 4132 eo
1242 4065 1370 4133 nautea·

182 4179 234 4266 gio
259 4174 406 4243 evaserit.
442 4181 502 4239 ΛΟ
528 4193 567 4238 an
594 4184 652 4239 ΑΘ
677 4183 760 4241 esset
791 4174 949 4260 seriptum
974 4174 1007 4240 in
1032 4181 1159 4239 vetusta
1184 4172 1372 4240 membrana

180 4282 306 4351 librarii
329 4279 531 4366 antiquiores
558 4299 661 4367 neque
683 4280 784 4346 oculis
807 4281 886 4344 satis
908 4278 1082 4346 cernebant
1103 4288 1135 4345 et
1152 4278 1166 4343 i
1183 4283 1249 4354 νοῦς
1268 4280 1373 4360 παρὼν

181 4389 347 4471 ἀπεδήμει.
396 4383 539 4453 Habeant
571 4386 659 4452 enim
691 4384 770 4452 haee
801 4383 925 4473 aliquid
958 4384 1196 4464 excusationis,
1227 4392 1265 4452 ut
1288 4403 1371 4472 quae
