3178 4972
756 327 802 408 23

175 527 321 596 dendom
353 541 385 598 et
415 531 607 608 ἀκολουθεῖν,
642 528 768 597 ἕπεσθαι
798 541 829 597 et
853 533 998 613 ὁμαρτεῖν
1023 534 1142 620 optimc
1166 537 1368 602 accusativos

175 637 323 723 racipere
351 657 460 724 posse,
493 647 528 703 ot
552 640 630 717 yart,
654 637 756 704 einero
780 639 816 702 τὸ
838 643 958 720 φεῦγον
981 659 1011 705 r.
1038 660 1067 706 o.
1094 639 1124 706 ei
1148 638 1228 707 bene
1256 641 1370 709 Graece

175 741 302 808 dictum
336 743 515 811 rideretur:
546 741 656 820 credo,
686 745 762 831 quia
787 745 819 809 iu
845 742 970 810 Locruru
994 743 1160 811 codicibus
1182 744 1368 814 deterrimis

175 867 217 914 ea
240 849 403 935 scriptura
427 848 668 918 circumfertur.
718 848 809 916 Valet
834 851 865 914 in
890 849 1118 919 Grammaticis
1142 872 1269 939 quoque
1294 853 1368 939 ltpr-

175 951 384 1022 cbarmeum:

265 1064 347 1134 Νοῦς
371 1061 421 1143 ὁρῇ
444 1059 497 1126 xci
521 1065 586 1133 νοῦς
606 1060 724 1138 ἀκούει,
746 1057 855 1129 τᾶλλα
879 1062 973 1145 κωφὰ
996 1062 1049 1128 cai
1072 1061 1195 1145 ecqud.

225 1165 421 1232 Etiamnunc
452 1165 534 1232 mibi
566 1165 622 1232 diu
652 1175 684 1233 et
716 1167 855 1234 multum
880 1168 912 1232 in
937 1166 1228 1234 Grammaticorum
1254 1178 1286 1235 et
1309 1170 1368 1235 tr-

175 1269 362 1338 ticistarum
396 1273 532 1338 lectione
563 1283 690 1340 versato
721 1273 857 1341 subinde
889 1273 1060 1339 admiratio
1089 1271 1177 1340 subit
1199 1276 1366 1352 animum,

174 1377 235 1462 qui
266 1376 336 1444 fieri
368 1381 509 1465 potuerit
543 1386 580 1445 ut
608 1379 640 1444 iu
673 1399 710 1446 ea
742 1381 832 1466 copia
856 1378 1012 1445 librorum
1038 1387 1201 1455 ueterum,
1226 1380 1282 1465 qui
1307 1378 1368 1445 ali·

176 1493 300 1568 quanto
332 1483 441 1550 minus
471 1493 566 1551 erant
595 1485 700 1551 vitiosi
731 1505 828 1572 quam
858 1484 977 1571 quibus
1007 1503 1093 1550 nunc
1124 1484 1267 1562 utimur,
1300 1493 1366 1552 tam

177 1588 319 1676 plumbei
351 1590 434 1668 sint,
459 1599 501 1658 ot
530 1611 567 1658 ea
592 1591 738 1658 nesciant
763 1600 819 1658 aot
844 1593 876 1656 iu
901 1591 944 1656 iis
967 1589 1139 1670 haereant,
1172 1590 1312 1658 titubent
1336 1599 1369 1657 et

177 1697 319 1782 turpiter
342 1717 376 1762 se
399 1694 476 1762 dare
501 1695 639 1774 soleant,
664 1699 696 1763 in
721 1697 839 1784 quibus
864 1715 949 1763 nunc
974 1703 1045 1784 post
1068 1697 1155 1764 illam
1179 1715 1365 1764 mouumen-

177 1808 285 1867 torum
310 1809 451 1888 stragem
476 1811 509 1868 et
532 1801 623 1868 libris
643 1803 699 1890 qui
719 1803 910 1890 superstites
930 1810 1005 1868 sunt
1026 1811 1090 1868 tam
1112 1803 1236 1870 vitiatis
1259 1815 1365 1870 lamen

175 1916 272 1974 acute
297 1907 462 1974 cernimus
486 1916 518 1973 ct
542 1909 668 1976 sincera
693 1927 710 1975 a
736 1911 843 1996 pravis
867 1914 933 1974 tam
957 1917 1046 1975 certo
1061 1907 1187 1974 'iudicio
1211 1906 1366 1976 discerni·

176 2031 261 2080 murs.
310 2012 430 2100 Nempe
453 2021 524 2079 erat
549 2011 608 2079 lroc
633 2023 815 2101 temporum
839 2023 872 2082 et
896 2013 1062 2080 bomiourn
1087 2014 1202 2082 vitium
1227 2015 1367 2102 egregiis

175 2117 343 2185 doctrinae
372 2116 526 2186 subsidiis
552 2119 753 2207 negligenter
776 2120 950 2188 admodum
975 2120 1154 2196 utentium,
1183 2139 1283 2207 quum
1311 2139 1367 2188 ne·

177 2244 230 2292 mo
252 2244 339 2292 unus
360 2224 480 2292 iudicio
500 2235 533 2292 et
551 2234 622 2292 arte
642 2225 767 2293 valebat
787 2237 818 2292 et
838 2227 983 2293 homines
1004 2225 1198 2305 aradiorum,
1220 2235 1251 2292 et
1268 2227 1365 2292 etiam

175 2329 341 2418 aliquanto
366 2332 475 2396 minus
494 2351 590 2419 quarn
613 2331 808 2410 mediocres,
833 2335 903 2399 sinc
922 2351 1077 2398 censurae
1099 2340 1187 2398 metu
1207 2330 1364 2419 quidquid

175 2435 326 2505 alicunde
355 2437 569 2504 corrasissent
599 2447 655 2504 aut
679 2437 740 2504 leui
765 2457 861 2525 opera
886 2446 917 2504 ct
941 2438 1029 2506 tenui
1055 2436 1107 2505 lilo
1130 2437 1365 2506 conscribillas·

176 2552 248 2609 scot
271 2543 304 2608 in
330 2542 448 2629 vulgus
470 2541 618 2610 edebant.
664 2542 745 2624 Quis
768 2552 818 2610 est
841 2545 1004 2620 omniurn,
1029 2545 1085 2629 qui
1109 2543 1148 2612 de
1167 2565 1285 2630 genere
1306 2543 1365 2610 boe

175 2657 315 2716 aetatem
340 2647 502 2728 tulerunt,
534 2669 597 2716 non
623 2648 694 2715 dico
717 2649 838 2716 iudicio
862 2651 1073 2736 ingenioque,
1097 2649 1151 2716 sed
1173 2648 1366 2716 Graecitatis

176 2753 342 2823 interioris
366 2756 499 2823 scientia
522 2765 555 2823 et
578 2755 774 2822 Litterarum
796 2757 888 2842 copia
906 2763 939 2822 et
961 2775 1020 2822 usu
1041 2774 1116 2822 cum
1141 2755 1291 2822 lisurarro
1308 2763 1365 2822 aut

176 2861 313 2928 Poasouo
336 2861 597 2948 comparandus?
644 2861 686 2928 Et
707 2860 810 2928 biset
831 2861 1001 2938 bassano,
1026 2861 1186 2940 Danaam,
1205 2870 1236 2926 et
1258 2863 1284 2928 si
1307 2862 1363 2947 qui

175 2967 231 3033 alii
254 2966 296 3034 ad
321 2966 436 3034 borum
461 2968 691 3055 praestantiam
717 2967 896 3048 accedunt,
919 2966 997 3054 quid
1018 2967 1061 3033 sit
1081 2967 1286 3034 Atticumaut
1301 2986 1364 3034 uon

176 3075 219 3139 sit
238 3071 374 3140 delinire
395 3073 506 3140 utilius
527 3077 694 3160 permittes
711 3093 808 3160 quam
824 3069 997 3140 Panrurcao
1011 3081 1067 3141 aut
1080 3072 1210 3140 ldoramr
1223 3072 1363 3160 etquid-

173 3179 253 3267 quid
275 3189 326 3247 est
350 3181 588 3247 btticistarurn.
633 3180 674 3246 lli
698 3199 825 3266 semper
844 3179 1027 3266 aequalium
1049 3198 1175 3246 errores
1195 3198 1233 3246 ac
1254 3177 1364 3246 sordes

175 3287 358 3373 praeceptis
379 3285 447 3352 suis
469 3284 692 3353 admiscebant
714 3294 746 3352 et
770 3285 928 3373 quidquid
952 3284 1111 3352 iaciebant
1134 3303 1194 3360 nou
1216 3292 1366 3371 poterant

174 3411 246 3459 sese
267 3411 305 3458 ex
327 3389 393 3458 illis
412 3391 511 3460 rclrrti
533 3391 658 3479 laqueis
680 3391 848 3459 domestici
866 3401 897 3458 et
910 3390 1089 3479 quotidiani
1102 3391 1261 3458 sermonis
1273 3409 1363 3475 pror·

175 3517 233 3566 sus
255 3495 417 3584 expedire.
465 3497 527 3565 Sed
551 3498 629 3586 quid
654 3498 725 3566 illos
750 3497 1017 3586 reprebendimus
1042 3497 1186 3564 homines
1211 3493 1363 3562 obscuros

173 3613 208 3672 et
229 3606 260 3671 in
283 3606 393 3691 ignoto
414 3603 569 3684 latentes,
593 3623 696 3693 quum
718 3603 796 3670 illud
816 3606 919 3691 ipsum
933 3611 1087 3691 appareat
1098 3603 1130 3668 in
1146 3601 1203 3678 iis,
1225 3619 1363 3688 quorum

174 3720 208 3779 et
227 3709 312 3799 apud
330 3710 479 3798 aequales
499 3729 615 3798 aragne
636 3711 739 3797 gloria
751 3708 814 3776 luit
827 3720 859 3778 et
872 3710 996 3778 celebre
1010 3727 1126 3776 nomen
1139 3707 1362 3774 obrenustum

173 3825 208 3885 et
230 3837 361 3884 curcum
384 3815 513 3884 dicendi
536 3837 639 3902 genus
661 3836 699 3884 ex
723 3815 878 3884 lelissima
903 3817 1081 3882 imitatione
1105 3815 1282 3882 Atticorum
1306 3831 1364 3878 na·

175 3931 266 4004 tum,
291 3931 324 3990 et
347 3921 432 4010 apud
455 3942 513 3988 nos
536 3923 575 3989 ad
597 3923 683 3988 lrunc
703 3921 789 3990 diem
811 3922 976 4010 perdurat.
1002 3922 1125 4004 Quotus
1146 3929 1254 3988 auteur
1276 3918 1364 4004 quis·

175 4047 239 4116 quc
256 4039 326 4106 est,
351 4029 407 4116 qui
427 4028 473 4096 rel
493 4031 594 4116 possit
608 4027 656 4096 rel
677 4028 792 4095 audeat
814 4030 979 4114 ignoratae
997 4036 1029 4094 et
1047 4029 1180 4094 uitiatae
1198 4023 1362 4092 Graecita-

174 4135 219 4200 tis
243 4155 336 4202 reum
360 4152 455 4220 agere
479 4143 535 4200 aut
561 4135 678 4202 llronsu
700 4135 751 4200 τὸν
775 4132 983 4216 raucisono.
1014 4141 1071 4200 aut
1093 4132 1268 4207 Lucrinus,
1307 4136 1364 4196 aut

177 4243 408 4318 Auerrunoumr,
439 4250 495 4306 aut
525 4241 723 4328 quicumque
745 4238 856 4308 eadem
879 4239 974 4307 laude
993 4248 1026 4305 et
1051 4238 1164 4324 plausu
1187 4234 1362 4319 drrraldrrl

174 4358 288 4416 contra
308 4347 395 4416 enim
417 4346 598 4436 plerisque,
625 4355 662 4414 ut
681 4347 756 4414 clim
779 4348 825 4414 sic
845 4367 946 4424 nunc,
969 4343 1129 4432 quidquid
1149 4343 1278 4410 illoruru
1298 4350 1365 4408 tes·

174 4455 259 4524 tium
279 4453 474 4522 auctoritate
495 4455 620 4524 nitatur
639 4455 720 4522 satis
740 4453 875 4541 probum
894 4462 926 4520 et
941 4459 1066 4520 rectum
1081 4448 1259 4528 ridebitur,
1282 4447 1364 4512 mul-
