3150 4972
723 341 793 412 132

164 537 197 596 et
225 531 430 609 μαλκίσυσαν.
481 534 672 622 arripuerat
703 534 789 623 apud
820 534 974 602 Lvevnnvv
1006 536 1208 624 Levipivavvev
1234 540 1294 612 54,
1319 540 1351 602 Ξ.

164 645 197 702 at
229 637 261 701 in
294 636 404 704 eodeni
431 639 561 726 scopulo
589 640 756 709 adhaesit:
782 642 844 708 ίδία
870 643 958 722 ίαμίι
983 643 1034 710 καί
1058 651 1182 723 μαλιιιῶ
1203 647 1239 710 τὸ
1262 643 1353 722 σῶμα

165 742 347 810 Drnnonrrns
370 743 475 824 dedit,
500 746 583 833 qnod
610 748 642 812 in
669 748 760 814 tibris
784 756 833 816 est
856 756 1003 828 μαλακιῶ
1024 752 1160 818 retinuit
1179 750 1351 816 anrravs.

164 851 293 936 Repone
323 852 468 930 μαλκίιν,
501 853 586 939 qnod
618 854 763 921 eiusdem
797 854 917 921 iorrnne
946 866 993 922 est
1018 866 1116 943 atque
1139 855 1221 934 ῖδίω,
1246 857 1349 934 aovin,

162 956 278 1035 μηνίει,
314 960 409 1038 χρία,
445 960 475 1023 in
506 960 625 1045 quibus
657 963 807 1030 omnibus
838 961 1017 1049 pennttinva
1045 961 1247 1048 producitur.
1294 962 1351 1028 Se-

165 1063 293 1147 quiores
319 1083 374 1148 pro
396 1063 447 1130 nis
469 1065 582 1147 ίδραῦν,
607 1075 788 1150 νινισρσαῦν,
811 1072 942 1148 μηνιῖιν,
969 1068 1129 1151 αίλείφειν,
1154 1067 1303 1135 dicebant
1318 1077 1352 1135 et

161 1171 309 1248 μαλκίειν
331 1169 490 1256 disperiit.
539 1172 572 1238 Si
597 1174 724 1259 quando
748 1177 779 1239 in
809 1173 901 1240 tibris
925 1173 1140 1252 offenderent,
1166 1173 1351 1241 mulcaivant

59 1307 67 1316 -
162 1284 197 1341 ut
223 1274 362 1341 vidimus
389 1285 487 1363 utque
512 1277 655 1345 solebant
679 1282 795 1359 μηνίειν
820 1289 1016 1358 attrectare,
1043 1299 1138 1346 sunm
1163 1284 1276 1359 μηνισῖν
1295 1299 1349 1346 an·

161 1381 355 1467 tiquinrtbus
387 1383 613 1464 nbtrndentes,
646 1386 739 1472 quate
771 1396 818 1452 est
851 1385 934 1472 quod
973 1405 1011 1450 ex
1039 1386 1209 1454 Arovnonro
1234 1387 1351 1453 annrv

159 1486 298 1555 afferunt
331 1487 371 1556 ΙΙ.
403 1493 481 1556 247.
514 1495 557 1573 τῷ
585 1515 630 1557 τοι
654 1493 743 1571 μέγα
765 1493 908 1572 μηνιίασι
934 1511 990 1578 pro
1013 1492 1168 1570 μηνίουσι,
1193 1492 1277 1580 quod
1301 1513 1349 1558 so·

158 1593 225 1661 lum
251 1594 413 1661 veteribus
438 1597 471 1661 in
499 1617 558 1662 usu
584 1596 657 1663 tuit.
706 1598 739 1664 in
768 1597 879 1664 inultis
903 1597 976 1664 aliis
1001 1598 1106 1664 veritis
1125 1597 1244 1665 formas
1266 1607 1348 1666 vete·

157 1722 210 1767 res
234 1722 315 1767 nova
341 1701 449 1786 lingua
476 1703 687 1790 producebat,
715 1725 776 1770 non
797 1704 925 1770 σκίλλα
944 1704 998 1770 sed
1020 1704 1162 1772 σκαλεύα
1182 1703 1348 1781 dicebant,

157 1807 318 1876 κλαδειίειν
350 1828 409 1896 pro
441 1813 538 1886 κλεῖν,
566 1811 704 1894 λεσίζειν
737 1833 793 1898 pro
822 1812 946 1888 λέπειν,
978 1812 1119 1892 ἀροτριᾶν
1151 1831 1209 1897 pro
1238 1814 1348 1898 σίραῦν,

156 1914 314 1994 δεσμεύειν
339 1934 396 2001 pro
417 1915 494 1995 δεῖν,
520 1918 611 1983 είλεῖν
633 1935 690 2002 pro
709 1917 824 1994 ῖλλειν,
850 1921 959 1998 σαροῦν
979 1937 1036 2004 pro
1055 1919 1189 2000 σαίρειν,
1213 1919 1350 2000 σμήχειν

157 2041 214 2109 pro
248 2030 349 2100 σμήν,
385 2022 499 2097 κνήίειν
537 2042 594 2108 pro
624 2029 713 2102 κνήν,
751 2024 900 2105 νήχεσθαι
934 2043 991 2110 pro
1023 2033 1103 2103 νεῖν,
1135 2023 1258 2101 αίλήίειν
1291 2043 1350 2111 pro

155 2130 262 2202 εἱλεῖν,
289 2128 434 2194 inanius
456 2129 543 2194 verbi
565 2129 706 2216 perfeeto
720 2140 808 2196 certa
822 2128 1349 2196 auctoritateconstituendohane

156 2233 405 2320 disputationem
438 2235 611 2301 absolvant.
638 2235 751 2302 Utrum
776 2237 938 2316 σῖλήλεμαι
967 2256 1006 2301 an
1032 2236 1215 2315 σίλήλεσμσιι
1239 2236 1349 2302 verius

155 2343 198 2408 sit
222 2339 399 2406 dubitatur.
448 2342 601 2427 Analogia
627 2363 689 2408 non
714 2351 762 2409 est
784 2363 847 2408 una
867 2351 899 2408 et
918 2341 1069 2429 simplex:
1095 2341 1218 2408 dicitnr
1233 2342 1348 2418 ἐλήλα·

152 2471 229 2528 μαι,
254 2448 421 2530 αἱρήσομαι,
445 2447 500 2514 sed
518 2448 768 2528 κατεδήδεσμαι,
790 2447 1083 2536 quedntadmodnvn
1104 2449 1274 2530 κέκριμαι,
1295 2473 1347 2515 κε·

152 2555 292 2634 νίνιμαι,
323 2552 378 2618 sed
411 2562 537 2620 κυλῖσαι
567 2553 664 2621 habet
687 2553 864 2641 perfeetum
890 2556 1095 2633 κεκύλισμαι,
1121 2555 1216 2637 σείειν
1239 2555 1348 2642 priore

151 2661 245 2747 longa
270 2658 454 2741 τέτρισμαι.
502 2660 537 2725 In
566 2660 740 2727 Tauernrnn
764 2661 816 2730 lv.
841 2665 896 2728 26.
922 2660 1062 2739 είσιίνειν
1081 2659 1165 2729 σῖτσν
1189 2661 1348 2738 ἀληλεμί·

152 2793 212 2846 vvv,
236 2766 291 2833 aiii
318 2775 415 2833 testes
439 2767 649 2847 ἀληλεσμένον
675 2776 824 2834 tuentur:
850 2767 882 2832 in
907 2767 1068 2834 tinnovero
1089 2767 1162 2846 Vii,
1188 2773 1241 2834 23.
1261 2775 1347 2842 σῖτος

152 2875 183 2942 δέ
213 2880 302 2957 σφισι
331 2874 445 2947 πολλὸς
469 2875 584 2955 ἐφοίτα
607 2875 641 2939 ε’νι
663 2883 719 2950 τῆς
748 2873 855 2948 Ἀσίης
881 2873 1091 2953 σίληλεσμίνσς
1117 2872 1196 2938 nihii
1221 2872 1345 2940 discre-

151 2987 229 3067 pant
259 2977 343 3044 iibri.
390 2978 527 3044 Dirinret
556 2979 639 3046 hanc
673 2979 761 3046 titana
794 2987 905 3067 potata,
935 2982 989 3067 qni
1024 2989 1112 3047 certa
1144 2979 1347 3046 correctione

152 3083 342 3152 emendatus
362 3082 445 3149 hano
467 3083 583 3150 referet
602 3086 752 3170 gratiam.
780 3084 882 3151 Locus
902 3092 951 3152 est
971 3085 1118 3152 Anrnrnrs
1138 3084 1223 3173 apud
1241 3087 1346 3152 Arar-

153 3210 252 3257 nnana
280 3188 362 3255 xlv,
389 3210 419 3274 p.
445 3194 522 3255 642.
550 3191 586 3256 n.

384 3295 439 3372 ήδη
462 3298 533 3363 τοτ’
557 3297 688 3374 ήκανσας
712 3296 781 3376 βίαν
803 3295 1031 3377 σῖληλεσμίνσν;

383 3401 457 3434 *⁴*
482 3425 515 3468 αι
537 3405 622 3468 ταῦτ’
646 3404 735 3468 ἐκεῖν’
759 3399 820 3471 ἓςιν
845 3409 974 3486 σαφῶς,

152 3513 185 3577 in
209 3510 303 3576 unico
329 3507 445 3576 Codice
469 3511 603 3595 antiqno
627 3508 786 3576 Marciano
809 3517 858 3576 est
880 3509 949 3589 βίον
971 3510 1161 3589 σῖληλεμενσν
1182 3511 1216 3576 αῖ
1234 3514 1341 3576 τοῦτε-

153 3617 289 3686 κεινὲςιν.
339 3615 496 3682 Doannrvs
519 3634 630 3682 verum
656 3613 751 3680 vidit:

661 3721 716 3798 ήδη
741 3722 812 3787 τοτ’
837 3723 969 3800 ήιιονσας
991 3721 1060 3801 βίον

288 3827 495 3906 ἄληλεμίνιν;
518 3867 563 3880 -
586 3824 647 3894 ναί.
672 3863 718 3878 --
740 3829 825 3894 ταῦτ’
849 3829 937 3894 ἐκεῖν’
961 3828 1023 3897 ε’ςιν
1046 3830 1169 3912 σαφῶς.

152 3923 441 4004 ΑΛΗΛΘΜΕΝῙΪ
465 3971 509 3986 -
550 3942 643 4000 ΝΑΙ
687 3933 801 3999 vitium
843 3935 979 4021 peperit.
1032 3933 1146 4022 ltaque
1182 3934 1345 4002 tinnovero

151 4039 341 4120 σῖληλεμένσς
386 4037 601 4116 reddendum,
647 4039 815 4105 'inncvnnvt
858 4038 1135 4117 confirmandum,
1181 4039 1344 4107 Xnnornna

152 4147 261 4216 eadem
295 4165 390 4233 opera
422 4144 523 4211 mutto
559 4144 679 4211 maiore
702 4146 799 4210 etiam
827 4145 980 4212 beneficio
1005 4146 1140 4212 vnaetari
1165 4148 1284 4234 poterit
1308 4147 1344 4214 in

153 4253 324 4321 ίίσίίσιιῖσίε
355 4251 394 4318 V.
428 4272 472 4316 nr.
508 4255 560 4316 21.
594 4251 618 4317 αί
651 4253 790 4319 Φλιαίσισι
813 4253 865 4318 τίν
888 4251 998 4332 ήμισινν
1021 4251 1234 4336 φηφισσίμενσι
1258 4260 1345 4320 σῖτον

150 4364 288 4428 τελεῖν
319 4357 336 4435 ή
368 4357 494 4439 τρίσίεν
516 4359 569 4423 καί
597 4363 749 4433 ποιοῦντες
774 4363 864 4425 ταῦτα
888 4361 939 4426 τίν
963 4358 1125 4426 διπλάσιον
1148 4364 1201 4425 ταῦ
1226 4358 1344 4436 είνίτας

149 4467 256 4554 χρόνον
285 4465 526 4548 πολιορκούμενοι
559 4465 733 4547 διήρκεσαν,
766 4464 844 4551 quid
876 4464 920 4531 sit
943 4473 1027 4532 σῖτον
1049 4474 1152 4534 τελεῖν
1177 4485 1270 4533 nemo
1293 4463 1343 4532 ‹ti-
