3178 4972
711 383 804 431 mu

159 579 189 644 p.
209 555 295 624 260:
319 553 396 623 ιὸτνι
418 555 482 638 γὰρ
507 555 658 638 αἰσχύνης
682 555 727 626 isi
751 556 787 623 τὸ
809 559 948 640 πρᾶγμα
967 555 1060 635 μετὸν
1084 555 1137 629 ὅς’
1159 559 1222 641 οὐχ
1242 557 1352 640 δρώμε-

160 701 204 751 soc
228 715 273 730 —
293 680 517 758 καταγελᾶται
546 678 636 758 μόνον
666 678 757 745 ἄλλα
787 675 847 745 κᾶν
871 679 915 754 εἰς
938 675 988 754 οὓς
1011 678 1180 764 ἀφίκηται.
1226 679 1352 750 Ultima

157 819 250 868 sensu
272 817 359 868 caesa
380 804 473 868 sunt:
499 807 566 868 erat
587 811 686 880 OTC,
711 801 784 892 lege
807 801 848 875 εἰς
870 797 918 875 cis
942 807 975 869 et
992 801 1082 870 salva
1100 822 1151 870 res
1171 808 1229 869 est.
1261 801 1354 872 Nihil

157 929 204 988 est
230 926 342 989 autem
371 922 444 1004 πρὸς
474 924 530 998 τὴν
561 921 723 1006 ἐνάργειαν
758 923 915 991 efficacius
945 944 1043 1010 quam
1070 922 1353 1014 palaeographicae

157 1044 400 1111 observationes.
446 1045 604 1112 Accentns
633 1048 741 1135 gravis
762 1047 892 1131 ponitur
913 1065 970 1132 pro
999 1043 1126 1132 syllaba
1148 1069 1179 1112 ιν
1205 1048 1240 1112 in
1260 1045 1354 1114 libris

157 1167 294 1233 vetustis
314 1166 448 1252 ubique,
480 1168 669 1233 incaeteris
690 1167 748 1232 uhi
771 1164 965 1234 vocabulum
988 1168 1161 1233 terminate
1192 1169 1300 1254 itaque
1322 1190 1353 1234 ιν

87 1294 92 1304 “
156 1288 274 1373 pmm
307 1292 363 1353 aut
393 1287 512 1354 excidit
534 1295 591 1355 aut
612 1289 758 1382 irrepsit,
789 1289 888 1353 utin
919 1285 951 1358 u
974 1307 1031 1374 pro
1053 1287 1136 1367 δέον,
1165 1287 1268 1355 αιτιοι
1295 1309 1354 1375 pro

156 1408 222 1475 sissi
247 1413 282 1475 et
310 1411 385 1475 sim.
415 1409 569 1477 libanius
602 1411 638 1475 in
665 1408 784 1476 Iuliani
807 1408 964 1493 ἐπιταφίῳ
995 1406 1061 1476 vol.
1088 1408 1114 1474 Ι.
1144 1431 1177 1497 p.
1198 1408 1274 1476 622.
1305 1413 1353 1478 in·

157 1529 242 1596 ducit
273 1529 441 1596 Iulianum
469 1535 636 1598 mortuum
658 1533 706 1598 ita
735 1531 776 1597 ad
796 1530 944 1620 lugentes
975 1533 1094 1598 amicos
1124 1531 1300 1598 dicentem:
1323 1533 1351 1598 si
1443 1605 1445 1608 ,

155 1653 210 1730 μὲν
237 1651 275 1718 τὸ
300 1659 432 1718 συνεῖναι
456 1652 530 1727 θεαῖς
561 1660 662 1735 χεῒριν
697 1653 840 1732 ἡγεῖσθαι
862 1655 916 1718 τοῦ
940 1659 1003 1725 acic
1027 1651 1209 1735 ἀνθρώποις,
1240 1653 1294 1719 οὐκ
1318 1649 1352 1721 εὗ

155 1777 311 1856 Φρινεῒτε.
345 1773 371 1838 si
396 1771 424 1838 δ’
447 1775 501 1840 οὐκ
532 1772 627 1840 eiecti
650 1796 703 1854 μοι
734 1771 853 1850 ταύτης
882 1772 1106 1853 μεταδεδότθαι
1139 1761 1195 1850 τῆξ
1225 1773 1350 1857 χώρας,

155 1892 246 1961 τάπ’
279 1895 314 1962 οὐ
340 1893 428 1974 μόνον
451 1895 603 1975 ἀγνοεῖτε.
649 1895 742 1962 Nihil
772 1901 821 1962 est
851 1894 944 1962 πάντ’
968 1897 1001 1962 αὖ
1024 1895 1134 1976 μόνον.
1166 1893 1250 1964 Soin’
1274 1897 1351 1984 quid

155 2013 339 2104 scripserit?
384 2015 508 2105 Nempe
547 2020 626 2084 τᾶν
664 2016 810 2095 τούμὸν
848 2018 1002 2097 ιὶγνιεῒτι.
1048 2017 1217 2084 Praeterea
1250 2016 1352 2083 scribe

102 2141 106 2150 '
157 2137 280 2218 ἡγεῖσθε
310 2159 368 2226 pro
397 2140 550 2218 ἡγεῖσθαι.
593 2137 713 2205 Utrum
745 2163 761 2204 ε
793 2160 833 2206 an
865 2161 899 2204 αι
928 2141 972 2204 sit
1001 2139 1127 2226 ubique
1149 2136 1352 2205 scribendum

154 2265 301 2327 nmirum
332 2265 381 2326 est
409 2266 560 2327 statuere:
592 2261 712 2327 scribae
733 2259 782 2326 nil
808 2263 984 2349 cogitantes
1010 2279 1134 2348 semper
1156 2279 1194 2326 ee
1223 2259 1351 2326 coniun-

155 2379 242 2447 dnnt.
293 2377 458 2448 Oontrario
488 2401 591 2449 errore
610 2386 779 2468 peccatum
805 2387 854 2448 est
883 2379 948 2449 vol.
972 2359 1028 2448 ΙΙῘ.
1052 2403 1085 2469 p.
1104 2379 1172 2448 204
1202 2381 1242 2448 de
1267 2401 1351 2449 novo

155 2501 341 2587 professore:
370 2503 418 2577 sic
443 2499 503 2568 ἔτει
528 2502 715 2586 ψηφίσματι
739 2500 792 2567 καὶ
822 2509 905 2584 καινῇ
936 2501 1045 2586 γνώμῃ
1075 2499 1148 2583 πρὸς
1179 2499 1242 2583 ipos
1271 2499 1351 2580 ἇγό·

154 2647 260 2702 aaron
288 2625 345 2691 sed
368 2627 528 2710 quianon
550 2625 591 2692 od
607 2623 809 2710 definitionem
833 2623 1016 2702 deducitur,
1040 2623 1095 2690 sed
1119 2623 1159 2690 ad
1182 2624 1351 2689 cathedrata

151 2736 302 2832 equidem
332 2747 405 2827 πρὸς
430 2744 537 2828 Opiros
566 2748 772 2832 reposuerim.
821 2741 923 2826 estse
956 2745 1041 2831 apud
1067 2743 1245 2844 Liberium
1276 2749 1352 2810 sunt

155 2870 208 2932 aut
228 2869 484 2956 magistratuum
507 2871 563 2935 aut
590 2867 820 2955 professorum,
852 2870 885 2932 et
914 2868 989 2952 qnia
1012 2865 1043 2947 s,
1072 2869 1106 2932 et
1132 2869 1160 2948 Φ
1182 2863 1368 2931 simillimo·

155 2986 249 3055 ductu
274 2990 474 3068 scribuntur,
508 2988 593 3076 apud
624 2986 797 3054 Libanium
826 2985 890 3055 vol.
918 2985 944 3053 1.
968 3008 1000 3073 p.
1022 2982 1052 3053 7.
1082 3006 1140 3074 pro
1165 2984 1269 3066 θρόνοις
1294 2987 1350 3067 ἄρ·

155 3109 272 3191 zonas
301 3108 437 3177 ridicule
465 3109 587 3200 legitur
617 3107 730 3192 Φάνας.
776 3107 887 3175 Unum
914 3107 1023 3175 locum
1050 3109 1167 3176 addam
1196 3107 1261 3176 vol.
1292 3106 1349 3175 ΠΙ.

156 3251 186 3316 p.
207 3231 274 3298 196
298 3232 338 3298 de
360 3231 590 3298 Demosthene:
617 3228 750 3308 ἔμελλεν
777 3232 821 3304 εἷς
845 3227 956 3313 ἄνδρας
981 3227 1058 3306 ἥκων
1088 3227 1195 3307 δείξειν
1218 3227 1350 3314 αΦδβας

157 3350 207 3417 καὶ
230 3360 297 3426 τοῖς
321 3350 429 3427 ἄλλοις
452 3355 491 3426 ὥς
515 3352 737 3420 sindelstetta
760 3349 909 3434 ἐτρύφων.
957 3347 1202 3418 Oonfimduntur
1223 3373 1350 3419 sexcen-

158 3473 215 3541 ties
243 3477 329 3542 inter
358 3497 391 3542 se
420 3498 455 3540 cs
487 3479 519 3541 et
549 3498 592 3540 ατ
632 3479 665 3540 et
695 3477 732 3538 tu
761 3472 867 3539 ridens
897 3493 1012 3559 repone
1047 3471 1154 3552 δείξειν
1187 3472 1359 3574 Ἀφόβῳ,

158 3597 247 3661 tutori
268 3619 332 3662 suo.
378 3595 465 3685 Ergo
486 3595 586 3675 nihil,
610 3616 737 3682 prorsus
757 3594 855 3672 nihil,
878 3595 914 3660 in
936 3594 1019 3662 bono
1042 3591 1158 3661 (lodice
1178 3596 1256 3661 satis
1278 3599 1350 3664 tuto

157 3717 333 3807 negligItur
354 3723 411 3785 sut
433 3720 610 3804 spernitur,
633 3737 735 3803 neque
763 3719 934 3803 quisquam
960 3712 1131 3782 Oodicihus
1154 3717 1351 3784 excutiendis

148 3837 232 3904 scta
253 3843 303 3904 est
325 3837 474 3917 idoneus,
506 3840 563 3925 qni
584 3858 647 3904 non
669 3857 794 3923 semper
813 3839 898 3904 inter
920 3835 1094 3926 legendum
1117 3857 1192 3904 sanc
1215 3858 1234 3905 a
1256 3839 1350 3906 vitio

158 3958 199 4022 sis
220 3957 394 4026 discernm
416 3961 526 4046 possit.

200 4079 242 4146 Et
262 4079 316 4148 vel
338 4083 383 4147 sic
404 4085 513 4147 tamen
535 4081 783 4168 discrepantium
806 4081 1053 4168 scripturarum,
1084 4099 1166 4166 quae
1187 4081 1222 4146 in
1244 4085 1350 4148 vetus-

159 4201 278 4268 tintmo
308 4222 433 4289 quoque
458 4201 542 4270 libro
570 4208 603 4269 et
632 4203 803 4289 archetypo
834 4205 1034 4288 comparent,
1069 4200 1151 4268 hona
1178 4223 1251 4288 pars
1281 4204 1350 4270 sine

159 4320 224 4389 ullo
244 4323 358 4392 damno
381 4327 541 4391 contemni
563 4323 657 4391 dehet
679 4328 711 4391 et
730 4323 836 4390 obiici.
884 4321 967 4390 Sunt
990 4343 1027 4390 ea
1048 4325 1149 4400 vitia,
1172 4327 1211 4388 nt
1233 4325 1281 4391 ita
1303 4325 1350 4392 di·

160 4461 243 4523 cam,
266 4445 506 4532 mtcprcpticc,
530 4465 666 4532 quorum
685 4447 719 4512 in
742 4446 891 4514 omnibus
908 4443 1001 4511 libris
1023 4441 1149 4510 infinita
1171 4448 1218 4510 est
1240 4447 1348 4531 copia,
