3204 4978
660 519 663 526 ¹
744 411 814 484 aec

181 611 267 674 iuter
291 627 325 673 se
347 607 485 684 diversi,
513 609 556 674 lta
582 607 639 674 hcc
663 625 791 694 quoque
815 609 847 673 in
873 625 991 694 genere
1014 607 1075 674 alia
1100 610 1236 679 aliorum
1262 612 1370 679 condi·

181 712 226 780 tic
244 722 307 782 est:
335 715 367 778 in
382 713 453 778 aliis
472 713 610 800 plurima
632 711 821 780 ernlrlernata
842 723 937 793 stant,
962 715 994 780 in
1017 715 1089 798 aliis
1109 717 1273 805 aliquante
1294 739 1371 806 pau·

180 820 278 887 cinra.
327 819 363 886 ln
389 820 536 886 lsocunrn
561 830 631 908 post
656 819 836 888 Urbinatem
870 841 970 908 patrea
1003 835 1191 908 supersunt,
1217 826 1247 890 in
1269 824 1372 891 lleuc·

181 947 295 993 sanese
317 934 387 1012 pust
409 924 593 993 Ριινίιίκιιιιν
618 927 639 992 S
663 936 714 993 sat
737 926 854 1002 multa,
883 928 914 992 in
936 924 1088 994 desumus
1110 927 1260 1016 plurima.
1309 929 1371 996 nc-

181 1051 314 1098 noncrus
350 1032 462 1118 paucis
501 1033 712 1119 inquinatur,
759 1033 791 1098 in
827 1032 1026 1099 Xencrnnurr
1068 1033 1232 1121 complura
1274 1044 1371 1115 sunt,

182 1139 379 1204 Tnncrmnuu
427 1159 583 1226 perquam
627 1138 728 1206 multa
766 1136 958 1206 detornant.
1009 1140 1109 1206 Perre
1152 1139 1372 1227 compluscula

182 1243 297 1323 babet,
330 1243 458 1320 bnans,
483 1264 680 1332 quamquam
711 1243 999 1332 depravatissimus
1032 1265 1070 1312 en
1098 1267 1161 1313 unc
1195 1245 1372 1314 deterrimo

181 1349 296 1417 (lodice
328 1349 538 1437 depromptus
569 1360 637 1426 cst,
670 1370 828 1440 perpauca
865 1358 1005 1418 tantum.
1055 1352 1089 1418 ln
1125 1351 1257 1418 Lucrino
1293 1355 1373 1420 satis

182 1475 299 1542 magna
318 1456 409 1542 copia
426 1464 477 1522 cst
493 1444 742 1532 emblematum,
764 1456 796 1521 in
813 1455 933 1543 quibus
953 1465 1030 1523 sunt
1047 1457 1264 1524 insulsissima
1277 1478 1373 1545 quae·

181 1561 266 1628 darn.
314 1560 405 1628 llulti
427 1561 525 1628 multa
548 1565 610 1628 iarn
630 1561 848 1639 sustulerunt,
870 1561 1018 1628 meliores
1038 1562 1110 1630 libri
1135 1563 1226 1651 plura
1240 1561 1373 1652 damna·

153 1675 277 1743 runt,
306 1667 502 1735 norissimus
534 1668 678 1734 omnium
713 1669 873 1736 lleunmus
897 1667 1054 1755 quaedam
1077 1663 1221 1756 expulit,
1247 1671 1373 1758 ipsein

182 1773 404 1862 superioribus
428 1772 579 1840 nonnulla
600 1774 662 1840 iarn
687 1773 844 1850 indicavi,
866 1792 952 1842 nunc
974 1772 1065 1860 plura
1088 1773 1248 1860 colligam.
1278 1776 1374 1842 Prae·

183 1883 311 1947 mittam
345 1899 447 1966 pauca
477 1880 635 1968 quaedam
661 1899 700 1947 en
724 1878 892 1959 Classicis,
915 1877 1030 1946 deinde
1062 1879 1139 1966 quid
1165 1880 1287 1948 lucram
1313 1880 1375 1948 Go-

183 1986 271 2055 dices
293 1987 365 2053 bnni
387 1985 524 2053 aflerant
542 1987 699 2073 exemplis
719 1985 949 2073 ccrrrplusculis
970 1985 1154 2064 ostendam,
1178 1995 1211 2054 ct
1234 1987 1281 2054 sic
1300 2008 1374 2054 con·

184 2092 332 2158 llrmatus
353 2101 497 2159 caeteras
522 2091 650 2158 lraudcs
670 2102 702 2159 et
723 2091 865 2159 lallacias
882 2090 1063 2158 scribarum
1082 2101 1237 2179 retegam.
1259 2085 1376 2161 Sarnu-

183 2220 247 2266 curs
269 2197 485 2283 fragmentum
513 2197 632 2284 legitur
652 2197 736 2284 apud
762 2201 876 2266 dunen.
902 2198 964 2265 lll.
990 2219 1020 2286 p.
1036 2203 1079 2266 76
1103 2219 1131 2265 υ,
1159 2205 1323 2283 Σοφοκλῆς
1345 2200 1376 2266 ἕν

184 2305 310 2382 Ἑλένης
338 2303 436 2390 γάρῳ
466 2311 612 2389 τροπικῶς
642 2307 685 2388 τῷ
715 2310 769 2372 τοῦ
799 2305 914 2388 δένδρου
938 2305 1065 2386 ὀνόματι
1087 2306 1140 2373 τὸν
1162 2307 1278 2390 κιιρπδν
1302 2304 1376 2373 ἐκοί-

183 2428 273 2480 λετεν
296 2413 404 2480 εἰπών·

547 2517 652 2585 πέπων
676 2518 765 2600 ε’ρινδς
792 2518 806 2545 “
822 2518 838 2549 *
862 2518 987 2598 ἀχρεῖος
1010 2517 1048 2584 ὤν

431 2625 463 2698 ἐς
485 2625 597 2705 βρῶσιν
619 2621 735 2700 ἄλλους
759 2621 938 2706 ἐξερινάζεις
960 2622 1065 2707 λόγῳ,

185 2732 216 2798 in
241 2749 305 2818 quo
329 2729 396 2796 loco
426 2728 506 2796 nibil
531 2728 671 2809 excidit,
697 2728 752 2796 sed
773 2737 886 2794 contra
906 2728 1044 2815 pessime
1073 2728 1299 2816 interpolatum
1326 2740 1376 2799 est

122 2847 132 2866 ·
183 2838 326 2919 ἀχρεῖος,
350 2856 368 2902 a
394 2838 587 2922 nescioquo
610 2835 686 2902 clim
711 2835 968 2922 superscriptum
994 2833 1034 2901 ad
1058 2833 1285 2922 explicandum
1310 2856 1375 2922 quc

183 2964 279 3011 sensu
304 2945 408 3010 πέπων
431 2941 520 3024 ε’ρινός
544 2942 667 3008 dictum
688 2951 783 3008 esset.
833 2941 928 3007 Poeta
949 2939 1081 3007 dederat
1098 2941 1203 3008 πέπων
1227 2942 1318 3022 ἔρινδς
1337 2941 1375 3008 ὤν

186 3051 205 3138 ΙΙ
230 3055 284 3124 Ἐς
307 3050 419 3129 βρῶσιν
442 3047 559 3122 ἄλλους
584 3046 762 3131 ἐξερινάζεις
787 3045 891 3129 λόγῳ,
917 3045 948 3113 id
974 3056 1022 3114 est
1046 3053 1171 3129 Φοιῡλος
1197 3048 1235 3114 ὢν
1258 3046 1376 3122 ἄλλους

183 3154 402 3241 amararum,
446 3155 485 3221 ad
529 3176 625 3242 quam
665 3156 766 3242 ipsam
806 3154 986 3240 analogiam
1026 3152 1158 3221 verbum
1197 3151 1376 3238 ἕξερινοὶζειν

183 3261 355 3351 Sophocles
386 3261 489 3329 linxit.
536 3260 571 3327 ln
596 3259 763 3349 splendido
796 3261 941 3328 carmine
969 3259 1144 3349 Euripiden
1175 3261 1259 3349 apud
1296 3261 1376 3328 l'cn·

184 3390 272 3438 nunu.
295 3367 478 3434 chbstin.
504 3367 546 3433 tv
572 3371 589 3454 §
618 3373 669 3436 19.
696 3387 753 3455 pro

479 3478 702 3555 Φοινικογεννῦς
725 3471 827 3540 τέκνον
847 3473 995 3555 Εὐρώπης

480 3581 533 3647 eal
558 3586 611 3649 τοῦ
634 3579 780 3662 μεγάλου
804 3579 913 3658 Ζηνδς,
939 3576 1081 3647 ἀνάσσων

571 3687 689 3771 Κριὶτης
709 3686 1013 3769 ἑκοιτοριπτολιέδρου.

186 3794 416 3862 circumfertur
439 3792 524 3882 apud
549 3814 660 3862 cmrres
685 3793 842 3859 insulsum
868 3791 1024 3859 emblema
1050 3800 1082 3858 et
1107 3790 1154 3859 sic
1170 3790 1286 3860 ‘editur
1347 3807 1351 3821 ·

482 3905 706 3980 Φοινικογενοῦς
734 3899 811 3990 [ποιΐ
831 3904 886 3973 τῆς
910 3896 1041 3986 Τυρίοις]

480 4008 585 4075 τέκνον
608 4008 754 4088 Εὐρώπης
778 4007 843 4072 κτὲ.

232 4114 266 4181 ln
301 4101 472 4181 Hellenicir
494 4113 549 4181 tv.
577 4134 608 4178 ι.
633 4117 686 4181 37.
712 4111 839 4179 Clitelcs
864 4109 1053 4180 Corinthius
1076 4111 1123 4178 sic
1152 4109 1249 4178 verba
1274 4111 1378 4181 iaccre

188 4221 320 4308 incipit:
341 4221 431 4290 ἑλλοὶ
456 4224 561 4287 τοιῦτοι
586 4219 660 4299 μὲν,
686 4215 707 4284 ὦ
731 4217 836 4301 ἄνδρες
864 4219 1039 4296 Ἀθηναῖοι,
1064 4220 1135 4290 ἴσως
1157 4218 1378 4299 ἀντιλέγεται,

187 4329 267 4402 τινες
300 4323 380 4404 ὅσον
413 4328 439 4395 ol
470 4325 619 4409 ἄρξαντες
649 4325 782 4400 ἀδικεῖν,
817 4321 930 4390 multis
961 4321 1099 4390 saeculis
1134 4333 1204 4412 pcst
1241 4333 1377 4394 mortem

188 4433 401 4502 Xrnurucnrrs
431 4432 594 4520 adscripta
626 4441 702 4498 sunt
733 4431 830 4518 verba
862 4430 942 4504 rivae
971 4429 1050 4508 ἦσαν
1083 4431 1110 4497 οἱ
1140 4429 1291 4514 ἄρξκντες
1311 4434 1379 4499 ἀδι-

191 4547 266 4608 κεῖν.
304 4538 338 4607 Si
363 4538 474 4608 dinero
496 4539 603 4626 inepte
623 4535 787 4606 abundare
809 4535 888 4604 nibil
911 4556 1025 4624 agant,
1048 4543 1083 4606 et
1097 4535 1334 4604 multis'rnodis
1347 4537 1380 4604 id

1204 4645 1236 4692 ra
