3204 4978
842 353 914 424 286

279 551 426 630 γίνοενος
451 567 527 616 uam
550 553 608 638 qui
627 553 673 618 ita
693 550 823 639 quaerit
840 547 1036 617 Erbeentoe
1056 549 1198 614 miratu
1213 567 1269 616 eus
1288 569 1351 616 ιιι
1371 553 1488 620 οσανν-

280 657 352 723 nari
377 657 463 722 inter
481 676 553 732 eos,
577 659 634 745 qui
651 657 777 725 Socrati
791 657 950 722 morituro
970 652 1169 730 adfuissent,
1191 665 1224 722 et
1247 657 1282 722 οὐ
1303 655 1384 732 δῆτα
1406 678 1489 724 me-

278 762 344 828 lius
363 759 610 848 respondebitur
633 763 662 828 si
685 765 719 830 οὐ
742 761 966 850 praecesserit.
1011 759 1115 840 Quam
1135 769 1229 827 retus
1245 760 1486 828 boemundum

280 871 314 934 in
350 868 499 936 Parrasia
529 867 701 935 caudicibus
735 869 903 934 inoleverit
940 876 1075 954 apparet
1112 886 1152 931 ex
1185 867 1334 934 Mum
1366 867 1488 934 libello

280 975 347 1056 περί
371 975 530 1056 ἑρμηνείας
555 977 574 1060 §
596 979 674 1044 288.
701 975 828 1052 Gom..
853 973 909 1041 sed
927 993 1001 1040 iera
1019 974 1183 1058 scriptura
1201 974 1370 1060 antiquius
1390 974 1485 1040 nibil

279 1091 342 1148 est.
391 1079 426 1146 ln
461 1081 622 1148 llruubom
653 1081 705 1148 vt.
735 1085 792 1147 sa.
821 1083 878 1156 νην
905 1081 937 1146 δὲ
968 1079 1036 1144 οὐδὲ
1058 1081 1157 1154 αὐτὴν
1179 1079 1282 1162 Φόνου
1305 1081 1484 1159 unusc-

279 1213 358 1265 νοεεν,
390 1187 506 1254 είδνῖαν
535 1187 594 1266 μὶν
623 1187 678 1253 zai
707 1189 744 1254 ‘ri
772 1185 874 1268 κοίρτα
898 1185 1004 1264 λέγειν
1036 1189 1161 1260 ταῦτα,
1194 1185 1385 1263 βουλομένην
1421 1186 1482 1262 δέ,

279 1293 367 1367 risus
389 1293 561 1378 οὶμφότερον
584 1293 726 1372 γενοίατο
749 1293 919 1372 βασιλέες,
947 1291 1039 1357 lucus
1061 1309 1100 1356 ex
1125 1290 1280 1378 impedito
1302 1301 1336 1358 et
1358 1291 1482 1358 ineun-

278 1401 376 1466 eimio
398 1399 568 1487 expeditus
589 1399 653 1466 erit
668 1401 696 1463 si
716 1395 916 1486 suppleveris
933 1398 966 1463 οὔ
984 1396 1176 1476 βουλομένην
1195 1397 1244 1472 δέ,
1266 1405 1299 1463 et
1321 1398 1370 1464 sie
1383 1399 1481 1470 είκννς

280 1525 370 1574 aiore
388 1505 584 1573 Graecorum
610 1505 749 1592 positum
771 1505 852 1580 erit,
872 1501 957 1590 quod
978 1523 1064 1569 nune
1083 1502 1207 1570 soluere
1225 1523 1263 1570 ex
1282 1503 1481 1582 βουλομένην

279 1611 408 1679 virletur
431 1630 637 1698 suspensum.

329 1716 451 1785 aulam
485 1736 586 1784 unum
619 1724 764 1782 tantum:
791 1717 823 1780 in
856 1714 938 1780 libm
970 1713 1010 1780 de
1041 1714 1208 1782 θοόννννολίο
1239 1718 1303 1790 ὀ9,
1335 1717 1369 1780 2.
1395 1713 1477 1781 libri

280 1821 484 1891 confundunt
506 1821 642 1905 ἄρχεται
672 1831 706 1888 οι
728 1819 855 1902 ἔρχεται
888 1817 1077 1908 pervulgato
1110 1841 1240 1897 errore,
1273 1821 1331 1908 qui
1362 1828 1477 1886 tamea

280 1927 418 1996 subinde
451 1927 586 1994 lectores
617 1935 650 1994 et
679 1927 819 1994 editores
851 1927 984 2014 impune
1010 1924 1209 1994 ludificatur.
1258 1928 1294 1994 ln
1324 1927 1478 1994 llroarsro

284 2037 391 2102 flattu.
417 2035 440 2100 l.
467 2040 523 2102 85.
554 2040 605 2100 νῦν
628 2033 770 2118 ἄρχομαι
799 2032 1017 2114 διηγησόμενος
1042 2031 1213 2099 manifesto
1235 2033 1397 2100 sciuerunt
1424 2042 1477 2102 est

282 2161 340 2228 pru
370 2140 522 2223 ἔρχομαι,
555 2139 640 2228 quad
671 2139 736 2206 uiro
768 2139 881 2226 optimi
914 2137 988 2204 libri
1013 2138 1222 2226 suppeditant
1251 2139 1418 2205 Vaticanus
1441 2149 1475 2205 et

283 2247 467 2324 chisianus,
491 2245 548 2312 sed
570 2246 640 2313 sine
659 2245 752 2313 libris
775 2245 816 2310 ab
843 2264 1036 2332 unoquoque
1057 2253 1182 2332 poterat
1199 2247 1333 2332 corrigi.
1381 2246 1421 2312 ln
1439 2265 1474 2312 ra

282 2363 347 2422 tam
374 2363 463 2421 certa
487 2373 585 2441 quam
617 2360 690 2419 nula
724 2353 826 2418 miror
851 2351 1011 2437 quomodo
1033 2353 1067 2416 iu
1091 2352 1239 2418 Patrobas
1259 2351 1336 2416 Ιονο
1357 2350 1472 2418 doetus

281 2461 429 2528 homines
453 2461 560 2547 turpis
586 2459 795 2526 soloecismus
819 2456 939 2542 fugerit
965 2477 996 2544 p.
1018 2462 1083 2524 535
1112 2478 1139 2522 c.
1168 2457 1219 2522 καὶ
1244 2457 1318 2538 ipe,
1337 2454 1359 2523 t
1379 2460 1470 2536 Ἴον,

280 2568 334 2636 ναί
356 2565 501 2651 ἄρχομαί
529 2565 568 2646 γέ
592 2589 638 2633 σοι
659 2563 908 2649 ἀποφαινόμενος
932 2560 950 2631 ί
975 2587 1028 2642 μοι
1051 2563 1245 2631 bomissima
1269 2559 1365 2640 stim,
1390 2561 1470 2630 nibil

280 2674 403 2740 uerlius
441 2681 491 2740 est
528 2692 626 2760 quatu
666 2670 837 2758 legendum
875 2668 1010 2752 ἔρχομαί
1047 2669 1087 2749 γέ
1120 2693 1166 2736 οον
1202 2670 1469 2752 ἀποφανούμενος.

280 2783 482 2869 Quamquam
507 2777 641 2862 ἔρχομαι
671 2787 741 2846 erat
764 2776 840 2843 olim
873 2777 1002 2860 vulgata
1033 2775 1130 2841 lectio
1161 2783 1269 2841 tamen
1293 2773 1399 2843 doctis
1424 2772 1467 2841 nil

279 2887 433 2956 suboluit.
459 2884 562 2965 Φαίνο
578 2893 610 2952 el
630 2889 735 2969 Φανῶ,
758 2881 913 2966 φαίνομαι
933 2891 964 2946 et
983 2885 1145 2964 Φανοῦμαν
1164 2879 1336 2947 absimilia
1359 2881 1465 2948 umuia

281 3015 377 3082 quam
403 2991 589 3077 frequenter
600 2988 725 3056 scribae
744 2988 991 3074 permiscuerinl
1006 3006 1099 3073 saepe
1112 2982 1331 3064 ostendimus,
1343 2995 1376 3052 et
1389 3004 1468 3053 nove

279 3097 425 3185 exemplo
453 3095 535 3162 banc
564 3103 688 3182 partem
720 3093 966 3161 aoiicludemus:
1000 3091 1196 3178 ubicumque
1224 3091 1367 3158 futurum
1396 3091 1465 3154 liv-

279 3211 390 3289 ροῠμαν
414 3203 446 3267 in
472 3208 618 3268 velerum
640 3199 731 3265 libris
746 3198 919 3287 apparebat
940 3195 1089 3265 Graeculi
1110 3198 1255 3281 ὀδύρομαι
1273 3193 1460 3262 substituere

280 3309 400 3386 solent,
425 3315 462 3374 ul
483 3306 637 3385 οὶγγέλλυ
663 3323 720 3390 pro
747 3305 899 3384 οόγγελῶ,
926 3303 1080 3384 ςέλλομον
1104 3323 1160 3391 pru
1185 3308 1357 3382 ςελοῦμοε,
1385 3299 1459 3374 aliu,

280 3425 313 3484 et
339 3416 369 3482 in
395 3411 514 3501 quibus
530 3413 628 3479 etiam
652 3407 822 3497 proclivior
843 3431 935 3478 error·
955 3421 1004 3476 est
1024 3408 1120 3490 μένον,
1141 3412 1243 3491 κρίνω,
1268 3409 1374 3488 ὀμόνο
1388 3412 1462 3474 cael.

281 3542 339 3613 pru
371 3525 468 3601 μενῶ,
498 3524 600 3601 κρινῶ,
631 3519 750 3598 οόμυνῶ.
799 3516 833 3582 lu
867 3517 999 3582 busirim
1034 3520 1091 3593 10,
1123 3520 1184 3592 δῦ,
1214 3520 1245 3580 2.
1270 3516 1342 3594 μετ’
1365 3513 1465 3592 ὀλίγον

280 3629 471 3714 ὀδυροόμενον
493 3624 606 3713 optimi
630 3621 703 3690 libri
731 3623 844 3690 vitiose
866 3622 1049 3705 ὀδυρόμενον.
1100 3623 1194 3688 Peius
1217 3621 1316 3688 eliam
1343 3624 1402 3698 15,
1420 3621 1466 3684 ti.

280 3735 319 3805 ad
347 3751 446 3803 uuum
473 3751 584 3798 omnes
608 3737 739 3796 servani
758 3735 812 3795 τοῦ
835 3731 893 3810 μὲν
915 3727 1129 3808 γελασομένου
1152 3765 1193 3778 -
1210 3732 1265 3793 τοῦ
1281 3727 1315 3794 δὲ
1333 3722 1468 3810 lasput-

282 3865 349 3918 νου,
375 3861 432 3928 pro
458 3835 662 3920 ὀδυρουμένου.
698 3834 778 3915 Quis
802 3834 903 3921 igitur
927 3835 960 3900 in
984 3834 1130 3900 isoeaare
1149 3834 1221 3916 πρὸς
1246 3835 1468 3916 Καλλίμαχον.

281 3952 299 4034 §
326 3951 380 4013 55.
413 3941 498 4022 οἶμαι
526 3945 552 4011 δ’
582 3943 676 4009 aaran
705 3943 910 4023 ὀδύρεοόαν
938 3944 993 4020 τὴν
1023 3943 1131 4009 πενίαν
1153 3977 1199 3991 -
1218 3940 1271 4007 καὶ
1301 3938 1403 4018 λίξενν
1433 3941 1468 4011 ὧν

280 4052 363 4122 δεινοὶ
388 4051 545 4127 πείσεται,
570 4046 730 4114 dubitabit
762 4048 928 4130 ὀδυρεῑοόαν
948 4049 1126 4133 corrigere,
1149 4055 1182 4112 at
1212 4045 1409 4132 ubicumque
1440 4045 1469 4111 iu

280 4157 386 4227 simile
411 4155 525 4222 vilium
552 4153 673 4222 incidet
694 4153 804 4220 collem
835 4152 995 4232 remedio,
1019 4152 1102 4241 quod
1123 4152 1313 4241 saepissime
1333 4149 1470 4239 proluit,

278 4265 318 4333 da
343 4281 423 4331 novo
448 4261 517 4330 ulil
