3150 4972
798 355 867 427 loa

240 550 261 622 ὦ
284 556 403 633 τέκνον,
426 551 445 620 d
458 545 488 619 σν
504 553 622 635 χοιρίση
644 577 714 631 μον;
741 551 882 618 nondum
908 553 1049 639 poenitet
1071 551 1101 616 ln
1116 560 1274 621 annotatt.
1289 551 1327 619 ad
1342 551 1435 620 Orat.

240 662 279 728 de
301 673 368 728 arte
389 663 519 748 interpr.
529 661 611 746 [pag.
638 663 697 724 tlt
719 657 905 725 emendasse
928 655 946 724 ὅ
959 683 988 724 το
1000 658 1143 740 χοίροσοιν.
1171 660 1333 726 Banucnns
1345 659 1435 725 idem

241 769 362 854 reperit
386 765 573 834 seductum
598 785 668 830 esse
693 773 724 831 et
748 766 966 832 necessarium
995 785 1055 830 non
1075 763 1250 844 intellexit,
1277 785 1349 831 narn
1371 764 1436 831 du·

239 871 406 939 bitationis
430 880 538 937 notam
563 872 709 958 appinxit
731 872 824 957 quasi
850 874 881 936 in
907 873 1055 958 opinione
1079 873 1213 937 incerta.

286 977 379 1044 Aliud
411 977 590 1044 scribarum
624 978 818 1042 temeritatis
842 976 998 1044 indicium
1028 977 1060 1042 in
1085 996 1202 1062 genere
1226 975 1335 1043 eudem
1359 995 1435 1042 sae·

241 1085 313 1170 pius
337 1084 421 1171 apud
446 1084 544 1163 alius,
574 1083 710 1150 subinde
741 1083 825 1171 apud
852 1083 1005 1150 buerunuu
1028 1081 1245 1169 deprehendi,
1278 1080 1331 1148 ubi
1356 1101 1437 1166 par·

239 1190 339 1257 ticula
361 1188 411 1257 ίνοο
438 1192 485 1256 sic
508 1191 610 1276 posita
634 1197 682 1256 est
704 1199 739 1255 ut
761 1190 969 1255 indicativum
991 1189 1104 1256 debeat
1128 1187 1256 1255 babere.
1304 1187 1348 1253 lla
1378 1205 1436 1252 res

238 1293 311 1362 istis
333 1297 476 1385 permira
500 1304 532 1362 et
557 1296 756 1363 incredibilis
784 1294 921 1372 accidit,
948 1297 1055 1382 itaque
1080 1306 1191 1381 parata
1216 1302 1266 1362 est
1289 1296 1435 1380 interpo-

147 1441 149 1444 -
239 1401 316 1469 latio
339 1411 371 1469 et
403 1402 599 1469 indicativus
632 1403 664 1468 in
688 1403 867 1488 optativum
893 1400 941 1468 vel
966 1402 1209 1467 coniunctivunt
1235 1401 1436 1488 depravatur

240 1508 286 1574 uel
313 1509 503 1596 particulam
527 1506 564 1574 ἴιν
588 1509 756 1586 inserunt,
782 1509 835 1573 cui
856 1507 934 1573 nibil
961 1516 1009 1572 est
1032 1509 1064 1572 in
1087 1527 1125 1574 ea
1151 1527 1184 1574 re
1210 1507 1281 1574 loci.
1329 1504 1437 1572 Habet

238 1612 288 1682 ίνοο
312 1616 526 1681 indicativum
548 1634 647 1700 quum
670 1613 786 1700 pendet
808 1613 847 1679 ab
867 1633 903 1679 oa
925 1633 974 1691 re,
996 1634 1092 1700 quam
1116 1615 1189 1700 quis
1209 1612 1325 1679 laetam
1340 1631 1436 1698 opor-

239 1723 340 1788 tuisse
373 1720 452 1787 dicit
481 1741 619 1807 quamue
642 1720 736 1786 vellet
772 1717 905 1796 tactam,
938 1727 994 1785 aut
1028 1739 1122 1805 quarn
1158 1719 1237 1785 dicit
1268 1717 1434 1784 iacturum

239 1826 339 1893 luisse
370 1826 508 1914 aliquem
544 1834 578 1892 at
608 1847 669 1894 non
700 1826 828 1902 secisse,
861 1826 991 1891 omuino
1025 1825 1066 1890 ab
1102 1845 1138 1892 ea
1170 1845 1316 1911 requae
1345 1822 1436 1890 lacta

241 1953 302 1998 non
327 1953 396 1998 asse
428 1930 575 2009 dicatur,
601 1941 632 1998 at
658 1933 684 1998 si
710 1931 792 1998 lacta
816 1931 983 1997 inissetid
1008 1929 1107 1998 luisse
1129 1941 1321 1998 eventurum
1346 1930 1435 2016 quod

241 2038 271 2103 in
297 2034 347 2104 ἵνοο
378 2058 452 2104 cum
479 2038 653 2104 indicativo
676 2038 890 2124 significatur.
942 2038 1136 2124 Perpetuum
1169 2037 1227 2104 boc
1251 2046 1301 2104 est
1324 2038 1356 2102 in
1380 2035 1437 2102 ίνοο

242 2145 361 2234 (rarius
386 2145 417 2209 iu
444 2141 523 2218 ὅπως
548 2151 580 2211 et
603 2147 642 2217 ὡς
666 2152 695 2210 et
726 2143 792 2210 lare
816 2143 898 2229 apud
930 2145 1052 2233 poetas)
1079 2144 1132 2209 ubi
1159 2143 1273 2230 pendet
1296 2143 1435 2208 coniun-

240 2251 304 2316 ctio
327 2249 367 2317 ab
391 2252 504 2333 ἐχρῆν,
538 2251 613 2328 ἔδει,
645 2252 783 2334 ὤφελον,
809 2249 861 2315 εἷθ’
885 2250 1023 2333 ὤφελον,
1048 2249 1126 2328 alde,
1151 2252 1177 2316 εί
1201 2249 1283 2332 γάρ,
1306 2249 1434 2328 ἐβουλό-

238 2380 300 2436 μην
324 2355 362 2422 ἄν
386 2366 417 2423 et
442 2359 469 2424 si
492 2356 568 2443 quid
594 2365 641 2422 est
663 2377 699 2422 ex
722 2377 837 2442 genere
862 2355 994 2434 eodem,
1020 2356 1052 2421 in
1078 2355 1195 2442 quibus
1215 2356 1363 2421 omuibus
1383 2355 1436 2420 in·

239 2461 398 2530 dicativus
430 2463 631 2529 necessarius
661 2470 729 2539 est,
755 2464 918 2549 optativus
941 2470 996 2528 aut
1022 2459 1060 2527 σἰν
1083 2461 1227 2527 additum
1253 2463 1435 2529 orationem

238 2580 270 2637 et
294 2569 450 2635 soloecam
474 2568 551 2635 iacit
574 2577 605 2634 et
627 2588 724 2634 sensu
747 2589 894 2634 vacuam.
944 2567 1097 2653 Exempla
1123 2567 1240 2654 ubique
1261 2568 1340 2634 satis
1365 2587 1435 2634 ma·

201 2669 204 2675 ’
238 2696 301 2762 gno
328 2696 462 2742 numero
482 2675 572 2741 obvia
595 2685 671 2741 sunt
692 2674 775 2759 apud
797 2674 952 2760 Tragicos
971 2685 1004 2740 et
1023 2674 1188 2752 Comicus,
1214 2672 1298 2760 apud
1320 2674 1436 2739 Petro·

238 2804 313 2863 usu,
336 2784 558 2850 llauosrnnrunr
581 2790 614 2847 et
631 2779 783 2847 Oratores
802 2800 932 2858 omnes,
953 2779 1037 2866 apud
1062 2779 1284 2845 Xcunrnourrn
1307 2779 1433 2860 multa,

236 2911 318 2978 quae
350 2889 443 2956 multi
474 2909 568 2974 saepe
593 2887 805 2974 collegerunt:
832 2887 910 2951 satis
936 2885 999 2952 erit
1034 2885 1287 2951 Vaccneuieurun
1323 2886 1434 2970 inspe-

237 3000 320 3064 xisse
344 2998 374 3061 in
403 2996 502 3061 Dictr.
525 3016 552 3081 p.
570 2999 642 3060 149.
668 3003 699 3060 et
721 2993 834 3059 llcusc.
850 2991 889 3057 ad
907 2991 979 3057 Θεοί.
1006 2990 1039 3056 Τ.
1066 2995 1160 3057 1389.
1186 2991 1287 3056 Petro
1297 2992 1329 3056 in
1343 2989 1435 3058 Prot.

237 3103 356 3170 scribit·
371 3122 400 3187 p.
423 3105 487 3166 535
512 3119 540 3164 o.
566 3100 599 3164 ct
622 3105 715 3181 ἐχρῆν
739 3107 932 3180 συγχωρεῖν,
958 3095 1007 3164 ἵνα
1042 3099 1186 3163 συνουσία
1210 3097 1372 3177 ἐγίγνετο,
1396 3097 1433 3162 ln

239 3209 346 3294 Spmp.
372 3227 402 3292 p.
420 3210 492 3272 lot.
512 3225 540 3270 e.
557 3214 635 3287 χρῆν
653 3207 684 3272 δὲ
705 3206 757 3272 κυνί
779 3205 867 3285 νόμον
889 3201 982 3283 εἶναι,
1005 3202 1054 3270 tie
1071 3206 1114 3283 μη
1135 3205 1177 3277 είς
1198 3201 1308 3278 ἄδηλον
1329 3204 1435 3278 πολλὴ

237 3315 350 3389 cuculla
381 3313 582 3388 donatorem,
616 3313 647 3376 in
680 3313 798 3398 quibus
830 3310 906 3377 baec
938 3310 1005 3376 lere
1031 3311 1114 3376 inest
1137 3311 1315 3376 sententia:
1340 3310 1365 3374 εί
1391 3311 1433 3374 σὺ

237 3421 415 3502 συνεχώρεις
433 3421 575 3485 συνουσία
596 3417 633 3484 ἂν
657 3419 820 3497 ἐγίγνετο,
846 3424 878 3482 et
898 3418 923 3482 εί
949 3415 1037 3496 νόμος
1062 3413 1095 3492 ἦν
1117 3419 1170 3481 οὐκ
1194 3414 1232 3480 ἂν
1250 3417 1293 3490 είς
1317 3413 1433 3490 ἄδηλον

234 3529 336 3603 πολλὴ
359 3527 472 3599 σπονδὴ
494 3527 693 3602 ἀνηλίσκετο,
719 3534 748 3590 et
774 3522 859 3609 quod
884 3531 1011 3608 tempus
1029 3523 1062 3587 in
1087 3521 1145 3587 bac
1165 3520 1266 3587 turma
1290 3521 1433 3607 requiri-

236 3645 309 3711 tur,
330 3630 572 3719 imperfectum,
592 3633 732 3697 auristns
752 3638 808 3694 aut
829 3627 1201 3716 plusquamperfectum,
1223 3625 1308 3693 idem
1331 3629 1362 3693 in
1377 3625 1435 3692 illa

235 3742 337 3810 lorrna
363 3757 436 3804 cum
462 3735 511 3804 ίνοι
536 3739 608 3826 (ὡς,
633 3734 725 3824 ὅπως)
751 3737 973 3821 coniungitur.
1025 3734 1083 3801 Ubi
1105 3732 1169 3800 dici
1193 3740 1333 3819 poterat:
1358 3734 1384 3798 εί
1414 3735 1434 3810 ἡ

236 3848 335 3929 βουλὴ
359 3843 521 3926 ἐζήτησεν,
544 3843 771 3923 ἀπηλλάχμεί
795 3842 834 3908 ἂν
857 3847 910 3908 τοῦ
936 3842 1132 3922 δημορχωχοῦ
1157 3840 1284 3917 τούτου,
1317 3839 1435 3905 Druan-

236 3975 311 4021 cnus
343 3961 448 4018 contra
485 3949 644 4016 Damnstb.
690 3953 707 4035 §
735 3954 787 4016 20.
823 3949 935 4014 maluit
970 3947 1078 4014 dicere
1115 3947 1208 4028 ἐχρῆν
1241 3943 1358 4026 ζητεῖν,
1393 3942 1435 4010 ἵν’

237 4057 485 4138 aetatepost.
536 4054 888 4144 plusquamperfectum
914 4057 1074 4121 besentun
1086 4049 1285 4120 reddendum
1307 4053 1339 4118 in
1354 4051 1436 4118 Prn-

240 4165 359 4234 mellico
382 4183 428 4229 vs.
458 4167 518 4228 rua
544 4183 609 4249 sq.:

511 4269 536 4333 εί
561 4269 625 4350 γοίρ
649 4269 685 4347 μ’
709 4268 766 4334 ὑπὸ
791 4277 851 4349 γῆν
876 4303 919 4318 -·
940 4264 1074 4344 ἧκεν-

511 4378 550 4447 οὗς
582 4375 663 4454 μήτε
686 4375 749 4448 θεὸς
773 4377 855 4455 μήτε
878 4398 926 4447 σος
949 4372 1066 4451 ἄλλος,

601 4481 695 4546 τοῖσδ’
720 4483 927 4560 ἐπεγήθει.
