3150 4972
808 354 854 426 66

239 572 335 619 rnncn
366 545 514 614 debuerit
543 546 700 626 scribere,
732 548 943 634 scripseritne
982 546 1119 616 aliorum
1152 555 1221 615 estc
1252 546 1414 614 indicium:

243 659 395 724 Graecrrm
424 662 489 720 est:
521 656 597 719 ἀλλ’
622 657 675 720 οὐκ
699 650 732 729 ἦν
755 657 964 736 Λακεδαίμων
987 655 1084 722 τάδε
1109 659 1183 722 ἀλλ’
1211 657 1333 729 Ἀθῆναι
1356 651 1416 718 κτὲ.

240 765 289 830 Ita
314 763 490 848 loquuntur
514 761 568 846 qni
590 769 789 846 praesentem
812 762 973 828 lortnnern
994 783 1067 828 curn
1087 761 1237 840 meliore,
1259 757 1417 846 quneolim

240 869 355 944 luerit,
377 875 583 954 comparant,
607 876 664 931 aut
684 887 775 933 snam
802 872 915 936 moesti
938 878 970 934 et
990 867 1135 955 queruli.
1152 877 1208 934 aut
1229 867 1362 932 alienam
1376 867 1420 928 in·
1545 913 1546 920 .

240 974 312 1041 sesti
337 981 369 1039 et
391 973 477 1037 irati.
525 971 679 1059 Exempla
703 971 831 1060 collegit
857 975 1053 1041 lllsrrencns
1076 973 1116 1040 ad
1148 973 1304 1040 Eummms
1331 971 1417 1036 Trea·

239 1079 293 1145 des
315 1098 361 1148 rs,
385 1081 444 1144 99:

466 1181 549 1262 dre,
573 1183 765 1265 δυσδαίμων,
790 1186 912 1253 τεδθθεν
937 1190 1102 1272 κεφαλήν,

467 1288 588 1372 έτνθειρε
612 1289 713 1372 δέρην,
737 1291 837 1359 οὐκέτι
862 1293 957 1375 Τροία

464 1395 541 1463 τάδε
564 1397 616 1463 καὶ
640 1395 777 1475 βασιλῆς
801 1399 893 1478 έτμὲν
914 1401 1048 1482 Τροίας,

237 1501 422 1570 luculentus
444 1503 604 1590 imprimis
625 1511 674 1570 est
694 1501 783 1570 locus
807 1503 992 1571 Teucrmms
1012 1505 1063 1572 Vl.
1086 1509 1141 1571 77.
1155 1505 1208 1570 οὐκ
1226 1506 1329 1577 Ἴωνες
1351 1499 1421 1566 τάδε

238 1611 313 1677 εἰσὶν
348 1610 408 1676 οὐδ’
450 1609 685 1684 Ἑλλησπόντιοι
718 1613 769 1675 καὶ
801 1613 944 1685 νησιῶται
973 1649 1016 1662 -
1039 1612 1127 1677 ἄλλα
1160 1615 1277 1691 Δωριῆς
1309 1605 1423 1673 έλεθθε-

238 1741 290 1799 ρνι.
310 1755 354 1766 -
373 1715 619 1796 λειτνθνμηταςε
657 1715 809 1782 Graecum
833 1725 881 1782 est
904 1718 1117 1796 λιποθυμήσας
1142 1725 1173 1783 et
1197 1713 1356 1802 quidquid
1377 1731 1423 1778 ec

238 1823 310 1891 dem
333 1822 426 1888 modo
445 1831 495 1889 est
514 1822 726 1910 compositum
751 1821 887 1906 primam
909 1823 1053 1910 corripit.
1081 1823 1177 1889 [locet
1191 1821 1250 1887 linc
1263 1819 1424 1905 analogia,

237 1949 335 2018 quem
360 1947 439 1994 usus
466 1936 634 2015 poetarum
658 1925 846 2005 confirmet,
878 1928 1017 1995 editores
1042 1927 1165 1995 malunt
1191 1928 1361 2014 imperitos
1388 1923 1423 1988 li·

238 2035 363 2102 bracios
386 2036 487 2121 sequi.
508 2072 553 2086 -
576 2035 607 2100 έν
627 2033 738 2117 rodrp:
766 2032 880 2100 melius
904 2035 1074 2101 omisisset.

284 2142 386 2228 Epist.
411 2147 464 2216 nn..
491 2145 560 2224 §in
585 2144 639 2207 οὐκ
662 2138 779 2222 ἄχαρις
802 2143 993 2222 tetrum:
1020 2141 1116 2206 Attici
1141 2140 1225 2207 ἰδεῖν.
1264 2143 1283 2226 §
1310 2145 1340 2205 4.
1365 2147 1425 2204 Πν-

238 2246 414 2330 θαγνρικέςε
440 2246 522 2312 male
548 2265 604 2330 pro
626 2246 838 2328 Πυθαγόρειος.
886 2251 902 2330 §
931 2253 960 2312 n.
986 2243 1019 2322 ἦν
1042 2245 1116 2329 γαρ.
1140 2249 1225 2313 κτὲ.;
1252 2245 1423 2331 legendum

238 2355 395 2423 arbitror:
427 2350 497 2434 εἶχε
527 2351 590 2433 γάρ
613 2360 646 2418 et
668 2353 766 2435 φέρων
786 2351 1046 2441 expungendum.
1086 2355 1157 2437 §2
1183 2349 1350 2434 ἔρρεγχενε
1377 2351 1428 2416 Αι-

238 2463 292 2529 tr'cr'
314 2460 434 2543 ρ’ένκειν
464 2456 625 2524 dicebant.
675 2461 693 2544 §
718 2463 748 2525 9.
773 2461 867 2542 οὔρεα
899 2479 957 2546 pro
985 2458 1089 2541 ἐούρει.
1122 2497 1167 2509 -
1199 2460 1230 2524 έν
1254 2461 1427 2543 ὀφθαλμοῖς

238 2568 385 2637 θτθντων
407 2563 578 2656 [elecem
602 2562 677 2630 tolle
701 2563 868 2632 emblema.
901 2567 1032 2647 ἐνεργεῖν
1052 2585 1069 2630 a
1092 2563 1258 2632 Graeculis
1284 2573 1428 2632 smmum

238 2685 298 2744 est.
334 2677 427 2760 §itt
458 2671 553 2745 οὐδείς
586 2671 631 2741 ἔτι
662 2671 769 2750 ripae:
802 2671 871 2758 lege
902 2673 996 2747 οὐδεὶς
1026 2670 1071 2737 ἔτι
1095 2669 1129 2749 ἦν
1152 2671 1243 2751 λέγοι
1268 2683 1302 2739 et
1325 2671 1429 2756 recipe

238 2780 431 2861 κεκλημένων
455 2797 513 2866 pro
537 2777 769 2860 κεκληρωμένων
789 2817 833 2828 -
856 2777 997 2858 αξιθθεατ
1023 2776 1195 2844 barbarum
1220 2787 1287 2856 est,
1314 2795 1430 2864 repone

236 2889 396 2969 ἀξιόχρεα.
523 2937 526 2943 .

284 2991 461 3082 Epistulam
487 2995 529 3057 56
563 3010 625 3055 non
662 2989 889 3073 θαμβιφνέγος
921 2991 1050 3078 scripsit
1086 2989 1140 3056 sed
1177 2988 1429 3074 Θνμβροφθρος.

241 3105 259 3187 §
286 3105 318 3166 2.
342 3107 398 3175 της
419 3097 515 3169 οἰκίας
536 3094 653 3174 γυμνὸν
677 3096 785 3178 θύραζε
807 3097 837 3161 ἐν
861 3099 975 3178 ἀκαρεῖ
994 3097 1090 3180 χρόνῳ
1111 3096 1307 3176 ἐκβληθέντα
1333 3099 1430 3176 ε’μτε·

239 3217 322 3274 τεῖνε
349 3212 455 3270 sumta
480 3201 557 3268 lreec
580 3210 657 3267 sunt
679 3223 718 3268 ex
744 3208 964 3268 dmsnnrnnms
988 3203 1081 3269 Picto
1103 3223 1150 3269 rs.
1172 3207 1250 3270 144:

417 3307 533 3388 γυμνὸς
557 3305 653 3389 θύραζ
670 3307 812 3386 έξέτεσνν
834 3310 864 3373 έν
887 3311 999 3391 ἀκαρεῖ
1018 3311 1145 3390 χρόνον,

238 3421 348 3506 itaque
368 3415 438 3482 dele
466 3423 523 3491 τῆς
546 3414 661 3492 οἰκίας,
686 3415 821 3481 restitue
848 3415 974 3497 χρόνον,
996 3425 1028 3480 et
1051 3421 1212 3500 expuncto
1235 3414 1434 3494 ἐκβληθέντα

239 3523 375 3593 emenda
399 3523 643 3606 iniceremque
667 3518 752 3588 lactc
777 3519 935 3605 intelliges
960 3519 1039 3586 nihil
1063 3519 1183 3586 deesse.

210 3621 227 3670 ⁸
284 3629 386 3717 Epist.
410 3631 465 3694 57.
499 3627 638 3708 φειδωλῷ
663 3627 706 3707 τῷ
733 3626 833 3709 μέτρῳ
863 3625 1030 3709 κέχρηταιτ
1060 3625 1175 3692 metius
1198 3633 1337 3709 χρῆται,
1366 3636 1433 3693 ium

238 3737 377 3821 φειδωλῷ
402 3731 592 3799 mendosum
616 3752 685 3799 esse
710 3741 856 3820 apparet,
879 3733 1032 3820 quoniam
1056 3733 1069 3798 l
1093 3739 1209 3813 μετρῶν
1234 3739 1344 3819 potest
1367 3741 1436 3816 φει·

237 3841 330 3916 δωλδς
355 3858 442 3916 esse,
465 3838 501 3904 τὸ
524 3837 634 3918 μέτρον
654 3858 716 3904 non
741 3840 829 3905 item.
867 3837 1111 3905 Emendandum
1132 3839 1297 3922 φειδωνεθῳ
1314 3839 1435 3922 μέτρῳ;

238 3949 333 4015 iidem
360 3943 456 4010 iaciat
481 3944 667 4029 perelegans
692 3944 782 4011 locus
807 3946 838 4009 in
864 3944 1073 4010 Tricornenses
1095 3945 1249 4010 Cdcractt.
1271 3944 1330 4011 Xl.
1369 3954 1437 4028 φει·

238 4056 329 4136 δωνθερ
353 4051 453 4132 μέτρῳ
485 4049 537 4114 τὸν
566 4051 709 4116 τθνδαιια
734 4051 979 4132 ε’γκεκρνντμένῳ
1003 4059 1124 4130 μετρεῖν
1147 4053 1240 4125 αὐτὸς
1264 4061 1333 4126 τοῖς
1357 4051 1438 4118 ένδνν

237 4163 279 4228 τὰ
304 4159 464 4234 triennem
494 4155 614 4238 τφέδρα
638 4159 785 4238 νέτνφῶν,
816 4166 848 4222 ct
880 4155 944 4221 illic
977 4166 1006 4220 el
1031 4156 1116 4242 apud
1142 4157 1322 4223 Srnnncnsn
1353 4159 1438 4225 Vlll.

239 4289 268 4352 p.
292 4268 357 4330 558
394 4273 424 4328 ct
460 4263 616 4328 Pomncsn
650 4263 687 4328 x.
718 4268 791 4328 179.
818 4261 1016 4328 restituenda
1041 4271 1090 4328 est
1114 4259 1214 4327 forme
1239 4263 1440 4344 φειδώνειος,

238 4391 320 4459 qnae
352 4368 416 4434 sola
453 4367 571 4433 Graeca
601 4375 650 4432 est
675 4387 731 4454 pro
752 4371 915 4452 φειδώνινς.
940 4407 985 4419 -
1011 4371 1040 4434 έν
1063 4376 1135 4443 ταῖς
1158 4370 1357 4450 ἕνρταςικωῖς
1381 4375 1441 4438 τῶν
