3178 4972
748 371 794 446 25

163 567 296 638 Inducti
331 569 467 645 θθιῶτσι,
507 585 588 654 quos
625 567 793 634 Graeculos
824 567 931 636 dicere
961 567 1089 645 licebit,
1121 587 1179 656 pro
1212 565 1357 636 θλιτθοθνοο

165 674 321 742 dicebant
351 671 508 740 θλισθοιθνοο
533 681 565 740 et
589 673 742 750 σὀλθσθνσοι
768 694 825 761 pro
848 674 987 752 ὤλισθον,
1020 684 1057 742 ιιι
1082 677 1199 762 passim
1224 676 1358 763 antiqua

165 780 274 847 torma
298 781 412 847 aoristi
430 779 514 865 opud
536 781 615 847 istos
636 779 725 846 abire
748 779 828 846 solet
852 781 885 846 in
909 781 1044 848 formum
1069 780 1231 867 evulgari
1253 780 1358 847 analo·

165 887 224 974 gia
248 884 397 962 ductum,
422 893 458 952 ut
481 881 552 962 ἥξοι,
578 883 691 965 ἔτιέτι,
716 884 847 966 inridre,
872 883 1011 970 ἔφευξοι,
1038 885 1224 969 ἦμοθρτννσοο,
1257 885 1358 967 iliod-

164 1017 271 1070 ςοιτσο,
300 991 463 1072 delirares
488 993 560 1078 (pro
581 990 732 1079 ostreae)
744 1041 754 1072 ,
786 991 885 1075 ᾕρησο
909 993 980 1081 (pto
1008 989 1123 1079 εἶλον),
1156 991 1262 1076 ἓθρεξοι
1286 995 1358 1080 (pto

165 1097 332 1188 ἔδραμον),
356 1097 456 1164 terea
480 1097 692 1184 plurimorum
711 1117 780 1191 ,usu
806 1099 937 1174 tritum,
960 1098 1022 1165 ulio
1046 1118 1108 1164 non
1131 1118 1241 1186 peuce.
1278 1099 1358 1166 istas

165 1203 298 1272 dicendi
330 1201 441 1270 sordes
475 1212 506 1270 et
545 1203 783 1270 immunditiem
815 1203 940 1271 librarii
970 1207 1113 1293 antiquis
1144 1205 1359 1292 scriptoribus

165 1319 260 1378 certe
284 1309 473 1395 contagione
496 1309 598 1375 solent
625 1307 789 1387 affricare,
813 1309 898 1377 docti
924 1319 1048 1397 partem
1073 1318 1198 1379 tontum
1223 1331 1263 1378 es
1287 1310 1358 1376 istis

166 1417 243 1484 ausi
266 1425 341 1482 suat
365 1414 492 1491 tollere,
518 1414 581 1483 elia
604 1413 791 1482 dubitanter
815 1416 973 1495 retinent,
997 1416 1059 1482 alia
1083 1418 1152 1484 sine
1177 1416 1241 1482 ulle
1265 1415 1356 1482 dubi·

165 1523 292 1591 tatione
317 1520 432 1588 babent
457 1542 514 1608 pro
539 1523 757 1608 integerrimis
780 1523 1036 1608 sanissinrisque.
1075 1521 1136 1590 Sic
1159 1521 1279 1602 θντέξοοι
1301 1541 1358 1609 pro

166 1630 302 1696 ἐντεκεῖν
333 1627 476 1694 Atticum
509 1647 581 1696 esse
609 1627 694 1694 docti
728 1627 873 1694 bomines
905 1625 997 1696 facile
1029 1627 1185 1707 credunt,
1221 1627 1356 1715 quodsi

166 1741 203 1806 in
228 1741 437 1806 dursroraurs
461 1733 551 1824 (lyr.
577 1735 656 1824 555)
681 1752 880 1819 concoquere
905 1734 962 1800 Tn.
989 1734 1138 1802 bunarios
1161 1736 1284 1822 potuit,
1310 1733 1357 1800 id·

164 1864 233 1934 que
257 1850 328 1932 post
352 1862 459 1911 reram
484 1839 652 1908 lectionem
678 1837 803 1917 ἐντθξοιι
825 1839 865 1905 ab
886 1839 1060 1906 llrnsunroro
1080 1849 1260 1927 repertam,
1280 1841 1356 1928 quid

165 1961 313 2019 caeteros
338 1950 421 2017 terre
446 1965 537 2036 posse
561 1945 714 2014 censensi
763 1947 875 2032 ltaque
906 1945 1009 2013 sicubi
1037 1946 1159 2014 ιθλισθον
1182 1955 1251 2014 erat
1275 1947 1358 2014 scri·

165 2065 281 2146 ptum,
305 2055 399 2124 lacile
423 2054 463 2122 nd
486 2073 581 2121 suum
607 2055 761 2129 θλθσθνσοι
781 2052 933 2119 aberrant
954 2052 1078 2120 librarii
1097 2055 1234 2130 θδιθοτσοι,
1261 2052 1358 2139 idque

165 2165 198 2230 si
222 2173 362 2251 pergunt
394 2159 500 2230 lacere
531 2159 660 2228 tandem
692 2160 832 2245 genuina
863 2157 967 2224 tornea
999 2160 1068 2225 sine
1101 2161 1235 2245 uestigio
1260 2153 1356 2247 perit.

167 2269 322 2336 Periisset
348 2269 448 2356 igitur
472 2269 504 2333 in
530 2271 738 2345 Auerruncus,
762 2286 837 2332 naeu
865 2284 921 2350 pro
943 2265 1066 2332 ὤλισθεν
1089 2265 1112 2332 l.
1144 2270 1192 2332 t8.
1218 2270 1246 2332 i.
1269 2267 1356 2332 ὠλθσ·

165 2379 257 2452 onere
289 2376 422 2462 irrepsit
455 2382 488 2440 et
522 2373 577 2440 itt.
612 2377 666 2438 at.
696 2377 716 2438 5
750 2372 976 2449 surrrecturus
1012 2391 1068 2458 pro
1103 2373 1289 2440 ιιοοτολισθιθν
1325 2379 1358 2437 ei

166 2481 281 2550 rhetor
313 2483 451 2548 nitorem
484 2479 643 2546 sermonis
675 2479 801 2565 antiqui
834 2499 868 2545 eo
903 2477 972 2544 labe
996 2486 1028 2545 et
1050 2476 1177 2546 maculo
1209 2477 1358 2546 iniecisse

168 2597 296 2678 poterat
327 2586 448 2666 rideri,
481 2585 543 2654 nisi
576 2584 690 2652 ritiurn
722 2583 797 2651 felix
825 2586 869 2652 ll.
898 2591 948 2650 tt.
976 2589 995 2650 t
1020 2584 1226 2652 commissum
1254 2583 1359 2652 bomi-

168 2717 244 2762 nem
269 2694 467 2773 absolreret,
499 2691 553 2758 ubi
580 2693 611 2756 in
634 2690 726 2758 libris
747 2702 811 2758 est:
843 2687 882 2756 ὧν
904 2690 955 2756 teu
978 2691 1013 2756 τθ
1037 2691 1150 2768 πλῆθος
1174 2693 1359 2758 excuteret

165 2825 221 2884 μοι
245 2811 300 2880 arie
323 2802 446 2880 orione
470 2799 512 2866 rei
538 2797 685 2876 τλεθσνσ,
710 2799 741 2864 in
763 2818 826 2884 quo
847 2796 962 2863 terendo
986 2816 1061 2862 scra
1087 2796 1181 2863 lectio
1203 2798 1359 2864 θτιθλισθε

168 2927 229 2996 per
249 2907 351 2974 multa
370 2905 498 2972 saecule
521 2913 590 2971 tuto
611 2904 740 2976 delituit
759 2914 791 2970 et
806 2923 921 2970 manns
942 2901 1087 2970 indoctas
1106 2901 1234 2988 elingit,
1255 2913 1291 2969 ut
1312 2923 1359 2970 re-

168 3015 258 3080 natis
280 3012 399 3080 litteris
430 3012 531 3099 perite
560 3013 593 3076 in
618 3009 722 3078 lucem
751 3018 969 3077 revereretur.
1016 3007 1185 3088 Graeculi,
1210 3008 1238 3074 si
1263 3007 1360 3074 buius

167 3119 232 3187 loci
257 3119 405 3190 tenebras
429 3116 597 3206 dispellere
622 3119 819 3203 potuissent,
844 3117 913 3182 sine
941 3114 1004 3182 ulla
1028 3115 1247 3182 controversia
1270 3116 1359 3180 eiro-

166 3227 295 3302 λθσθνσο
314 3226 538 3314 scripsissent,
559 3223 829 3310 quemadmodum
851 3223 883 3288 in
905 3223 1074 3290 Pnurencsr
1097 3221 1258 3288 Cleomene
1275 3219 1358 3286 xlx.

169 3353 202 3421 p.
227 3339 293 3399 8Ιό
316 3353 416 3420 quunr
449 3331 562 3418 optimi
595 3328 668 3396 libri
691 3338 835 3397 surrent:
867 3328 1013 3396 lonleii
1037 3326 1209 3406 ireneside,
1243 3326 1359 3414 reliqui

167 3459 283 3506 outnes
306 3438 496 3514 interlicere
520 3435 700 3514 exhibent,
717 3455 798 3522 quse
822 3434 965 3520 vulgaris
988 3434 1083 3500 lectio
1106 3431 1168 3499 luit
1194 3453 1294 3519 usque
1318 3431 1359 3498 ad

168 3545 375 3611 &rosumere
425 3542 598 3611 simillimo
631 3542 708 3608 vitio
738 3539 862 3607 librarii
888 3540 921 3606 in
946 3539 1165 3606 dursror‘nmrs
1194 3536 1359 3625 lepidissi-

167 3668 225 3716 mo
249 3649 316 3716 loco
340 3649 476 3738 lycius.
500 3652 564 3716 677
590 3645 764 3716 dederant:

328 3757 540 3824 irereeeeirerroe
561 3753 623 3837 γάρ
646 3754 692 3824 ise
715 3762 827 3838 χρῆμοο
850 3750 991 3835 κᾶποχον
1015 3755 1092 3834 γυνθ

329 3864 402 3934 κούκ
426 3861 706 3929 θνιιτολθσθοοι
730 3860 903 3942 τρέχοντος.

170 3967 467 4057 ρτοᾶνθτσλθσθοι,
490 3966 575 4055 quod
598 3985 700 4055 quum
726 3966 890 4032 thssrns
916 3966 1086 4053 reperisset
1112 3964 1257 4055 (trieceu.
1284 3966 1359 4034 ote.

170 4095 201 4162 p.
224 4073 301 4161 559)
328 4073 476 4142 meliores
495 4072 569 4140 libri
588 4073 716 4141 excussi
736 4073 982 4140 confirmarunt.
995 4072 1183 4163 qutjigitur
1201 4073 1360 4150 θλισθιῑσοοι

168 4197 208 4246 ex
236 4179 374 4266 plebeiae
399 4179 550 4247 dictionis
576 4178 770 4266 negligentis
793 4179 937 4264 irrepere
960 4176 1060 4254 solet,
1086 4179 1134 4245 sio
1158 4177 1361 4267 frequentius

168 4285 268 4352 etiam
299 4288 457 4355 θλισθοιθνιο
488 4284 675 4352 obtruditur
706 4285 817 4351 inritis
842 4286 992 4372 {veterum
1017 4285 1255 4363 imitatoribus,
1279 4306 1361 4373 quae

169 4387 295 4472 iorrna,
320 4393 416 4460 sicuti
440 4401 473 4460 et
495 4393 634 4468 esteten,
660 4390 759 4458 nihilo
780 4401 830 4460 est
853 4391 962 4458 sanior
985 4412 1082 4479 quam
1103 4373 1223 4479 siquis
1253 4397 1360 4478 θφλισ·

169 4497 265 4566 ιιοιθνιι
288 4497 395 4568 dicere
421 4497 584 4570 voluisset.
622 4499 779 4570 Poettstri
802 4499 843 4566 iis
868 4499 1042 4578 utuntur?
1058 4499 1115 4586 qui
1140 4501 1277 4568 miscent
1301 4501 1360 4566 ele·
