3208 4972
803 359 873 429 204

247 558 337 625 πέντε
372 553 534 623 ταλάντων
569 561 693 636 προῖκα.
753 553 909 641 Expunge
942 549 1080 633 σροικθς,
1126 567 1199 615 nem
1235 545 1433 632 ἐπιφέρεσθαι

245 663 375 750 proprie
398 660 436 726 de
461 659 554 737 dote,
580 677 678 746 qoam
703 676 783 725 uxor
806 657 940 736 efferet,
975 655 1040 721 diei
1067 653 1163 721 sciet:
1187 653 1270 720 οὐδὲν
1294 657 1434 736 ἐπιφερσ·

246 767 321 847 με’νη
347 774 392 832 est
419 763 575 843 indotata,
610 773 646 828 ut
669 762 754 850 apud
787 765 905 830 Lrsrrrr
929 761 1013 828 xlx.
1043 765 1097 826 14.
1125 760 1221 841 παρὸν
1243 759 1329 838 μετά
1360 773 1434 826 πολ·

245 879 305 938 λῶν
327 869 499 953 χρημάτων
530 875 634 947 γήμαι
658 867 760 944 άλλην
785 870 840 946 τήν
872 869 948 947 ἐμήν
976 865 1097 947 μητέρα
1121 863 1238 945 ἔλαβεν
1259 865 1341 930 οὐδὲν
1369 865 1434 930 ἐντι·

244 977 423 1060 φερομένην.
482 973 651 1040 Aeeemrres
686 975 717 1040 in
754 973 968 1064 Cieripiooieo
1003 975 1021 1056 §
1057 975 1130 1036 lii.
1164 979 1271 1050 γαμεῖ
1298 978 1435 1060 γυναῖκα

245 1081 369 1163 χρυσίον
404 1080 623 1162 ἐπιφερομένην
656 1079 748 1146 τολά.
808 1078 901 1165 Apud
937 1077 1178 1143 Tceoreersrurr
1212 1075 1280 1156 περὶ
1310 1077 1435 1140 άνελεν·

246 1187 364 1270 θερθας,
388 1185 488 1252 xxii.
513 1183 637 1251 editur:
668 1185 721 1251 xci
750 1193 789 1268 τῇ
817 1183 939 1263 γυναικὶ
963 1182 996 1248 δέ
1017 1191 1056 1265 σή
1083 1182 1192 1246 ἑαυτοῦ
1215 1188 1326 1261 προῖκα
1355 1183 1435 1247 εἷσε·

245 1290 422 1376 νεγκαμένη
456 1291 500 1369 μή
541 1289 686 1372 πρίασθαι
729 1290 915 1372 θεραπαίναις
956 1287 1046 1354 άλλά
1080 1287 1260 1366 μισθοῦσθαι
1294 1287 1339 1358 εἰς
1374 1286 1434 1359 τάς

246 1395 363 1475 έξάδονς
385 1398 419 1463 έκ
440 1403 497 1472 τής
520 1395 700 1474 γυναικείας
723 1395 843 1462 παιδέον
866 1393 1143 1470 σοναιιολονθήσον,
1174 1392 1301 1476 corrige
1325 1397 1436 1472 προῖκα

247 1500 479 1586 ἐπενεγκαμένη
503 1510 537 1567 et
557 1500 670 1587 supple
692 1502 727 1566 ἐκ
748 1509 804 1576 τῆς
824 1499 1005 1578 γυναικείας
1027 1499 1156 1578 ἀγοράς.
1203 1495 1285 1562 Hinc
1309 1497 1436 1582 corrige

248 1607 473 1674 Xeoooeoorrrr
497 1607 531 1671 in
558 1603 756 1671 Oeconomico
782 1604 849 1670 Vii.
874 1611 926 1670 13.
946 1603 999 1668 oiri
1022 1605 1072 1667 vir
1098 1600 1138 1667 ed
1160 1620 1307 1668 uxorem:
1339 1601 1377 1666 σθ
1400 1625 1435 1667 σε

247 1707 307 1778 άσοι
327 1713 444 1792 ήνέγιιιο
467 1712 578 1777 πάντα
600 1711 643 1782 εἰς
666 1710 701 1776 τὸ
732 1710 825 1776 κοινὸν
848 1710 1040 1784 κατέθηκας.
1072 1704 1243 1792 legendum
1267 1706 1438 1784 ἐπηνέγκω·

247 1817 285 1883 In
321 1820 339 1903 §
373 1821 403 1882 2.
440 1817 464 1882 ei
500 1815 551 1882 έπθ
586 1814 679 1880 πλέον
714 1816 917 1896 ἐνοχλήσειας
953 1812 1084 1892 άπειμι,
1120 1812 1252 1898 requiro
1285 1809 1436 1878 futurum

248 1925 438 2005 ε’νοχλήσεις.

294 2027 329 2094 in
356 2025 486 2112 Dialogo
509 2031 541 2092 6.
567 2029 585 2110 §
612 2030 642 2092 1.
665 2023 830 2107 μαννάριον
855 2025 886 2090 in
911 2025 1097 2105 μαμμάριον
1119 2023 1305 2108 corrigetur
1324 2021 1386 2110 (sic
1405 2031 1439 2090 ct

248 2131 330 2200 Iiiai.
356 2137 387 2198 7.
414 2135 432 2218 §
455 2131 500 2218 θ.)
525 2139 558 2197 et
583 2150 656 2196 mox
677 2150 735 2216 pro
757 2130 808 2197 δύο
832 2129 885 2206 ἔτη
909 2136 1036 2207 ταῦτα,
1060 2129 1096 2208 ἐξ
1118 2124 1152 2194 οὗ
1175 2127 1314 2204 τέθνηκεν
1338 2127 1352 2192 θ
1375 2151 1438 2206 μα-

248 2239 374 2319 καρίτης
398 2260 452 2304 σου
475 2240 596 2318 πατήρ,
620 2237 674 2302 οὐκ
693 2231 781 2301 οἶσθα
799 2232 879 2310 ὅπως
902 2233 1127 2316 άπεζήσαμενη
1152 2232 1222 2319 iege
1242 2233 1286 2299 τά
1304 2231 1350 2300 δύ’
1369 2233 1438 2309 ἔτη,

248 2353 281 2410 et
303 2345 422 2408 omissa
446 2344 614 2427 negatione
636 2337 723 2407 οἶσθα
745 2335 826 2415 ὅπως
848 2341 1063 2420 άπεζήσαμεν.
1092 2349 1124 2406 et
1157 2340 1174 2424 ς
1196 2343 1227 2404 5.
1250 2336 1438 2418 πλημμελές

249 2469 308 2536 pro
331 2448 449 2527 άμελές
473 2458 505 2514 et
529 2451 546 2531 ς
571 2453 600 2512 t.
625 2444 772 2523 δειξάσας
798 2465 855 2532 pro
878 2445 1068 2524 ἐνδειξάσας.

295 2553 331 2620 ln
367 2552 496 2637 Dielcgo
533 2559 565 2619 7.
602 2556 620 2639 ς
651 2561 680 2620 1.
711 2555 765 2618 οὐκ
795 2550 899 2633 ἔχοντι
929 2553 1013 2632 αὐτῷ
1044 2551 1225 2616 καταθεῖναι
1255 2549 1439 2629 συμβολήν,

250 2661 324 2746 quis
345 2656 456 2725 erodat
475 2657 631 2724 Loomrmrr
652 2657 812 2737 συμβολήν
833 2666 867 2723 et
889 2655 1056 2736 συμβολάς
1079 2653 1275 2721 confundere
1298 2654 1442 2741 potuisse

251 2764 282 2830 io
313 2785 349 2831 eo
385 2762 466 2829 libro
500 2765 714 2850 praesertim,
750 2782 844 2850 quem
881 2769 985 2828 totum
1023 2781 1062 2828 ex
1092 2761 1293 2826 Gomieorum
1324 2757 1443 2824 inbutis

248 2869 452 2957 composuit?
499 2867 570 2935 Non
596 2866 691 2935 aliter
710 2867 861 2934 dicebant
884 2867 984 2933 Attici
1004 2887 1102 2953 qoam
1127 2865 1293 2945 συμβολάς
1312 2863 1441 2940 διδόναι,

248 2975 384 3050 τιθέναι,
418 2973 638 3048 narrantium,
672 2974 736 3039 άπὸ
769 2972 933 3053 συμβολῶν
964 2971 1061 3038 simii.
1109 2967 1289 3036 Affemme
1320 2967 1444 3034 Meren-

246 3099 306 3146 oro
337 3077 520 3165 exerrrpium
553 3085 590 3143 ut
621 3077 802 3143 emendem.
849 3079 1031 3144 Aroerrros
1064 3073 1116 3140 Vi.
1139 3095 1172 3161 p.
1200 3078 1266 3140 270
1289 3093 1320 3141 o.
1353 3074 1378 3139 εἰ
1407 3074 1439 3141 δὲ

247 3183 430 3263 λουσάμενοι
454 3181 589 3263 λογάρια
612 3183 793 3261 δειπνοῦμεν

496 3287 610 3369 μικράς
633 3285 738 3368 τίθημι
762 3289 927 3369 συμβολάς
950 3288 1160 3370 άκροάμενος,

247 3393 334 3462 κατά
365 3393 416 3460 τθν
447 3391 630 3475 Μένανδρον.
679 3393 781 3482 Lepor
810 3395 870 3462 tooi
901 3392 1086 3462 iienoodrei
1119 3394 1238 3481 periit,
1270 3399 1305 3459 et
1335 3399 1440 3479 potest

248 3500 322 3567 eiici
346 3519 384 3565 ex
408 3498 460 3565 his
484 3498 589 3566 verbis
615 3500 759 3568 Ροιιιιοιε
783 3500 838 3566 Vi.
866 3504 917 3566 12.
942 3498 1140 3578 άσθμβολοι,
1164 3498 1229 3564 άτδ
1252 3500 1438 3579 συμβολῶν,

246 3608 306 3688 σάφ’
330 3603 368 3672 ὧν
389 3607 416 3672 oi
440 3605 576 3672 Ἀττικοὶ
604 3607 767 3688 μακράς
798 3605 954 3672 διδόναι
985 3604 1204 3684 συμβολάς
1232 3602 1339 3684 ἔλεγον
1368 3603 1438 3668 evei

246 3717 301 3780 τοῦ
323 3710 485 3792 μεγάλας.
532 3710 735 3798 Ioteliigisne
758 3710 948 3778 iieomomrmr
970 3712 1017 3776 sio
1042 3729 1112 3777 esse
1136 3710 1296 3777 iocatum:

496 3816 622 3899 μακράς
645 3819 751 3897 τθθημι
775 3816 943 3895 συμβολάς
966 3816 1165 3898 άκροάμεννς.

292 3922 329 3989 ln
357 3921 489 4006 Dialogo
520 3925 551 3986 9.
584 3925 656 4008 52.
688 3923 761 4007 πρὸς
785 3925 817 3991 δέ
841 3923 875 3989 σὲ
907 3922 961 3987 οὐκ
993 3921 1033 3986 διν
1056 3917 1140 3988 εἶπον
1169 3917 1290 3987 άλλ’ά
1322 3920 1440 3996 ήκονσα

247 4026 422 4109 ἐβουλόμην
445 4027 558 4103 εἶπεῖν,
589 4029 725 4096 emenda
748 4031 809 4110 οὐχ
834 4024 857 4094 ά
879 4023 964 4094 sirm
986 4029 1063 4094 άλλ’
1085 4027 1122 4094 ά
1140 4027 1266 4104 ήκονσα.
1314 4025 1348 4091 in
1375 4027 1392 4111 S
1419 4030 1438 4091 4

247 4133 340 4201 mites
363 4131 403 4199 mi
427 4131 647 4200 meretricem:
679 4134 779 4202 οὐκέτι
802 4132 867 4216 γάρ
899 4135 1140 4216 ἁρπασθήσομαι
1165 4134 1223 4200 ὑπὸ
1253 4136 1318 4199 σοῦ.
1343 4151 1440 4198 num-

247 4237 429 4326 quamooe
453 4243 523 4304 eret
547 4235 689 4318 iactum,
720 4259 823 4328 neque
856 4247 962 4306 metus
989 4248 1062 4306 eret
1088 4248 1126 4305 ut
1149 4237 1241 4306 fieret
1272 4255 1438 4323 umquam.

246 4345 389 4431 corrige:
416 4344 695 4428 διαρπασθήσομαι.
731 4345 833 4433 Saepe
856 4343 1006 4428 άρπάζειν
1037 4353 1070 4412 et
1092 4343 1271 4427 διαρπάζειν
1302 4341 1439 4409 coniuc-

247 4448 380 4518 cuntur.
429 4450 465 4516 in
492 4447 616 4520 Hoiteo.
641 4452 697 4522 ΙΙΙ.
724 4474 745 4519 ι.
770 4459 802 4520 8.
827 4449 1014 4534 κατηγθρονν
1038 4453 1102 4534 γάρ
1134 4452 1231 4520 αὐτοῦ
1255 4450 1281 4517 οἱ
1306 4447 1438 4530 eoppa·
