3208 4972
736 357 805 428 203

170 552 218 622 ux
243 550 356 636 eodeur
380 549 467 617 loutc
493 551 632 631 erroris,
664 571 760 638 quem
790 571 888 639 supra
917 552 998 617 satis
1021 552 1054 618 in
1080 549 1206 620 Sroasrr
1237 555 1359 644 Appon·

169 659 238 725 dice
257 656 441 724 Florentino
464 656 673 743 aperuimus,
698 665 773 723 nata
795 665 845 724 est
869 677 940 744 cap.
966 662 1020 724 54.
1044 658 1149 748 Τοινίοι
1172 663 1250 739 μονὴ
1275 663 1360 738 zion·

171 763 220 839 διο
243 781 301 850 pro
324 761 453 838 Μονίοι,
478 780 576 848 quarn
601 761 764 828 Xsuoraou
788 763 938 830 omnihus
963 771 1069 830 nolam
1095 765 1183 832 lecit.

215 866 465 954 Nonnumquam
494 866 527 932 in
551 870 748 934 contrariam
777 877 903 954 partem
928 878 1124 955 peccatura
1147 871 1360 959 scriptoribus

170 970 383 1059 quibusdam,
407 973 463 1058 qui
488 970 612 1038 Ionicos
636 983 784 1040 auctores
807 975 909 1042 secuti
931 995 993 1042 non
1018 975 1098 1042 salis
1117 975 1226 1044 ionica
1246 977 1286 1043 ah
1305 979 1362 1043 ht·

169 1079 247 1145 ticis
269 1086 302 1145 et
327 1077 466 1164 vulgatis
488 1075 676 1146 discernunt
704 1089 737 1148 et
759 1089 799 1163 ep
823 1090 904 1162 scrop
931 1080 1111 1148 admiscent
1136 1081 1297 1169 permulta
1321 1101 1361 1149 ex

170 1183 255 1252 lade.
301 1183 402 1250 Nemo
425 1182 486 1249 hoc
517 1181 719 1270 frequentius
743 1184 821 1252 lecit
852 1205 949 1272 quatu
982 1187 1174 1254 Psarnrnrus
1196 1197 1229 1254 et
1255 1189 1360 1254 incer·

171 1297 227 1358 tus
256 1296 370 1356 auclor
405 1287 480 1354 libri
511 1288 549 1355 dc
579 1290 749 1356 mulinum
780 1292 963 1368 uirtutibus,
999 1293 1055 1378 qui
1092 1294 1126 1358 in
1159 1293 1362 1360 Plutarchus

171 1392 404 1461 circumfertur
427 1391 581 1460 Tom.'li.
607 1415 636 1481 p.
660 1399 725 1464 243
750 1415 820 1482 sqq.
865 1396 905 1464 Et
928 1396 1260 1464 Peenno-Pcursrcaus
1290 1399 1361 1484 qui·

171 1497 245 1566 uem
276 1499 489 1585 Lampsacum
512 1507 545 1566 et
567 1499 803 1588 Lampsacenos
832 1523 902 1589 cap.
926 1506 976 1568 18.
1006 1502 1197 1568 Πιτυόεσσαν
1221 1500 1361 1589 appellat

171 1613 205 1671 et
226 1603 481 1681 Πιπνοεοεννούο,
503 1603 667 1672 Carnorum
692 1606 945 1694 Lampsacenum
970 1605 1175 1685 describens,
1202 1617 1234 1674 ct
1258 1607 1361 1672 multa

172 1709 236 1776 alia
260 1708 446 1778 huiusmodi
470 1711 598 1777 retinet.
646 1711 836 1780 Purraanrus
859 1721 968 1780 auteur
994 1721 1080 1778 totus
1105 1711 1212 1778 verbis
1237 1710 1362 1778 formis·

172 1833 235 1900 quo
262 1813 381 1882 ionicis
410 1822 556 1893 constat,
588 1815 699 1902 quales
722 1825 799 1884 sunt
830 1825 986 1898 μοιπῆοεε,
1010 1814 1268 1896 οὶποδοιοοὶμενος,
1303 1818 1362 1883 τῶν

173 1917 327 2002 σφετέρων
355 1926 456 1998 λινῶν,
490 1919 653 2003 φαμένης,
688 1924 819 1997 σπουδὴν
854 1923 985 1998 ἐτίθετο,
1020 1923 1105 2001 μετὰ
1142 1921 1193 2000 δέ,
1224 1919 1362 2000 ἄποινα,

172 2026 362 2105 ἀποενγεῖν,
394 2025 601 2109 ιὶμφιέπονοοι
626 2026 686 2113 (sic
711 2027 771 2113 leg.
799 2034 860 2106 lli,
886 2032 917 2092 2.
942 2045 999 2113 pro
1021 2027 1281 2116 ἀμφιπεσοῦσα),
1305 2033 1362 2110 φι·

173 2131 294 2207 λδπντοο
317 2132 468 2209 allerias,
492 2132 707 2210 δνλνοοιμένν,
732 2131 805 2200 alia.
852 2133 889 2200 lu
913 2131 965 2198 his
988 2141 1064 2198 suut
1090 2133 1219 2198 nomina
1245 2131 1361 2198 mulie·

175 2235 244 2302 bria
269 2234 345 2302 solis
369 2235 499 2302 lonihus
532 2245 607 2304 nota
639 2245 665 2303 t.
689 2227 855 2316 Elnrsslnn,
888 2243 920 2304 2.
944 2238 1133 2316 Πολυμήλη,
1161 2242 1210 2304 19.
1236 2237 1361 2320 Ἰφιμέ-

174 2342 244 2419 hun,
268 2339 341 2406 alia.
389 2340 521 2427 Siquis
545 2340 585 2407 ad
609 2340 687 2408 haec
715 2346 907 2408 t'srruraruu
930 2342 1080 2429 inspiciet
1104 2341 1363 2408 animadvertere

174 2448 295 2532 poterit
330 2445 430 2532 (quod
463 2446 568 2512 adhuc
602 2467 731 2526 onrncs,
758 2446 843 2533 quoti
879 2447 997 2526 sciam,
1034 2448 1227 2533 interpretes
1263 2446 1360 2534 largit)

174 2561 345 2632 auctores,
363 2571 444 2638 quos
461 2551 580 2620 videbit
600 2552 739 2639 singulis
757 2552 917 2640 capitibus
935 2552 1130 2638 adscriptos,
1149 2571 1211 2618 non
1233 2550 1273 2618 ah
1294 2553 1363 2638 ipso

175 2658 350 2724 Psnrnmro
385 2664 483 2724 testes
519 2677 589 2725 esse
620 2658 795 2737 adductos,
831 2656 886 2726 sed
922 2657 962 2724 ah
996 2656 1060 2724 alio
1094 2656 1231 2742 quodam
1269 2656 1363 2723 docto

175 2761 415 2842 Grammatico,
440 2763 497 2849 qui
521 2763 684 2850 indagavit
709 2761 793 2829 unde
817 2761 950 2829 historia
977 2780 1124 2849 quaeque
1147 2781 1166 2828 a
1190 2761 1363 2828 Psnrnnruo

175 2877 262 2936 essct
279 2877 399 2936 sumta.
442 2868 601 2936 Nonnulla
625 2869 766 2955 reperire
786 2887 850 2934 non
870 2867 993 2954 potuit,
1018 2868 1050 2932 in
1071 2865 1143 2932 aliis
1166 2865 1245 2932 alios
1264 2885 1363 2952 quam

176 2975 246 3060 ipso
269 2973 462 3040 Punrnrruus
493 2983 591 3041 testes
620 2973 780 3061 produxit.
828 2973 863 3038 ln
889 2973 994 3059 capite
1020 2976 1061 3038 13
1094 2970 1164 3057 lege
1187 2972 1363 3054 ’Δονοιὶδοις

175 3098 235 3166 pro
266 3077 442 3152 Δειιπιίδιις.
490 3078 524 3145 ln
556 3099 626 3166 cap.
656 3085 676 3146 8
705 3078 917 3146 vmurnilestum
950 3079 1013 3144 erit
1049 3076 1120 3144 illas
1152 3079 1363 3145 auctoritates

176 3183 217 3250 ah
241 3182 304 3249 alio
327 3203 397 3250 esse
417 3185 590 3271 appositas.
639 3184 770 3271 Reperit
790 3186 876 3251 enim
901 3183 1088 3259 historiam,
1110 3202 1207 3270 quam
1230 3184 1364 3251 Parrac-

177 3310 244 3355 urus
265 3297 396 3367 narrat,
420 3288 506 3376 apud
533 3292 750 3358 Anrsronauou
774 3289 964 3376 querrrtlam,
988 3289 1044 3356 scd
1068 3289 1203 3356 mutatis
1227 3289 1363 3355 nomini·

178 3394 257 3473 hus,
291 3403 327 3460 ut
356 3402 510 3482 appareat
539 3396 735 3462 Punrnruuuu
766 3415 828 3462 nou
863 3393 947 3461 hunc
979 3395 1035 3462 sed
1066 3395 1164 3460 alium
1198 3403 1364 3462 auctorem

178 3520 248 3568 esse
278 3508 440 3568 seculum.
471 3502 566 3584 ἱεορεῑ
590 3500 786 3583 Ἀριεόδιιμος
818 3501 1000 3582 δΝνσοιεὺε
1031 3501 1062 3566 ἐν
1091 3505 1122 3566 ον’
1152 3502 1265 3582 leopario
1295 3501 1362 3581 περὶ

177 3605 304 3684 τούτου,
335 3606 417 3681 πλὴν
439 3600 485 3672 ὅτι
513 3606 557 3672 τοὶ
586 3605 725 3685 ὀνάμενοι
755 3603 953 3672 ὑπαλλάττει
984 3606 1052 3672 ἀντὶ
1084 3606 1237 3688 Ἡριππινο
1260 3612 1363 3672 κοιλῶν

179 3711 355 3790 rosceto,
386 3709 439 3778 riv
473 3711 506 3776 δὲ
532 3710 691 3793 parumn
717 3711 883 3794 Κοινοὶοοιν,
909 3730 992 3797 quae
1022 3731 1086 3778 non
1118 3731 1189 3778 esse
1220 3709 1260 3776 ah
1294 3710 1366 3798 ipso

180 3817 352 3884 Psnrnnruo
375 3816 538 3904 adscripta
561 3815 633 3884 lucc
656 3815 778 3883 clarius
800 3824 860 3884 est.

223 3922 395 3990 Caeterum
424 3941 504 3990 usus
527 3921 705 3990 formarum
737 3923 920 3990 lonicaruru
943 3921 1028 4009 apud
1059 3921 1271 3989 Athenienses
1303 3941 1366 3987 non

181 4035 230 4095 est
255 4027 349 4114 plane
372 4029 548 4095 inusitatus
571 4029 605 4094 iu
629 4027 814 4095 nominibus
837 4026 1030 4114 quibusdam
1055 4029 1215 4115 propriis,
1240 4029 1272 4094 in
1298 4030 1368 4114 qui·

181 4131 318 4202 busdam
342 4132 424 4202 adeo
444 4142 552 4202 cartus
579 4143 628 4202 est
651 4143 683 4202 et
704 4141 876 4212 constans,
902 4140 938 4198 ut
961 4132 1024 4198 alio
1044 4130 1113 4200 loco
1135 4132 1368 4201 demonstrabi-

182 4258 271 4306 mus:
294 4259 385 4307 nuuc
407 4239 554 4327 Dialogos
577 4239 701 4307 Lucruru
723 4257 915 4326 percurrere
938 4258 1082 4325 pergam.

226 4345 263 4412 lu
293 4345 425 4434 Dialogo
456 4350 489 4412 4.
516 4349 534 4431 §
560 4353 590 4414 l.
622 4344 725 4412 οὐκέτι
753 4343 888 4421 cirasia,
918 4344 1031 4433 supple
1059 4343 1104 4410 col
1135 4344 1256 4423 σιἰνεςι,
1290 4363 1365 4412 mox

183 4449 273 4519 πέντε
297 4452 418 4535 προιιιὸς
441 4450 588 4520 εοὶλοιντοι
608 4451 842 4538 ἐπιφερομένην,
867 4460 1072 4540 praepostere
1091 4449 1214 4518 dictum
1239 4459 1287 4518 est
1307 4470 1365 4538 pro
