3150 4972
660 362 731 434 139

93 564 161 639 26,
194 565 226 628 lt.
261 557 432 641 ἐθαύμαζον
463 558 489 623 εί
522 556 665 636 ἐνόμισαν
697 557 800 634 λησειν
830 558 885 625 σιἰιι
907 557 1008 634 οθληθη
1031 555 1291 641 συγγροίφοντεο,

93 667 174 734 binc
198 675 289 734 certa
314 663 536 732 emendatione
563 665 690 730 restitui
716 671 818 750 potest
840 664 928 729 locus
949 667 1015 742 oa,
1044 667 1095 728 18.
1116 665 1142 728 oi
1156 663 1292 743 δὲμιίλσ

94 774 201 854 σεμνοί
227 773 282 840 καί
305 769 469 852 σκυθρωποί
494 769 673 853 φαινόμενοι
698 769 733 845 ἣν
756 769 865 843 παιδὸς
892 768 1000 850 ὡραίου
1024 768 1041 845 ἣ
1066 769 1211 847 γυναικὸς
1234 769 1293 836 nat·

95 867 218 962 βωνται
248 886 349 954 καλιῖο
381 874 398 952 ἢ
432 873 579 942 ἐλπίσωσι
612 879 730 941 σινιτῖιν
754 873 838 954 ἄξιον
862 870 912 940 ilc
935 880 1081 940 ποιοῦσιν.
1131 874 1292 962 interpre-

96 995 226 1052 tantur:
259 984 287 1050 ri
309 1002 443 1070 puerum
466 1017 511 1034 -
533 979 584 1045 uel
606 981 825 1048 nanciscantur
847 980 899 1046 rel
924 989 1054 1066 sperent
1076 981 1152 1067 quid
1176 981 1296 1068 [σοι’σιιι

97 1091 194 1158 silere
217 1089 410 1156 meliorest.
437 1087 589 1154 Facetum
614 1096 663 1152 est
687 1087 736 1153 uel
760 1096 892 1174 sperent.
920 1087 954 1151 ln
976 1097 1081 1164 καλησ
1102 1087 1119 1164 ἥ
1142 1087 1218 1154 latet
1241 1088 1294 1153 ecl

98 1199 223 1274 noireto,
247 1192 449 1260 simillimum
477 1201 528 1259 est
552 1193 799 1280 compendium,
825 1213 888 1281 quo
912 1218 953 1258 ειν
977 1193 1199 1278 significatur,
1223 1193 1295 1262 lite·

100 1321 157 1370 rae
179 1327 219 1380 η,
246 1298 331 1366 unde
354 1299 415 1365 isin
439 1306 471 1365 et
494 1298 547 1375 δη,
571 1299 686 1378 λαβεῖν
709 1307 741 1366 et
759 1300 849 1378 λαβη
870 1308 898 1366 et
922 1299 1040 1365 similia
1065 1319 1296 1388 saepenumero

100 1406 238 1476 contusa
262 1414 349 1472 sunt.

149 1513 194 1581 lle
225 1513 315 1578 vitiis
345 1509 557 1587 Graecitatis,
583 1509 701 1596 quibus
726 1510 874 1578 lucianus
896 1512 963 1598 ipse
988 1510 1126 1590 laborat,
1153 1514 1294 1580 noudum

99 1639 213 1706 agam,
234 1617 413 1702 insigniora
426 1614 513 1680 breui
529 1624 599 1701 post
612 1615 806 1683 collecturus
821 1618 851 1683 in
868 1637 987 1694 unuin,
1008 1637 1094 1684 nunc
1106 1617 1184 1684 vitia
1198 1638 1294 1705 quae·

98 1725 173 1792 dam
211 1722 388 1800 librorum,
420 1740 501 1806 quae
531 1721 647 1806 passini
672 1722 743 1788 eius
767 1724 943 1789 orationem
971 1724 1143 1809 inquinant
1166 1732 1199 1791 et
1221 1745 1296 1790 scu·

102 1831 238 1897 tentiam
264 1836 321 1893 aut
346 1824 534 1913 impeditam
559 1835 616 1892 aut
640 1827 783 1916 ineptam
814 1837 871 1894 aut
897 1830 988 1916 piane
1012 1828 1184 1896 absurdam
1211 1829 1295 1898 lece·

101 1945 202 2011 runt,
235 1933 384 2000 indicabo
407 1941 440 1998 et
463 1931 582 1998 tollam.
629 1933 766 2000 llaritus
790 1933 829 2000 de
855 1934 963 2000 uxoris
988 1936 1132 2021 nequitia
1156 1956 1296 2023 quereus

103 2049 164 2119 l'i,
194 2047 249 2108 51.
274 2041 318 2106 ita
343 2038 439 2105 dicit:
464 2039 524 2117 ε’γόι
549 2037 612 2118 γοὶρ
636 2038 705 2120 ὁρῶν
729 2039 846 2116 ταύτην
869 2040 970 2107 οὐκέτι
995 2047 1207 2124 σωφρονοῦσαν
1229 2044 1295 2111 οὐδὲ

101 2149 254 2230 μένουσαν
284 2148 335 2212 ἐτι
368 2150 421 2210 τοῦ
452 2144 579 2224 κοσμίου
603 2145 771 2226 σχήματος
795 2146 1080 2226 κοσμουμένην
1103 2149 1135 2214 δὲ
1158 2148 1210 2213 καί
1235 2150 1294 2224 τὰς

101 2257 218 2338 τρίχας
249 2252 462 2335 εὐθετίζουσαν
494 2252 523 2323 ἐς
556 2253 589 2318 τὸ
622 2251 769 2335 ἑταιρικὸν
801 2251 854 2317 καί
877 2252 987 2335 φυκίον
1008 2253 1220 2336 ἐντριβομένην
1242 2257 1294 2322 καί

102 2365 145 2430 rb
168 2361 323 2446 ίφθαλμθι
350 2355 461 2445 (scrib.
490 2357 683 2446 τώφθαλμὼ)
709 2359 967 2439 ὑπογραφομένην
992 2359 1057 2426 κτέ.
1082 2358 1221 2426 alienum
1247 2371 1296 2428 est
1386 2387 1388 2392 ·

103 2468 145 2536 ab
179 2464 366 2534 huiusmodi
393 2464 461 2529 loco
491 2463 714 2542 κοσμουμένην,
745 2464 841 2530 etiam
876 2463 991 2550 probae
1016 2473 1047 2530 et
1068 2465 1203 2550 pudicae
1227 2491 1295 2533 κοσ-

101 2580 235 2656 μσῡιται
267 2589 388 2639 omnes
437 2569 519 2652 Quid
551 2569 596 2634 sit
623 2573 803 2654 genuinum
837 2568 962 2636 docebit
993 2569 1173 2637 scribarum
1204 2593 1296 2640 error

102 2681 190 2748 idem
223 2680 258 2746 in
285 2675 395 2744 eadem
428 2694 463 2741 re
487 2676 679 2740 commissus
712 2681 769 2750 17,
796 2679 848 2741 56.
872 2674 928 2741 ulii
955 2686 1041 2743 recte
1066 2675 1175 2743 editur
1197 2699 1214 2744 e
1240 2682 1295 2745 tri·

103 2787 165 2854 bus
198 2785 290 2850 libris
321 2779 442 2862 μεταξὺ
474 2781 687 2861 κομμούμεναι
712 2780 764 2845 καί
788 2780 847 2853 τοὶς
872 2779 972 2860 κίμας
995 2783 1295 2863 ταρατλεκίμεναι,

102 2892 226 2960 caeteri
251 2909 362 2956 omnes
379 2887 585 2966 κοσμούμεναι
607 2885 804 2973 praeierunt.
832 2886 896 2953 lloc
914 2888 1020 2973 ipsum
1039 2895 1104 2966 est,
1130 2888 1213 2975 quod
1227 2911 1297 2956 sen·

103 3000 208 3066 tentia
240 2995 301 3062 loci
335 2993 492 3082 postulat.
526 2994 632 3079 itaque
663 2991 877 3072 conmunione
911 2995 1139 3072 restituemus,
1162 2996 1296 3063 verbum

104 3108 139 3172 in
161 3125 199 3171 ea
223 3100 398 3168 retritum
423 3109 454 3166 et
480 3098 610 3164 bacinno
638 3098 845 3177 adamatum,
868 3099 922 3184 qui
948 3101 1144 3179 uncertain
1165 3111 1197 3168 et
1221 3127 1298 3185 κομ-

104 3213 248 3292 μώματα
271 3209 303 3273 in
328 3204 465 3291 eleganti
491 3203 676 3291 metaphora
703 3208 809 3288 posuit
830 3208 893 3280 an,
918 3206 936 3290 ς
958 3209 977 3272 8
999 3213 1031 3272 et
1046 3211 1105 3285 40,
1129 3208 1299 3290 undenae.

104 3309 236 3399 μώτριοιι
269 3311 457 3379 notissimae
489 3310 609 3376 Atticis.
656 3309 804 3376 Eximius
836 3317 885 3376 est
915 3309 954 3375 ad
978 3309 1055 3378 baec
1080 3313 1298 3382 confirmanda

106 3423 195 3490 locus
220 3421 254 3486 in
280 3419 429 3484 Petronis
456 3415 570 3502 Gorgia
595 3435 625 3502 p.
653 3419 717 3482 tae
737 3415 769 3482 ll.
795 3414 884 3498 Quod
904 3418 1085 3500 τώφθαλμώ
1106 3417 1210 3487 obiter
1231 3441 1299 3488 oor·

110 3527 281 3616 rigandum
313 3544 383 3592 esse
415 3521 557 3588 diximus
579 3519 745 3588 sciendum
771 3529 820 3588 est
843 3520 991 3589 librarios
1015 3533 1170 3612 perpetuo
1192 3546 1301 3595 crases

109 3645 140 3702 et
169 3633 342 3710 elisiones,
375 3628 493 3716 quibus
519 3628 651 3695 Veteres
672 3636 704 3694 et
729 3626 883 3695 Veterum
910 3629 1090 3697 imitatores
1114 3641 1301 3700 constanter

111 3743 141 3807 in
169 3736 331 3827 loquendo
363 3744 395 3802 et
428 3733 597 3802 scribendo
629 3732 822 3809 utebantur,
856 3733 1014 3802 resolvere
1045 3743 1079 3803 et
1102 3736 1228 3825 explere
1252 3760 1300 3805 so·

110 3848 191 3926 lere,
224 3865 289 3932 quo
321 3841 401 3908 nibil
434 3841 596 3927 ingratius
627 3839 773 3908 occidere
804 3848 905 3927 potest
929 3840 1064 3907 auribus
1089 3843 1302 3914 nitidissimae

110 3949 335 4041 compositioni
365 3947 517 4034 antiquae
541 3948 689 4013 assuetis.
738 3945 773 4012 ln
800 3947 901 4034 poetis
925 3966 1036 4014 omnes
1059 3950 1213 4016 continuo
1237 3973 1301 4019 sar-

110 4063 200 4128 ciunt
231 4056 405 4131 damnum,
438 4071 500 4118 non
534 4053 610 4120 item
646 4052 679 4117 in
710 4053 865 4130 caeteris,
899 4072 1094 4140 quamquam
1121 4057 1303 4143 scripturae

111 4177 255 4236 ueterum
290 4161 447 4228 libroruin
476 4166 509 4226 et
545 4159 706 4245 imprimis
729 4165 876 4224 vetustae
899 4159 1101 4245 corruptelae
1125 4167 1304 4233 sexcenties

111 4276 205 4342 istam
231 4267 380 4336 fraudem
406 4272 561 4351 arguunt.
610 4263 662 4330 Sic
685 4262 929 4331 contunduntur
956 4263 1041 4331 κοίτιι
1065 4273 1097 4332 et
1123 4269 1211 4347 κιὶγιί
1238 4276 1302 4353 75,

112 4386 164 4448 te.
195 4375 282 4446 ccxci
306 4381 340 4440 et
361 4373 455 4438 κανεῖ
476 4375 536 4446 55,
562 4375 616 4436 bd.
645 4370 808 4436 τιὶτινίκια
831 4369 920 4436 abite
942 4369 1022 4440 solet
1046 4370 1077 4436 in
1102 4374 1144 4438 rol
1168 4378 1304 4458 τινίκια,

112 4484 226 4554 deinde
257 4477 448 4568 superuenit
470 4476 573 4555 alius,
597 4475 653 4562 qui
676 4475 720 4542 τα
740 4475 868 4546 τιιιίκιο
894 4474 1008 4544 stolide
1030 4478 1197 4558 rescribit,
1223 4501 1304 4567 quas
