3204 4978
707 331 710 338 ¹
750 377 816 450 arr

357 576 390 642 τέ
411 569 460 640 οὖν
484 573 577 641 πλέον
601 578 760 654 τοιοῶμεν;
779 569 872 639 οὐδέν.
897 573 914 648 η
938 571 1022 649 λύπη
1046 571 1073 637 δ’
1097 571 1165 654 έχει

356 677 454 759 ῶσπερ
478 678 520 744 τὰ
544 677 648 761 δένδρα
672 684 762 746 τοῦτο
787 677 986 762 expalmat
1011 675 1138 760 δάκρυα.
1404 763 1411 770 ἱ

197 785 374 875 Respondit
398 785 499 852 lector
523 783 639 872 aliquis
660 783 760 862 οὐδέν,
784 783 868 871 quod
894 803 1091 871 quamquam
1116 784 1223 871 inepte
1245 781 1389 850 abundat

196 904 226 962 et
252 913 382 962 versum
408 889 551 975 iugulat,
578 898 686 955 tamen
704 908 806 960 ,nemo
830 908 930 956 ausus
955 897 1004 957 est
1027 889 1206 956 eliminare.
1255 887 1390 958 lliffiuile

195 1001 338 1070 estsine
368 999 437 1064 risu
460 994 566 1081 legere
590 997 623 1060 in
650 993 777 1060 Sromnr
801 993 955 1084 Florilop.
981 995 1037 1066 lV.
1060 1002 1101 1063 47
1122 1003 1283 1064 oratorem
1310 995 1388 1064 haeo

195 1107 373 1176 dicentem:
405 1107 494 1169 τοῦτο
525 1101 588 1183 γὰρ
623 1103 724 1168 αὐτῶν
758 1101 812 1169 καὶ
847 1101 938 1180 μόνον
972 1111 1011 1187 τῇ
1047 1103 1217 1186 προαιρέσει
1247 1101 1390 1184 τρέσεειν

195 1211 316 1292 ἀγαθόν
348 1210 435 1298 [ὅπερ
475 1207 520 1277 ε’ςὶ
558 1205 687 1287 μέγιςον
730 1214 789 1272 τῶν
816 1208 930 1296 κακῶν]
964 1206 1011 1274 ὅτι
1047 1210 1113 1291 τερ)
1146 1207 1184 1276 ῶν
1220 1209 1389 1292 τρέπουσι

195 1323 295 1389 κακῶς
324 1316 377 1383 καὶ
410 1311 687 1395 ταρρησιοέζονται,
731 1313 938 1400 importunus
978 1313 1172 1390 monaehuS,
1210 1322 1245 1381 ttt
1279 1315 1388 1393 videa,

195 1444 287 1492 stram
320 1422 513 1488 sententiam
547 1420 741 1506 interponit,
777 1419 861 1506 quod
886 1421 1015 1506 saepius
1040 1421 1073 1486 in
1100 1431 1238 1509 utroque
1262 1421 1388 1490 Sroarnr

194 1550 290 1617 opere
312 1527 433 1595 lactum
459 1532 520 1593 est.
570 1523 834 1592 Adrruirabundus
854 1524 970 1611 aliquis
989 1525 1162 1614 adscripsit
1180 1526 1219 1594 ad
1243 1525 1388 1613 pulcher·

196 1639 315 1704 rimam
348 1635 452 1701 locum
489 1632 618 1698 Teneris
653 1633 689 1698 V.
714 1635 755 1698 67
783 1651 854 1718 pag.
880 1636 963 1712 tua,
991 1631 1043 1697 uui
1070 1635 1220 1700 morituri
1246 1633 1389 1700 Socratis

195 1741 376 1810 constantia
403 1737 569 1804 landatur:
595 1733 648 1820 ὅρα
668 1739 786 1822 σχολην
804 1737 857 1804 καὶ
879 1737 1033 1805 παιδείαν.
1057 1741 1197 1818 ἡμεῖσδὲ
1221 1737 1389 1807 nantino

194 1847 306 1927 ἴδωμεν
330 1846 546 1927 τεφρέκαμεν,
571 1851 603 1910 et
628 1851 697 1931 pust
723 1863 824 1930 paura
854 1845 943 1926 ταχύ
967 1848 1002 1924 γ’
1024 1844 1062 1912 ῶν
1089 1846 1142 1913 καὶ
1167 1849 1250 1926 ημῶν
1277 1871 1325 1920 τις
1349 1845 1388 1913 ῶν

194 1955 371 2034 κοιμηθείη,
412 1962 442 2018 et
481 1952 513 2016 iu
552 1949 613 2015 tiue
651 1947 705 2031 ὅρα
741 1950 896 2018 ταιδεέαν.
944 1949 1036 2038 Apud
1079 1952 1245 2019 Dronrsruu
1282 1952 1386 2018 Hauru.
1415 1991 1421 2004 -

195 2061 233 2128 ll.
262 2065 303 2128 13
329 2057 435 2126 sorita
460 2054 738 2142 Constantinopoli
760 2053 967 2144 adscripsitt
992 2057 1045 2125 καὶ
1069 2061 1095 2124 oi
1116 2063 1166 2124 νῦν
1189 2057 1388 2138 κατέςησαν,

194 2184 277 2253 quiae
302 2163 398 2231 verba
423 2163 563 2251 pessime
590 2163 727 2228 limansu
751 2162 929 2230 orationem
952 2163 1090 2230 mediam
1111 2163 1282 2232 dirimunt.
1320 2163 1388 2232 Non
1456 2159 1460 2165 ’

195 2273 304 2338 minus
323 2271 529 2358 perspicuum
552 2279 600 2334 est
621 2267 706 2334 Vlll.
730 2273 771 2336 te
794 2267 961 2355 abaliquo
983 2269 1080 2336 soiolo
1100 2290 1170 2336 esse
1187 2268 1387 2358 adscriptum

200 2375 314 2465 [ἱκανὸν
348 2375 554 2459 παράδειγμα
584 2374 638 2441 καὶ
670 2375 809 2460 einsidl,
842 2374 926 2462 quud
957 2375 1094 2444 mirilico
1125 2375 1230 2442 lunum
1264 2375 1387 2444 tttrbat.

197 2482 232 2548 lu
266 2482 434 2550 Pnumnonr
466 2483 538 2548 uitia
571 2501 686 2567 magna
719 2479 948 2548 emblematum
984 2483 1074 2569 copia
1105 2480 1248 2569 legentes
1280 2481 1387 2550 ludifi-

194 2597 299 2656 oatur.
346 2586 503 2656 Nonnulla
534 2606 723 2674 expromere
756 2587 859 2652 iuvat:
894 2587 926 2652 in
964 2587 1082 2654 Theseo
1121 2607 1193 2675 eap.
1222 2594 1263 2656 18
1292 2590 1387 2656 κατέ·

193 2697 302 2776 βαινεν
331 2691 404 2779 ἕκτη
434 2695 527 2774 μηνὸς
567 2693 630 2782 [tut
669 2691 847 2778 έοέλασσαν]
881 2693 1028 2773 έςαμένον
1060 2701 1297 2776 Μουνυχιῶνος,
1331 2716 1387 2782 po·

192 2803 299 2869 tuitne
330 2801 472 2886 ineptius
502 2820 598 2887 quarn
631 2799 696 2866 illio
731 2799 850 2865 inseri?
875 2820 944 2886 cap.
971 2806 1024 2866 55.
1056 2799 1156 2882 έζητει
1180 2801 1249 2873 τοὺς
1271 2802 1386 2884 ἀγροὺς

192 2907 390 2986 ατολαβεῖν,
417 2915 451 2972 ut
476 2904 562 2993 apud
595 2905 817 2972 llraosrunnru
842 2903 1043 2971 ostendimus
1067 2905 1166 2988 ἐζητει
1200 2916 1310 2974 uatum
1335 2917 1386 2976 est

194 3033 233 3079 ex
264 3013 360 3096 ζηιτει
392 3009 498 3077 idest
529 3013 645 3095 ῶτρέτει
679 3019 710 3077 et
743 3009 990 3096 expungendum
1023 3019 1072 3076 est
1103 3013 1293 3093 ῶτολαβεῒν.
1347 3013 1383 3080 ln

193 3118 341 3205 Lpettrpo
371 3136 441 3204 eap.
474 3123 505 3183 d.
538 3115 707 3196 γενομένων
742 3117 774 3183 δέ
804 3116 906 3198 ὀρκιόιν
942 3115 1138 3204 [ὁμολογιῶν]
1173 3126 1207 3183 et
1245 3136 1315 3204 uap.
1350 3123 1383 3188 3.

193 3224 264 3299 τοὺς
287 3223 319 3290 δὲ
346 3230 404 3290 τῶν
437 3225 574 3307 ὀρφανῶν
611 3222 793 3312 [βασιλέοιν]
829 3222 1008 3304 έτιτρέτονρ
1032 3222 1270 3304 Λακεδαιμόνιοι
1294 3235 1386 3306 Προ-

194 3331 311 3405 δίκας
337 3328 499 3412 ῶνέμαζον.
550 3329 583 3396 lu
614 3328 726 3395 Solone
756 3346 827 3414 cap.
855 3333 910 3396 λθ.
945 3332 998 3411 ἐφ’
1033 3325 1100 3396 ὅσον
1135 3329 1281 3408 ἐξικνεῖτο
1318 3330 1384 3419 [καὶ

193 3435 321 3510 δυνατὸς
356 3431 404 3525 ἦν]
443 3445 482 3518 τῇ
525 3439 612 3519 φανῇ
654 3433 885 3519 φθεγξάμενος.
934 3435 969 3502 lu
1010 3435 1213 3503 Themistocle
1247 3456 1317 3523 oap.
1354 3443 1386 3504 6.

194 3543 246 3609 κα)
280 3546 385 3609 τοῦτον
421 3540 486 3629 [καὶ
516 3531 636 3615 παῖδας
664 3541 774 3629 αὐτοῦ]
809 3539 863 3606 καὶ
894 3541 993 3621 γένος.
1043 3540 1077 3608 si
1110 3540 1240 3608 dubitas
1270 3542 1386 3609 contir-

195 3648 297 3715 mabit
326 3657 357 3714 te
390 3647 607 3714 Dauosrununs
637 3667 666 3733 p.
695 3652 769 3714 itt.
821 3645 900 3712 lbid.
931 3667 1002 3734 eap.
1031 3651 1071 3713 12
1104 3649 1167 3714 οὶτὸ
1197 3653 1251 3714 τοῦ
1283 3672 1386 3716 κατα-

194 3755 353 3835 ςρῶματος
387 3749 510 3841 [alludet
537 3754 700 3839 τῆσνεὼς]
730 3752 930 3832 διαλέγεσθον
959 3761 992 3819 et
1023 3771 1093 3838 oap.
1122 3759 1163 3820 14
1194 3754 1224 3820 έν
1250 3755 1386 3841 [τραγῳ-

195 3859 261 3944 etp]
295 3857 440 3940 Πέρσαις.
489 3859 525 3926 ln
568 3857 692 3926 Pericle
734 3879 803 3945 oap.
842 3863 881 3924 13
926 3856 1009 3925 male
1042 3857 1151 3926 editur
1193 3860 1226 3926 in
1262 3861 1386 3928 Gnarrur

194 3963 391 4053 fragmento:

422 4135 436 4199 d
460 4130 690 4216 σχινοκέφαλος
715 4129 791 4205 Ζεὺς
815 4127 866 4198 ὅδε
889 4131 1092 4214 προσέρχεται

421 4237 587 4320 Περικλέης
610 4236 732 4320 τῴδεῖον
749 4237 810 4305 -έτὶ
834 4241 888 4304 τοῦ
911 4238 1030 4320 κρανίου

421 4343 502 4425 έχων
526 4345 630 4421 luridi
653 4343 819 4426 τοῶςρακον
842 4343 1041 4426 παροίχεται.

194 4495 279 4566 male
304 4496 446 4566 Manuaria
471 4493 516 4562 ill
538 4504 570 4561 et
603 4493 807 4578 inopinatae
836 4495 932 4562 metri
965 4493 1067 4563 lulora
1099 4495 1233 4566 addidit.
1282 4501 1382 4588 Lege:
