3208 4972
787 362 859 436 264

299 558 336 626 ln
360 557 435 625 love
461 557 619 648 Τιοροοάυ
644 561 701 636 44,
734 563 764 625 8.
786 557 889 637 ὀλίγον
913 554 979 624 loon
1000 561 1055 624 σοῦ
1076 561 1192 639 χρυσοῦ
1214 555 1440 636 άποςῖλβοισες

251 668 291 742 ύς
322 665 544 746 ἐπικεχρῶσθαι
576 665 629 732 καῖ
665 665 882 745 ἐπιρλυγάσύαι
918 665 1026 744 μύκον,
1061 662 1150 730 aliud
1184 683 1282 750 agens
1315 663 1441 729 Pirasc-

251 793 308 839 nus
340 772 381 838 ad
411 773 571 840 blocnmeu
604 795 636 860 p.
671 777 744 839 165.
778 771 1016 838 commendarit
1047 771 1266 851 ἐπκλυγάσῖαι
1296 789 1353 857 pro
1376 771 1440 836 ἐπο-

251 877 444 960 λυγάζεσύαι
471 891 503 947 et
534 901 591 968 pro
618 880 781 966 splendore
812 877 925 946 olludit
957 879 1135 966 coliyinem.
1182 879 1265 964 tege
1295 875 1440 957 ἔσαυγά-

253 986 368 1068 ζεσύαι.
404 987 507 1054 Codex
528 997 563 1054 M
583 1007 640 1075 pro
659 988 883 1070 ἐπικεχρῶσθαι
901 985 994 1052 allent
1013 985 1252 1052 memorabilem
1271 984 1438 1050 lectionem

251 1092 480 1176 ἐπικεχράνθαι.
528 1095 708 1177 Χραῖνεσύαι
740 1102 773 1160 ct
796 1095 1027 1176 ἐπιχραῖνεσύαι
1052 1113 1108 1180 pro
1131 1092 1265 1159 colorari
1289 1090 1439 1157 diceban·

249 1207 306 1266 tur
326 1201 421 1277 olim,
444 1199 592 1268 Graeculi
613 1202 688 1288 quia
706 1199 792 1268 bunc
815 1221 907 1266 usum
930 1200 1122 1286 ignorabant
1142 1198 1236 1265 solita
1257 1199 1439 1264 temeritate

251 1304 339 1374 aliud
363 1307 441 1394 quid
464 1307 504 1375 de
527 1329 586 1375 suo
608 1307 858 1375 substituebant.
883 1307 1024 1393 Insignis
1044 1315 1094 1373 est
1112 1305 1295 1374 emendatio
1314 1305 1439 1372 Reaenu

251 1413 284 1479 iu
308 1413 529 1481 bansronuanns
554 1415 729 1482 Ecclesiae.
755 1419 811 1482 64.

522 1521 723 1602 ἐχλιαινάροιρν
745 1523 846 1591 eecce
870 1521 943 1604 πρὸς
964 1522 1017 1588 τὸν
1040 1520 1132 1600 ἐρ’λιον.

248 1635 344 1693 acute
367 1628 453 1695 eruit
478 1648 586 1696 veram
612 1629 780 1696 lectionem
804 1650 821 1694 c
846 1629 980 1695 Bnnnnnn
1001 1627 1116 1695 Aneod.
1136 1627 1162 1694 1.
1184 1630 1247 1708 lb,
1273 1631 1327 1694 78.
1345 1625 1436 1710 χραῖ·

248 1735 350 1800 νεσύαι
379 1735 452 1818 πρὸς
483 1733 585 1811 dator:
614 1736 649 1801 τὸ
680 1735 849 1816 λεχύμενον
882 1736 938 1802 ὑπὸ
968 1743 1026 1802 σοῖν
1051 1743 1173 1803 πολλῶν
1197 1735 1348 1802 ἐπικαίειν
1366 1734 1439 1818 πρὸς

246 1837 344 1918 ἥλιον,
369 1849 402 1907 el
426 1849 538 1929 poetae
562 1841 702 1909 reddidit
727 1844 922 1927 ἐχραινύμκν.
958 1843 1117 1910 Similiter
1136 1842 1232 1910 verbo
1251 1842 1440 1925 ἐπιχραύνειν

245 1946 432 2016 utebantur.
479 1948 628 2014 Lucienus
657 1955 718 2026 47,
753 1956 787 2018 c.
812 1953 847 2016 ol
874 1958 966 2030 σῶμα
990 1952 1062 2032 πρὸς
1086 1954 1137 2018 σύν
1161 1950 1243 2030 ἥλιον
1267 1952 1298 2022 ἐι
1323 1952 1358 2016 rb
1380 1951 1440 2016 Al·

246 2054 376 2122 ύιοπικὸν
399 2053 646 2138 ἐπιχράναντες,
672 2056 881 2143 quamobrem
908 2058 1128 2140 ἐπικεχράνθαι
1152 2059 1256 2144 potior
1277 2057 1440 2143 scriptura

247 2158 385 2228 videtur.
433 2161 469 2228 Iu
505 2165 522 2248 §
553 2168 604 2230 15.
634 2166 848 2244 κασασύγιρσον
880 2166 992 2240 αύτούς
1026 2177 1120 2252 turpe
1152 2164 1268 2230 vitium
1300 2173 1349 2230 est
1381 2182 1440 2252 pro

246 2267 472 2348 κατασύχασον.
506 2272 524 2355 §
549 2274 602 2344 17.
635 2271 806 2354 περιμένειν
833 2271 863 2338 el
884 2295 914 2338 τι
938 2273 991 2338 καῖ
1018 2273 1079 2354 ἐρεῖ
1086 2321 1095 2350 ,
1121 2270 1190 2357 lege
1214 2269 1382 2352 περιμένειν
1406 2271 1441 2336 σι’

246 2376 298 2442 καὶ
328 2376 396 2458 ἐρεῖ.
422 2379 439 2460 §
465 2378 517 2441 at.
542 2375 626 2456 μύνοι
648 2378 711 2460 γάρ
733 2380 847 2458 ἐσμεν,
874 2387 906 2444 et
926 2376 979 2445 hic
998 2377 1133 2444 eutenda
1154 2378 1242 2444 edroi
1254 2377 1318 2458 γάρ
1330 2378 1439 2456 ἐσμεν,

244 2481 317 2549 vide
348 2501 445 2568 supra
478 2501 509 2569 p.
548 2485 621 2549 111.
656 2486 674 2569 §
707 2489 760 2554 25.
789 2485 859 2551 ἐπεῖ
889 2485 937 2564 σοι’
959 2509 999 2563 χε
1023 2487 1049 2552 el
1074 2484 1140 2564 ἐμοὶ
1166 2485 1214 2550 ἐπ’
1239 2483 1379 2561 ἐξουσίας
1402 2483 1439 2550 τὸ

244 2592 384 2671 πράχμα
416 2587 450 2665 ἦν
481 2587 574 2654 elaea
605 2588 664 2670 άν,
695 2589 764 2668 οἴει,
784 2591 854 2666 σούς
883 2592 1051 2674 ἱεροσύλους
1076 2588 1175 2674 πρῴην
1201 2591 1369 2671 άπελύεῖν,
1403 2600 1440 2658 ut

243 2693 365 2762 Graeca
389 2695 490 2761 oratio
515 2697 556 2762 sit
581 2703 612 2762 et
634 2697 767 2763 buonnno
786 2697 902 2784 digna,
930 2697 1007 2764 baec
1029 2699 1075 2764 ita
1095 2707 1171 2764 sunt
1193 2697 1438 2766 constituenda:

243 2802 311 2868 ἐπεὶ
341 2801 370 2869 ri
398 2805 432 2883 γ’
462 2804 511 2868 ἐπ’
544 2803 610 2882 ἐμοὶ
643 2804 678 2870 ri
712 2807 836 2887 πρᾶγμ’
868 2800 902 2879 ἦν
926 2805 1021 2872 lecal
1044 2807 1079 2885 μ’
1104 2803 1142 2871 άν
1165 2803 1217 2870 olet
1243 2806 1308 2872 κσέ.
1335 2808 1353 2891 §
1380 2810 1437 2873 53.

241 2908 276 2976 ol
297 2906 346 2976 ούν
371 2907 415 2975 ἐσι
438 2911 499 2992 xli
525 2918 619 2977 ποιεῖν
643 2910 765 2990 λοιπόν,
790 2931 938 2998 expunge
961 2914 1035 2994 χρύ.
1062 2915 1148 2997 §aa
1175 2912 1250 2977 άλλ’
1269 2907 1342 2994 ὅπερ
1364 2913 1440 2990 ἡμῖν

243 3015 455 3083 δυνατώτατον
485 3016 626 3105 (δυνατόν
659 3021 682 3083 Α
715 3026 748 3084 et
778 3018 931 3104 bennun.)
960 3037 1044 3085 corr.
1071 3017 1197 3084 δυνατὸν
1222 3015 1332 3097 μάνου,
1356 3017 1440 3104 quod

243 3123 345 3188 solum
373 3143 550 3207 possumus.
585 3126 603 3209 §
632 3128 684 3190 46.
717 3125 899 3199 πέπλευκας
932 3125 986 3203 ἤδη
1018 3124 1114 3204 ποσές
1148 3124 1201 3192 καὶ
1235 3123 1352 3190 πολλά.
1389 3125 1438 3190 s'ic

245 3227 310 3294 nb.
335 3229 455 3294 caeteri
480 3229 652 3307 πολλάκις,
675 3230 761 3316 quod
787 3251 899 3298 verum
923 3241 956 3298 et
979 3231 1157 3318 genuinum
1182 3239 1241 3296 est.
1279 3231 1314 3296 lu
1339 3227 1436 3298 Codd.

245 3354 282 3422 ea
308 3334 359 3398 vix
384 3333 632 3414 discernuntur,
667 3357 805 3424 iramque
829 3352 911 3404 πολλ
935 3338 1156 3424 suprascripto
1178 3335 1200 3402 ά
1223 3338 1356 3423 ponitur
1380 3357 1437 3424 pro

245 3441 415 3520 πολλάκις,
447 3443 655 3530 quamobrem
680 3465 773 3533 saepe
795 3447 892 3524 ὀλίγοι
914 3453 947 3510 et
971 3441 1129 3524 ὀλιγάκις,
1155 3451 1272 3511 πλεῖςα
1296 3452 1328 3509 et
1347 3457 1437 3509 πλει-

244 3547 335 3622 εάκις
358 3549 481 3617 videbis
506 3553 591 3618 inter
613 3570 647 3618 se
668 3555 865 3638 permutari,
893 3560 929 3618 ut
949 3553 980 3616 in
1003 3551 1257 3628 Dentonocte37‚
1271 3555 1324 3616 tit.
1339 3550 1437 3630 ὀλῖχα

242 3658 300 3739 μὲν
330 3663 453 3738 λαλῷι,
486 3659 638 3732 πολλάκις
670 3659 695 3725 b'
727 3660 862 3736 άκούοιι,
892 3660 1000 3746 inepte
1033 3658 1066 3723 in
1097 3657 1208 3723 multis
1234 3656 1354 3743 legitur
1378 3676 1437 3744 pro

243 3764 359 3831 πολλά.
409 3769 426 3850 §
454 3771 508 3833 oa.
535 3769 624 3846 ἡμεῖς
649 3767 680 3832 δὲ
704 3767 736 3833 σῖ
757 3770 918 3846 ποιοῦμεν,
945 3784 1028 3830 corr.
1053 3770 1194 3843 ποιοῖμεν.

289 3871 328 3936 [tt
359 3871 484 3937 Somnio
517 3893 571 3938 teu
606 3873 696 3940 Gella
729 3879 792 3952 4ύ,
827 3877 856 3938 l.
887 3873 1078 3954 deiparentia
1110 3869 1284 3950 ἐλάλησεν,
1321 3889 1437 3938 revoca

242 3977 440 4059 άνύροιπῖνως.
474 3980 491 4063 §
517 3983 549 4046 4.
582 3983 669 4058 παῦ’,
700 3977 817 4060 lyaee,
849 3978 1069 4063 λοιδορούμενός
1098 4002 1162 4058 μοι.
1194 3979 1315 4064 optima
1339 3976 1437 4044 lectio

243 4080 379 4150 debetur
409 4083 467 4151 soli
499 4085 535 4150 Α.
567 4088 686 4153 caeteri
719 4107 829 4153 omnes
861 4087 961 4153 παύου
992 4085 1154 4153 exhibent.
1210 4083 1435 4152 Animadverti
1475 4123 1481 4134 ·

241 4188 326 4255 banc
346 4209 417 4256 esse
432 4199 630 4258 constantem
645 4195 854 4280 antiquorum
867 4191 1156 4270 consuetudinem,
1179 4198 1216 4256 ut
1228 4195 1311 4258 παῦε
1323 4190 1435 4258 dicant

242 4305 274 4362 et
299 4301 437 4377 παῦσαι,
463 4314 640 4385 numquam
662 4311 768 4367 autem
794 4299 895 4366 torma
915 4301 1016 4366 παύου
1039 4307 1192 4375 utantur,
1218 4316 1314 4383 qnam
1335 4299 1434 4364 inter·

242 4401 320 4469 dum
343 4404 492 4471 Graeculi
512 4425 551 4470 en
572 4427 630 4472 suo
652 4428 712 4473 usu
730 4409 943 4483 invenerunt,
972 4414 1007 4473 ut
1028 4405 1059 4472 b.
1072 4404 1094 4472 l.
1109 4402 1232 4470 lactum
1246 4423 1317 4471 esse
1332 4403 1432 4473 vides,

237 4507 276 4577 lu
301 4513 358 4592 67,
385 4499 440 4590 lb,
462 4515 492 4579 ⁰2.
516 4511 636 4595 παύου,
660 4511 682 4579 ὦ
704 4514 861 4591 τάλαινα,
888 4513 1061 4598 δακρύουσα
1082 4509 1212 4599 vulgata
1234 4509 1329 4578 lectio
1350 4519 1430 4581 erat
