3150 4972
832 323 877 394 86

251 521 455 602 nesciebant,
479 529 536 588 aut
560 517 725 607 prosodiae
749 539 811 586 nou
835 519 915 587 satis
940 537 1097 584 ιιιοιιιοτοο
1121 517 1169 586 vci
1189 520 1293 604 gnari.
1336 519 1430 586 Unum
1541 547 1542 587 ι

250 621 379 696 tantum
403 637 452 695 ast
476 629 509 693 in
535 625 593 692 boc
626 644 743 710 genere
774 625 913 702 vitium,
946 624 1030 711 quod
1065 625 1198 690 Lucrino
1230 624 1366 712 proderit
1387 627 1431 691 in·

252 733 389 800 dicasse.
414 739 477 812 52,
505 738 543 800 to
567 733 644 808 ἤπια
664 732 824 814 φάρμακον
844 730 1016 802 τάττοντες
1036 730 1213 811 ἐθεράπευον
1232 733 1302 806 τοὺς
1326 736 1431 797 νοσοῦν-

251 864 332 916 τας,
355 841 392 906 οὔ
416 840 587 910 λέοντας
607 837 659 902 eui
681 841 835 918 μυγαλᾶς
856 837 1096 919 περιάπτοντες,
1123 856 1183 901 uon
1207 835 1250 902 itii
1273 837 1372 904 iconas
1389 857 1433 904 ao·
1541 865 1542 902 ι

253 944 458 1030 protantibus
482 943 656 1029 alligabant
680 939 734 1008 scd
761 943 900 1009 leoninos
920 941 1040 1028 petico,
1073 941 1202 1028 opinor:
1231 963 1291 1008 uon
1316 943 1432 1016 λέοντας
1541 971 1542 1010 ι

255 1051 358 1134 igitur
377 1049 431 1117 scd
452 1055 592 1123 λεοντᾶς.
628 1048 746 1116 Eadem
772 1069 867 1135 opera
889 1049 1015 1134 corrigo
1036 1052 1098 1124 25,
1127 1054 1177 1114 10.
1196 1051 1251 1124 rip
1271 1048 1434 1132 Ὀμφάλην
1541 1065 1542 1117 i

253 1157 320 1222 τδν
343 1156 491 1223 λέοντα
513 1161 566 1222 τοῦ
591 1155 774 1236 Ἡρακλέους
803 1155 1091 1236 περιβεβλημένην,
1126 1153 1222 1220 credo
1245 1157 1301 1230 τίον
1323 1163 1435 1231 λεοντΐον
1541 1187 1542 1222 3

257 1281 369 1328 saurus
392 1283 473 1330 csse.
1541 1279 1542 1290 ’

304 1366 462 1436 uncinus
495 1377 530 1436 ut
561 1367 709 1448 δράματα
739 1375 771 1432 et
793 1374 918 1450 χρῖσμα
942 1385 960 1432 a
987 1366 1155 1433 laconismo
1186 1370 1306 1434 sumsit
1335 1368 1436 1433 iucau·
1541 1401 1542 1410 ο

258 1481 331 1551 tus,
357 1474 403 1540 sic
428 1493 524 1560 saepe
548 1472 643 1539 verba
667 1481 701 1540 et
726 1471 844 1537 [ornias
868 1473 1000 1538 vitiosus
1019 1481 1051 1538 et
1070 1473 1224 1558 pessimas
1241 1475 1437 1540 retimritaut
1541 1531 1542 1536 ,

260 1579 440 1653 revocavit,
463 1579 539 1644 oiim
561 1578 740 1644 doctiorum
763 1598 921 1644 consensu
942 1577 1111 1645 damnatas
1130 1587 1163 1644 et
1183 1581 1356 1645 maximam
1377 1598 1437 1666 par·

261 1693 325 1751 tem
349 1703 367 1750 a
406 1684 569 1751 brunonmo
593 1684 744 1750 abiectas.
795 1685 954 1750 brumas
977 1685 1138 1750 revocavit
1163 1689 1220 1761 tt,
1245 1689 1262 1772 ς
1285 1689 1338 1752 27.
1357 1707 1438 1750 σννω

258 1789 467 1879 τοδράσαντος
500 1811 556 1876 pro
579 1789 843 1871 σνναποδράντος,
876 1799 1064 1870 γηροκομεῖν
1087 1809 1145 1877 pro
1169 1801 1359 1871 γηροκομεῖν.
1383 1797 1438 1866 ii,

261 1898 316 1960 δά.
351 1896 552 1976 Συρακούσιος
586 1915 642 1980 pro
674 1895 857 1975 Συρακόσιος
891 1901 950 1974 20,
984 1900 1038 1961 34.
1064 1903 1280 1974 καταττῶμαι
1312 1917 1368 1984 pro
1389 1920 1439 1961 ιια·

259 1998 442 2080 τάττοιμαι.
482 2005 543 2078 id,
582 2007 633 2067 13.
670 2001 916 2074 διολισθαίνοντες
952 2021 1008 2086 pro
1043 2001 1290 2075 διολισθάνοντες.
1322 2007 1380 2080 tu,
1416 2011 1439 2067 i.

262 2105 516 2187 ίριτιρδιςάτονς,
549 2126 613 2193 qno
644 2125 706 2171 uon
731 2105 796 2171 vidi
821 2105 969 2172 stoiidiuo
1000 2105 1228 2174 Graeculorum
1253 2109 1368 2174 vitium
1393 2125 1442 2192 pro

262 2212 464 2292 ίριτνδέςονς.
497 2217 557 2288 54,
593 2218 645 2280 13.
679 2212 808 2293 νειφέτω
841 2232 897 2299 pro
927 2211 1051 2295 νιφέτω.
1076 2216 1137 2290 id,
1169 2216 1222 2278 26.
1255 2229 1440 2298 quarnqnam

264 2335 358 2384 tremo
383 2319 480 2396 civit,
511 2320 567 2405 qui
589 2318 698 2406 piures
721 2339 817 2404 qnam
846 2319 1003 2383 Βτιιιισιιωω
1025 2319 1169 2404 antiquos
1192 2318 1320 2386 codices
1344 2335 1442 2384 versa-

264 2423 310 2490 vit
332 2431 363 2488 et
389 2423 517 2511 saepius
542 2423 627 2491 bunc
651 2443 793 2490 errorem
818 2423 1063 2500 animadvertit,
1088 2426 1143 2510 qui
1168 2425 1200 2490 in
1225 2425 1443 2512 antiquissimo

262 2547 391 2615 quoque
414 2527 496 2596 libro
519 2531 699 2597 sexcenties
729 2530 880 2596 recurrit.
932 2529 1137 2596 Pnsncnnnms
1161 2529 1377 2616 fragmentum
1400 2535 1444 2594 est
1541 2603 1542 2616 χ

262 2633 348 2722 apud
373 2635 643 2704 Hnnrocnnrromu
669 2657 696 2702 ν.
722 2638 878 2719 καρκίνος,
902 2635 986 2720 quod
1014 2635 1172 2702 Benusnus
1195 2636 1239 2702 itn
1264 2637 1443 2704 coustituit:
1541 2619 1542 2630 ¹

443 2742 559 2810 ίπίταν
582 2741 762 2826 σχολάζῃς,
783 2747 886 2824 νεῒφον
908 2739 960 2808 ίνα
982 2742 1024 2807 τά
1047 2744 1123 2819 λιίια

443 2850 683 2933 σννιοαριιινωίῇ.

260 2951 389 3022 codices
412 2954 445 3020 in
469 2959 563 3035 νῆφον
585 2954 814 3032 consentiunt,
842 2953 994 3021 Vacemus
1017 2952 1105 3020 atiud
1129 2973 1228 3040 agens
1248 2955 1335 3034 νίψον
1354 2951 1445 3022 σοιτί·

262 3057 377 3144 gebat,
411 3068 528 3147 putans
557 3059 658 3145 ιὀιίρο
688 3060 735 3124 sic
766 3059 829 3124 dici
862 3079 963 3146 posse.
1014 3059 1096 3146 boge
1119 3067 1222 3142 νῖψονο
1249 3062 1360 3127 nescio
1380 3057 1446 3145 quis

263 3163 342 3249 petit
366 3163 406 3230 ab
430 3164 519 3243 Ιονιι,
556 3173 591 3229 ut
612 3165 714 3230 ninom
746 3164 820 3230 coiit
844 3166 1011 3232 inomittorr
1040 3167 1126 3232 sotir.
1175 3165 1275 3252 Saepe
1308 3166 1385 3233 vitia
1412 3163 1446 3230 ti-

264 3266 394 3336 brorum
416 3279 560 3337 veterum
584 3269 806 3337 emendaturis
826 3270 967 3356 proderit
989 3273 1174 3340 meminisse
1194 3269 1445 3339 bartccssescri·

262 3373 376 3442 barum
401 3374 683 3452 cousuetudinem,
708 3385 744 3442 ut
767 3377 803 3442 in
827 3375 995 3444 Pnurnncnr
1019 3376 1111 3464 Spita
1134 3397 1205 3464 cap.
1230 3376 1277 3444 vt.
1299 3379 1312 3444 i
1337 3378 1446 3457 Βόκχος

261 3481 304 3562 τῷ
318 3481 430 3568 Σάλλρι
442 3481 644 3566 χαριζόμενος
656 3482 834 3558 άνέίνιιεν
852 3481 929 3548 sind
935 3506 998 3556 νας
1017 3485 1101 3565 έντῷ
1114 3484 1299 3566 Καπιτωλίῳ
1312 3503 1447 3565 τροπαιο-

262 3587 391 3670 φίροος,
412 3597 504 3657 vetus
526 3588 678 3656 mendum
700 3591 731 3655 iu
753 3597 1177 3655 ANeoHKeNeiKONAc
1198 3587 1287 3656 iatct.
1319 3588 1447 3656 Pcurnn·

261 3713 337 3760 cous
360 3696 491 3783 scripsit
514 3695 640 3772 άνέίνοιε
664 3696 786 3773 Νίκας,
810 3694 892 3780 qnod
914 3693 989 3760 oiim
1013 3693 1060 3758 sic
1081 3693 1264 3760 scribebant
1288 3701 1446 3762 ΑΝΕΘΗ·

262 3807 486 3869 iteNeittAC.
535 3800 581 3867 Ne
605 3801 679 3887 quis
702 3798 851 3866 dribitarc
874 3802 992 3888 possit,
1023 3797 1104 3864 dabo
1135 3797 1353 3866 fideiussorem
1381 3799 1447 3865 Pto·

169 3913 172 3918 '
261 3923 397 3974 τοιοῦτον
430 3907 535 3994 ipsum
570 3907 602 3972 in
634 3904 735 3972 Morio
766 3927 835 3995 cap.
861 3910 914 3974 52.
962 3904 1080 3986 Βόκχος
1110 3907 1261 3985 tuopte
1293 3905 1399 3982 έσνρσεν
1420 3903 1448 3968 έν

263 4013 451 4094 Καπιτωλίῳ
471 4015 574 4087 Νίκας
594 4012 842 4096 τροπαιοφόρους.
878 4013 913 4079 ln
938 4012 1082 4080 eiusdem
1106 4013 1171 4078 viia
1193 4011 1332 4099 Lycurpt'
1352 4033 1379 4078 c.
1400 4011 1447 4075 to.

264 4114 340 4184 binc
364 4128 439 4185 nata
464 4131 510 4187 est
537 4119 700 4207 scriptura
724 4119 808 4195 οίλνν
831 4139 889 4206 pro
912 4119 998 4196 ίλιρν,
1022 4117 1198 4205 cademque
1222 4119 1311 4204 origo
1335 4125 1383 4184 ast
1406 4115 1447 4180 ri-

264 4222 383 4290 tiorum
409 4225 442 4291 iu
467 4223 652 4294 uotuinibus
672 4226 813 4312 propriis
832 4223 846 4288 d
866 4224 994 4298 Πείσων,
1016 4225 1030 4291 i
1053 4224 1190 4304 Δείδιος,
1212 4225 1226 4289 d
1246 4232 1365 4305 Λεῖριο,
1390 4219 1447 4286 aiin

263 4330 434 4414 permulta.
483 4332 519 4400 ln
552 4330 718 4400 codicibus
750 4333 859 4396 minus
890 4331 1034 4418 antiquis
1064 4331 1261 4417 frequentior
1284 4329 1382 4396 ctiam
1404 4332 1449 4392 est

262 4441 446 4510 contrarius
477 4464 588 4524 error,
623 4452 658 4511 ut
692 4426 946 4522 ἑῖἰιιῖοίιοοι,
981 4443 1013 4506 in
1038 4462 1099 4528 quina
1125 4461 1159 4508 re
1184 4443 1263 4509 nihii
1289 4448 1450 4507 morantur
1541 4531 1542 4536 Ἰ
