3086 4974
668 357 741 430 cto

111 563 143 622 et
165 552 397 622 contumeliose
417 554 612 643 exprobrare
640 555 708 621 irae
732 553 897 641 impotem.
946 555 1114 623 Praeterea
1138 555 1305 644 aliquanto

111 661 220 728 acrius
255 663 370 750 pnngit
400 675 453 727 ont
492 683 531 727 ne
572 671 732 750 exspectas
765 661 909 748 quidem,
951 681 1049 750 qnam
1094 661 1301 730 maledictum

111 765 288 854 quodlibet.
882 813 886 824 .

157 871 273 942 cicero
295 871 336 940 ad
359 874 504 942 Atticum
528 877 553 940 Ι.
582 877 634 940 tu.
659 877 676 960 ς
698 875 728 940 5.
751 873 862 940 XXXI.
887 874 1038 965 (iudices)
1062 879 1211 962 struunt,
1228 895 1306 962 patos

111 981 214 1066 sumes
241 981 343 1067 mopis
374 1001 469 1066 quone
499 983 588 1068 sumo
617 989 843 1047 commoneret:
880 1001 1012 1067 qnorum
1050 981 1178 1047 Catulus
1206 1001 1305 1068 quum

111 1085 240 1152 vidisset
258 1086 413 1173 quendam
435 1085 542 1179 Ι»οιιίιί
565 1107 637 1165 vos,
659 1087 783 1174 inquit,
803 1085 1002 1173 praesidinm
1028 1107 1046 1153 a
1072 1085 1162 1152 nobis
1194 1099 1305 1174 postu·

111 1189 247 1258 iubatis?
273 1212 313 1259 an
341 1212 379 1260 ne
404 1194 529 1259 numrrri
559 1193 650 1259 robis
678 1193 883 1280 eriperentur
915 1191 1115 1282 [timeantur
1151 1193 1301 1280 Expunxi

112 1295 187 1366 olion
212 1297 368 1366 timebatis
395 1299 548 1366 binemus.
581 1296 670 1366 Viii.
705 1319 777 1385 pap.
806 1303 882 1366 ibt.
923 1297 1021 1386 Opem
1053 1297 1117 1366 icrt
1141 1299 1221 1366 mibi
1246 1301 1307 1367 Se·

113 1422 191 1470 neca
216 1404 316 1492 Epist.
338 1409 393 1473 97.
418 1411 436 1493 ς
457 1409 491 1474 u.
531 1404 643 1493 Itaque
665 1405 823 1494 elepantos
846 1405 914 1472 iilis
939 1404 1067 1472 Gntuirss
1089 1405 1229 1472 absoluto
1251 1427 1304 1474 reo

113 1507 218 1589 »Quid
243 1531 313 1588 ros,
332 1511 455 1598 inquit,
474 1510 671 1599 praesidium
692 1529 711 1577 a
734 1509 825 1578 nobis
845 1509 1024 1598 petebatis?
1051 1531 1091 1578 an
1117 1531 1156 1579 ne
1177 1515 1303 1579 nummi

113 1614 203 1684 robis
225 1616 451 1705 eriperentur?

157 1722 269 1790 Cicero
292 1725 325 1789 in
349 1722 475 1790 duabus
499 1723 664 1810 epistolis,
689 1722 824 1790 fortasse
844 1722 954 1791 endem
975 1722 1027 1791 die
1047 1724 1196 1812 scriptis,
1218 1724 1302 1794 idern

113 1827 227 1896 iisdem
253 1829 359 1897 uerbis
383 1839 415 1898 et
435 1828 475 1898 ad
502 1831 648 1898 Atticum
667 1836 700 1897 ot
721 1821 761 1896 ad
784 1828 941 1910 Quiritum
962 1829 1096 1898 fratrem
1117 1831 1304 1919 scripserat.

113 1934 160 2002 Ea
184 1934 281 2003 verba
313 1937 346 2001 in
381 1949 518 2023 utraque
549 1933 682 2025 epistola
715 1935 833 2002 citium
866 1945 1084 2024 conceperunt
1114 1936 1169 2004 sed
1199 1937 1306 2005 direr-

113 2061 197 2109 sum.
234 2041 347 2129 ltaque
370 2041 505 2110 aiteram
530 2062 567 2110 cx
592 2041 693 2109 altera
718 2050 806 2108 certa
830 2043 1029 2110 correctione
1049 2040 1304 2111 emendabimus.

113 2147 160 2215 Asi
196 2147 340 2215 Atticum
377 2147 431 2216 tv.
468 2154 520 2216 lb.
558 2152 633 2234 Se.
667 2147 746 2215 baec
778 2147 906 2215 scribit:
947 2147 1119 2216 Tribunicii
1148 2148 1306 2216 conbusti

112 2254 258 2321 iurarunt
281 2255 467 2320 scorbinio
491 2253 795 2343 Ontonispetitnros.
844 2252 937 2341 Apud
957 2276 1027 2321 enm
1056 2253 1117 2322 HS.
1149 2255 1306 2342 quiupeno

112 2359 339 2446 deposuissent,
372 2355 407 2426 ut
440 2361 536 2448 qnia
572 2359 685 2426 Catum
708 2360 874 2427 damnatus
907 2371 986 2427 osset
1014 2361 1048 2427 id
1075 2361 1229 2447 perderet.
1260 2397 1306 2410 -

114 2464 177 2532 Sed
200 2464 242 2530 ori
264 2473 422 2533 te-tota
441 2467 566 2534 comitio
581 2467 791 2555 perscribam·
815 2489 894 2554 quoe
917 2468 962 2544 si,
986 2475 1021 2534 ut
1040 2475 1206 2554 portantur,
1229 2489 1304 2556 pro·

116 2572 193 2638 tuito
216 2571 337 2660 suerint
354 2572 430 2658 pius
452 2595 536 2640 unus
559 2573 633 2640 Coto
653 2575 787 2672 potuerit
809 2581 908 2672 quoni·
923 2593 1019 2640 naurs
1042 2593 1153 2649 aurora
1176 2575 1302 2641 iudices.

116 2678 165 2746 no
190 2679 346 2761 Quintum
379 2679 526 2748 Fratrem
553 2679 648 2748 iaaec:
679 2679 717 2746 ΙΙ.
753 2685 807 2746 us.
837 2686 855 2767 §
880 2684 911 2746 i.
946 2678 1117 2746 Tribunicii
1148 2680 1305 2747 candidati

113 2786 391 2874 cornpromiscrnnt
414 2786 475 2853 HS.
500 2786 665 2874 puinpenis
686 2788 720 2853 ia
742 2785 884 2874 sinpuios
907 2785 993 2872 opacat
1016 2784 1060 2853 Μ.
1087 2785 1231 2853 Catonem
1250 2785 1304 2851 tic·

110 2893 223 2978 positis
241 2902 347 2980 petere
368 2893 435 2959 eius
453 2893 627 2973 arbitratu,
652 2901 686 2958 ut
709 2893 765 2980 qui
783 2905 888 2960 contro
906 2892 1030 2980 [censat
1048 2891 1087 2958 cb
1109 2913 1143 2958 co
1162 2891 1305 2959 condem-

112 3009 252 3066 naretur.
306 2998 390 3075 Onne
412 2999 537 3086 quidem
562 2998 693 3065 Comitio
714 3000 743 3065 si
764 2999 901 3087 pratnito
924 2998 1060 3086 sonunt,
1084 3007 1118 3063 ut
1137 3007 1305 3086 putentur,

110 3105 186 3191 pius
207 3125 289 3171 onan
311 3123 387 3172 caro
409 3123 515 3170 rurarr
534 3126 629 3191 quom
647 3127 752 3172 omnes
772 3105 856 3193 lepos
875 3125 1041 3190 omnesque
1063 3104 1190 3170 iacdiccs.
1221 3103 1307 3172 sotis

113 3209 187 3278 tuoe
209 3210 331 3278 clarius
353 3219 403 3276 est
426 3211 457 3277 iu
482 3209 535 3277 iiia
559 3211 693 3298 epistoia
719 3231 777 3299 pro
796 3231 894 3278 ounrs
916 3231 1028 3288 nornen
1050 3210 1169 3277 iudices
1191 3229 1303 3279 vuum

114 3337 187 3386 esse
213 3337 311 3386 οιιιιιι
346 3336 437 3384 conns
469 3337 624 3394 oumsnor
654 3318 790 3396 iudices,
821 3327 853 3385 et
878 3317 910 3383 in
944 3315 1003 3386 bac
1034 3335 1306 3404 procrearentur

115 3422 344 3510 corrigendum
373 3443 449 3490 asro
479 3443 633 3491 mrocarr.
682 3424 765 3491 Sunt
795 3422 1019 3490 huiuscemodi
1051 3421 1111 3490 ioci
1143 3421 1306 3510 imprimis
1390 3459 1394 3468 ·

114 3529 327 3598 sebastenus
349 3528 390 3597 ad
414 3549 482 3597 rem
507 3529 811 3618 palaeographicarn'
832 3539 866 3596 et
887 3532 974 3598 uisrn
995 3537 1178 3617 monstrant
1197 3528 1237 3596 ad
1259 3529 1306 3595 in·

116 3636 304 3723 vestiganda
338 3645 463 3704 vetusta
496 3636 652 3724 quaedam
686 3635 842 3704 iiiuornm
875 3638 953 3704 ritis
976 3635 1087 3704 eodem
1112 3633 1208 3700 nouo
1230 3632 1305 3701 alirn

118 3751 203 3810 nata.
227 3741 348 3830 Nempe
370 3752 421 3811 est
444 3743 477 3810 in
498 3742 672 3811 codicibus
692 3743 824 3810 Graecis
847 3753 896 3822 et,
916 3753 954 3810 ut
977 3743 1140 3831 suspicor,
1164 3742 1196 3807 in
1222 3739 1307 3807 bati·

116 3849 169 3914 nis
199 3867 325 3936 quoque
357 3849 514 3938 quaedam
546 3847 699 3939 peccandi
735 3848 834 3916 veluti
866 3850 1046 3918 constantia
1072 3847 1241 3937 solentque
1263 3847 1307 3915 sci

114 3953 202 4021 αὐτὰ
225 3955 293 4038 aspi
324 3957 367 4023 sci
397 3956 482 4024 abab
511 3953 721 4038 enantion,
754 3964 787 4022 et
818 3975 882 4043 quo
913 3957 986 4042 quis
1011 3954 1102 4043 plura
1125 3953 1308 4043 degenere

114 4059 176 4128 boc
200 4069 258 4128 aut
281 4061 349 4149 ipse
374 4063 530 4150 repererit
553 4069 611 4129 aut
634 4061 674 4128 ab
696 4060 899 4149 aiioreparta
919 4062 951 4128 in
967 4069 1094 4147 promtu
1116 4059 1252 4141 babeat,
1269 4081 1309 4130 eo

113 4165 155 4234 ari
189 4185 303 4234 rerum
340 4166 569 4236 inveniendum
607 4165 732 4234 accedit
771 4169 923 4256 paratior.
970 4167 1071 4236 Nemo
1100 4176 1150 4234 est
1185 4169 1237 4234 cui
1273 4168 1307 4238 in

116 4271 235 4341 talibus
270 4282 327 4340 aut
362 4274 435 4361 pins
478 4273 611 4342 debeam
644 4282 701 4340 aut
731 4272 804 4361 plus
837 4275 977 4342 tribuam
1016 4292 1113 4361 qnam
1146 4271 1319 4360 Madvigio'

114 4387 147 4447 et
170 4377 247 4446 aiibi
274 4383 307 4446 e't
332 4381 523 4467 praesertim
551 4381 584 4447 in
610 4378 888 4450 Emendationibus
911 4377 1065 4449 Liuianis.
1114 4379 1152 4447 in
1174 4379 1308 4448 Graecis

115 4503 247 4554 masona
277 4483 417 4573 polanam
450 4505 544 4554 nemo
571 4485 687 4576 eripiet
711 4486 767 4575 qni
792 4505 830 4556 ex
855 4487 901 4555 rei
926 4483 1209 4576 palaeographicae
1235 4483 1307 4550 diu-
