3086 4974
826 320 899 393 490

269 515 388 596 θροίποις
412 515 465 584 ucri
490 518 620 600 μετρίως
643 525 707 594 τοῖς
730 523 786 592 τῆς
810 515 930 591 πόλεως
953 513 1121 598 τροίγμοισι
1144 514 1377 597 χρησαμένους,
1398 513 1446 576 τῶν

270 623 301 688 δέ
325 619 543 703 οίτυχημείτων
566 623 714 690 οὶποίντων
737 622 933 702 Δημοσθένην
961 621 1180 712 [γεγενημένον
1203 623 1329 707 οιίτιον].
1363 619 1447 685 ttiror

272 731 305 794 in
332 726 386 793 teli
410 730 568 795 sententia
602 729 735 796 verbnm
769 729 939 812 προσδοκῶ,
973 729 1056 816 qnod
1090 745 1150 792 non
1185 727 1279 794 bnbet
1303 727 1403 792 iocum
1425 727 1449 789 ἐν

270 842 334 908 τοῖς
354 837 407 919 ἐφ’
421 837 506 913 ημΐντ
532 845 750 922 exspectamus
768 857 804 902 ea
828 855 911 922 ιρυοε
931 855 992 900 non
1013 843 1090 902 sunt
1111 836 1143 900 in
1158 833 1449 920 nostra'potestate‚

270 959 355 1028 quae
377 958 472 1028 qrrem
498 943 620 1008 exitum
646 949 703 1010 eut
726 951 876 1009 eventum
904 939 1054 1008 babituro
1074 941 1139 1005 sint
1161 942 1337 1007 nescimus:
1357 941 1450 1023 itaque

272 1045 460 1114 mendosum
480 1056 528 1114 est
548 1057 691 1136 conpecto
710 1069 760 1114 me
773 1047 930 1114 iudicibus
949 1069 1015 1114 eree
1027 1047 1324 1113 demonstraturum.
1345 1044 1449 1112 Verum

272 1173 342 1221 ease
366 1155 512 1240 suspicor
535 1153 617 1220 τοίνο
641 1163 723 1220 Mol
749 1164 877 1222 ΔΟΚΩ
906 1154 1076 1234 ἐπιδείξειν.

318 1257 437 1328 lieinde
469 1268 558 1327 nrcte
590 1267 666 1326 aunt
699 1259 922 1348 coniungenda
954 1260 1026 1334 σούς
1054 1259 1219 1336 Tetrade
1248 1260 1303 1328 eci
1328 1261 1396 1334 τοὺς
1418 1297 1452 1309 -·

271 1365 493 1449 χρησομένους.
542 1365 625 1448 Quid
650 1376 758 1433 autem
788 1387 825 1434 eo
859 1367 988 1434 borrrine
1019 1364 1120 1432 iacias
1143 1368 1199 1454 qui
1223 1365 1387 1434 addiderit
1409 1389 1452 1444 ηε·

271 1474 437 1555 νενημένον
461 1471 579 1538 cirron?
616 1470 699 1539 θίίιιι
732 1482 781 1540 est
815 1491 832 1539 a
863 1475 1000 1565 Τοηίοιο
1031 1471 1208 1561 explosum.
1257 1474 1399 1561 Appenni
1425 1479 1451 1536 nt

273 1579 394 1668 liquido
426 1587 597 1665 appareret
633 1598 729 1666 quam
768 1579 876 1645 intiies
909 1580 1140 1647 homunciones
1174 1577 1264 1644 nobis
1300 1575 1450 1666 praeclara
1499 1663 1500 1668 ἵ

273 1686 478 1772 antiquitatis
503 1693 711 1751 monumenta
736 1686 806 1752 suis
828 1686 959 1773 ineptiis
982 1684 1194 1772 sordibusque
1211 1685 1450 1772 inquinaverint.

320 1791 353 1856 Si
378 1789 451 1877 quis
475 1790 506 1855 iu
529 1789 620 1856 tibris
642 1800 707 1857 tarn
734 1789 892 1878 bogitiose
913 1790 1113 1879 interpolatis
1132 1799 1249 1858 cautus
1268 1801 1300 1858 et
1315 1791 1450 1879 suspicax
1499 1791 1500 1800 ²

273 1895 446 1983 diiigenter
476 1896 729 1964 consideraverit
759 1896 844 1984 quod
876 1898 1033 1984 scriptum
1065 1904 1113 1963 est
1138 1899 1169 1962 in
1196 1900 1214 1984 ς
1237 1902 1290 1964 58.
1317 1905 1451 1986 exspecto

275 2001 341 2068 iore
367 2011 401 2067 nt
427 2001 506 2068 mibi
531 2005 728 2070 assentietur
752 2002 858 2070 locum
883 2001 970 2070 bunc
995 2003 1038 2069 ita
1060 2005 1287 2071 constituenti:
1315 2006 1387 2084 ὑμῖν
1403 2003 1452 2084 pir

275 2107 427 2191 ἐξεγένετ’
451 2107 510 2187 νίν,
535 2105 556 2174 ὦ
579 2107 684 2193 ἄνδρες
706 2111 881 2189 Ἀθηναῖοι,
905 2111 961 2184 την
979 2111 1126 2192 προτέραν
1145 2111 1259 2193 είριίνην
1280 2112 1451 2189 ποιιίσσσίιι
1499 2175 1500 2186 ,

274 2215 359 2295 μετὰ
383 2220 479 2281 ιιοιυοῦ
502 2217 652 2299 συνεδρίου
676 2222 734 2283 τῶν
757 2219 913 2294 Ἑλλήνων
936 2218 989 2284 uni
1013 2217 1165 2298 προίοίντος
1188 2222 1242 2283 τοῦ
1264 2217 1376 2298 χρίνου
1395 2217 1451 2295 περ’

274 2321 401 2389 ἑιιίυτυν
430 2327 489 2388 τῶν
518 2324 675 2400 Ἑλλήνων
703 2323 959 2404 excucurrisse
984 2323 1299 2403 incuruiceruicum
1325 2327 1366 2390 Δ’
1388 2327 1451 2389 cirs-

274 2429 415 2510 sspriinrs
440 2429 491 2494 irai
521 2428 722 2522 Δημοσθένην
746 2429 800 2495 ucri
825 2429 1015 2514 Φιλοκράτην
1039 2430 1091 2496 eet
1116 2431 1176 2504 rior
1199 2430 1315 2497 τούτων
1346 2429 1450 2512 δωροδο-

271 2533 353 2610 ιιίοις.
400 2535 525 2621 Αθορυο
547 2535 619 2600 iatir
640 2535 772 2624 suisset,
799 2538 924 2624 inquit,
950 2557 986 2602 rr
1006 2539 1143 2624 priorem
1164 2559 1273 2624 pacem
1303 2559 1367 2604 υιιο
1396 2555 1452 2603 cun

271 2640 428 2707 communi
460 2641 647 2707 Graecorum
678 2643 808 2709 concilio
839 2665 1036 2731 componere,
1065 2663 1102 2710 nr
1125 2643 1307 2729 procedente
1332 2655 1452 2730 tempora

271 2769 291 2812 ο
318 2747 444 2815 Graecia
466 2733 639 2813 volentibus
660 2747 827 2834 imperium
845 2771 1029 2838 recrcperore
1049 2748 1234 2836 potuissetis.
1285 2749 1375 2816 Hane
1393 2765 1450 2814 sen·

273 2854 407 2920 tentiam
432 2862 499 2920 tam
524 2852 704 2940 simplicem
733 2863 765 2920 et
798 2858 843 2922 rei
873 2865 940 2922 tarn
964 2857 1206 2922 convenientem
1232 2855 1337 2923 eirena
1362 2852 1449 2921 motu

271 2980 290 3026 e
314 2959 391 3026 iocis
415 2960 532 3026 ricinis
555 2969 705 3045 congesta
731 2963 860 3049 penitus
885 2981 971 3029 rruuc
995 2961 1209 3028 obscurarunt
1233 2971 1266 3028 et
1287 2981 1387 3050 paone
1408 2957 1451 3023 de·
1497 2965 1498 3042 j

273 3065 430 3134 lererunt.
479 3065 600 3152 Nempe
625 3066 709 3134 inter
732 3074 791 3134 τῶν
811 3071 966 3146 Ἑλλήνων
986 3077 1018 3136 et
1037 3069 1090 3135 ιιοί
1111 3068 1263 3150 προϊθιτοο
1281 3074 1336 3135 τοῦ
1355 3065 1451 3151 χρόνον

273 3171 501 3258 interpolatum
527 3182 592 3239 eet:
617 3173 645 3239 εί
666 3197 744 3248 τινες
770 3177 852 3254 ὑμᾶς
877 3175 987 3242 είοισιιν
1012 3183 1183 3256 περιμεῑνιιι
1209 3175 1269 3249 τίος
1294 3171 1451 3257 πρεσβείας

272 3275 312 3353 cir
339 3273 393 3353 ἦτε
427 3277 666 3362 ἐκπεπομφότες
701 3284 775 3347 κοτ’
803 3283 913 3349 ἐκεῖνον
943 3281 995 3348 τίν
1028 3283 1130 3363 ιιιιιρὸν
1159 3281 1204 3355 είς
1234 3283 1291 3357 τὴν
1321 3277 1452 3347 ‘ummo

272 3389 527 3466 ποριοιιοολοῖινσες
552 3386 601 3454 tet
626 3386 801 3468 Φίλιστον,
826 3407 985 3474 quaeres
1009 3396 1041 3455 et
1061 3385 1263 3453 incommode
1286 3407 1372 3454 nnnc
1393 3402 1451 3448 nar·

274 3501 365 3559 ratur
389 3501 420 3560 et
453 3491 643 3580 permolesto
676 3493 729 3560 bio
761 3494 996 3581 interponitur,
1022 3513 1123 3581 quum
1149 3503 1236 3562 recte
1255 3501 1288 3560 et
1312 3513 1371 3561 suo
1393 3489 1452 3556 loco

273 3609 544 3667 commemoretur
580 3603 676 3686 584.
710 3607 825 3682 πρῶτον
855 3602 913 3682 μέν
947 3596 1028 3676 ὅπως
1059 3601 1103 3680 μέν
1131 3599 1327 3683 περιμείνητε
1352 3593 1451 3688 (scrib.

272 3715 481 3790 περιμενεῖτε,
513 3714 549 3772 ut
580 3709 706 3774 statim:
737 3705 817 3783 ὅπως
850 3711 894 3788 μη
917 3745 963 3760 -
982 3706 1162 3797 ψηφιεῖσθε)
1191 3709 1263 3781 τοὺς
1294 3705 1449 3790 πρέσβεις,
1496 3785 1497 3798 ¹

272 3811 321 3890 οὓς
345 3810 398 3890 ἦτε
427 3813 667 3897 ἐκπεπομφότες
701 3820 956 3898 ποιρυιιοιλοῦντες
989 3814 1039 3881 ieri
1072 3815 1225 3898 Φίλιππον
1256 3815 1324 3880 ιοτέ.
1371 3809 1449 3878 ldent
1496 3807 1497 3850 ί

275 3918 388 3999 bomo,
413 3920 467 4006 qni
493 3919 572 3988 baeu
603 3921 686 3988 rrrnie
718 3923 867 4008 repetiuit
892 3923 923 3987 in
950 3924 1028 4008 §nn
1053 3920 1092 3988 de
1117 3940 1175 3987 suo
1205 3921 1342 3987 inseruit
1365 3917 1449 3984 ἕπον·

273 4025 418 4093 ελθίυτων
441 4033 499 4094 τῶν
523 4027 675 4110 ὑμετέρων
697 4027 875 4111 πρέσβεων,
900 4036 932 4096 et
957 4030 990 4094 in
1023 4030 1119 4112 568.
1144 4025 1213 4106 ἧκον
1244 4029 1271 4094 ci
1304 4025 1446 4093 Φιλίστου

273 4133 435 4216 πρέσβεις,
458 4135 485 4200 oi
510 4134 537 4200 θ’
561 4135 698 4218 ἡμέτεροι
722 4133 901 4214 ἀπεδήμουν
922 4133 1192 4222 [πιιροιιιοιλοῦυτες
1211 4134 1282 4207 τοὺς
1304 4135 1450 4205 Ἕλληνος

273 4239 325 4306 ε’πί
359 4239 540 4326 Φίλιππον].
596 4240 666 4322 Quo
702 4261 802 4327 usqne
839 4240 986 4319 tandem,
1023 4263 1041 4306 o
1080 4238 1196 4318 sciole,
1234 4239 1381 4326 quisquis
1413 4251 1451 4302 es,
1495 4317 1496 4328 ἶ

272 4345 406 4416 abutere
431 4347 585 4433 patientia
611 4347 741 4415 nostrai
779 4348 892 4415 Patere
912 4356 985 4416 tuos
1009 4345 1139 4414 fraudes
1160 4365 1265 4414 nonne
1287 4333 1448 4412 sentimus?
1495 4339 1496 4358 ¹

278 4496 281 4504 ·
320 4451 356 4518 ln
380 4456 476 4538 560.
502 4451 630 4528 sinerer
653 4454 734 4534 ὑμῶν
755 4455 806 4540 [ire
824 4460 883 4520 τῶν
906 4452 1074 4538 ἔμπροσθεν
1097 4452 1225 4540 χρόνον]
1250 4453 1369 4534 ι’ίιιουσιν
1388 4447 1448 4516 cirr-
