3160 4972
709 335 778 407 art

143 542 253 617 Φίλονς
285 533 304 603 θ
330 559 360 602 τι
393 530 432 599 ἀν
463 529 589 608 δύνηται
623 530 765 619 [κακθν],
795 542 852 600 aut
877 531 946 599 Xll.
973 535 1027 598 99.
1053 535 1084 598 ού
1109 533 1152 600 σά
1175 534 1334 615 μέλλοντα

143 647 266 714 ἔσεσθαι
296 643 453 722 βούλομαι
483 639 608 718 λέγειν,
641 640 683 704 τά
716 638 897 721 πραχθέντα
929 639 986 705 ύπὸ
1011 638 1180 707 τούτωνού
1204 641 1334 722 δννάμε·

144 776 192 826 νος
228 750 370 839 [είπεῖν],
402 755 459 811 aut
493 744 593 811 XVll.
629 750 657 811 l.
691 745 808 812 δέδοικα
841 747 885 826 μη
916 746 969 811 καί
1001 747 1067 828 περί
1101 744 1139 813 ὦν
1163 749 1337 828 ἀναγκαῖόν

69 903 73 909 .
144 857 198 938 μοί
232 859 279 926 ἐςι
315 853 448 942 [λέγειν]
487 852 637 925 ἀδύνατος
672 849 693 916 ὦ
726 853 769 918 τά
793 851 900 918 δέοντα
932 854 1038 919 εἰπεῖν.
1090 853 1122 920 lu
1156 865 1237 921 orat.
1267 855 1337 922 Xll.

146 967 165 1050 §
192 968 245 1030 lb.
278 962 396 1042 ι’ἱκοιισιν
426 957 690 1038 ἀπολογησύμενοι
716 959 783 1045 [καί
804 957 962 1044 λέγουσιν]
987 962 1026 1034 ἀς
1051 962 1134 1027 οὐδὲν
1158 962 1253 1027 κακὸν
1277 963 1337 1044 είρ·

145 1069 296 1150 γασμθνοι
329 1067 414 1134 είσίν.
449 1066 597 1152 putidum
629 1063 799 1135 emblema.
832 1068 1052 1143 ἀπολογοῦμαι
1088 1066 1273 1152 siguificare
1308 1069 1339 1133 ἐν

145 1185 184 1259 τῇ
215 1174 374 1259 ἀπολογία
404 1171 488 1252 λέγω
519 1171 567 1238 vel
601 1173 851 1250 ἀπολογούμενος
885 1171 969 1250 λίγα
1000 1173 1072 1257 quis
1098 1175 1223 1240 uesoitl
1258 1172 1336 1242 ibid.

148 1284 166 1366 §
201 1285 256 1348 29.
291 1280 377 1362 παρά
408 1284 462 1345 τοῦ
491 1278 595 1368 [ποτὲ]
629 1279 681 1344 καί
715 1279 852 1359 λήψεσθε
877 1279 979 1358 δίκην;
1008 1297 1068 1347 non
1094 1283 1339 1366 coniunguntur·

146 1387 221 1456 ποτέ
242 1394 282 1454 et
294 1388 359 1463 καί,
377 1385 533 1452 alterutro
552 1393 702 1451 utuntur.
726 1385 848 1451 Vitiose
869 1384 1011 1452 abundat
1023 1385 1181 1454 articulus
1196 1389 1268 1456 Xll.
1284 1394 1337 1455 55.

147 1493 214 1576 περὶ
240 1493 326 1582 [τῶν]
354 1494 535 1571 διαλλαγῶν
558 1493 583 1558 οἱ
611 1490 698 1571 λύγοι
723 1492 899 1571 ἐγίγνοντο,
932 1501 965 1558 et
990 1490 1073 1556 Xlll.
1101 1499 1132 1561 ὅ.
1158 1495 1246 1574 λύγοι
1271 1495 1337 1576 περί

151 1600 233 1690 [τῆς]
272 1599 385 1681 είρηνης
421 1599 590 1678 ἐγίγνοντο.
638 1599 676 1664 ln
703 1607 785 1663 orat.
810 1599 895 1665 Xlll.
929 1583 984 1664 62.
1021 1599 1046 1663 οί
1081 1602 1339 1682 ςρατηγησαντες

148 1708 219 1786 ύμῖν
253 1704 406 1778 πολλάκις
440 1705 534 1786 μείζω
569 1705 625 1779 την
660 1704 749 1770 πόλιν
780 1713 843 1779 τοῖς
875 1705 1100 1788 διαδεχομένοις
1138 1707 1336 1793 [ςρατηγοῖς]

147 1813 358 1896 παρεδίδοσαν.
415 1809 583 1896 Significat
618 1818 681 1884 τοῖς
716 1810 958 1893 διαδεχομένοις,
994 1814 1221 1880 successoribus
1254 1812 1338 1888 suis,

148 1920 255 2006 inepte
279 1919 381 2004 igitur
403 1925 569 1998 ςρατηγοῑς
595 1915 772 1984 abundant.
822 1917 902 1985 lbid.
928 1922 1016 2004 §90.
1043 1919 1149 1986 οὐδένα
1172 1919 1236 2000 γάρ
1256 1915 1340 2000 θριιον

147 2027 173 2093 οἱ
209 2027 239 2091 ἕν
271 2032 411 2108 Πειραιεῖ
444 2024 491 2114 [ἢ]
528 2032 591 2097 τοῖς
627 2024 657 2088 ἐν
692 2022 762 2096 ἀςει
785 2023 927 2103 ὤμοσαν,
965 2026 1074 2093 vocula
1109 2027 1126 2102 ἢ
1160 2026 1341 2112 corrumpit
1377 2073 1380 2078 -

148 2132 353 2199 sententiam.
403 2131 437 2197 ln
471 2139 552 2196 orat.
585 2130 668 2196 XVl.
703 2135 734 2196 b.
770 2130 798 2196 εί
827 2156 874 2205 τις
903 2131 974 2213 τρίς
997 2157 1038 2213 με
1062 2132 1217 2214 τυγχάνει
1242 2132 1340 2208 ἀηδῶς

153 2239 184 2327 [ἢ
218 2237 335 2324 κακῶς]
369 2231 558 2317 δίακείμενος
591 2236 805 2302 urbanitatem
832 2238 971 2304 Atticam
996 2240 1085 2304 scioli
1111 2240 1338 2304 obscurarunt.

150 2343 241 2424 Quod
274 2345 369 2430 polite
401 2342 526 2410 dixerat
559 2344 668 2410 Lrsns
701 2343 816 2408 XVlll.
850 2346 881 2411 ἐν
910 2344 1034 2427 τοιούτῳ
1066 2345 1179 2426 καιρῷ,
1213 2346 1242 2409 ίν
1271 2339 1341 2425 bol

150 2458 271 2519 aristen
302 2455 360 2515 τῶν
391 2451 549 2531 ἀνθρώπιον
577 2450 628 2516 καί
661 2450 923 2529 μεσαβάλλονται
952 2453 1025 2533 πρὸς
1055 2452 1098 2517 τά
1123 2449 1261 2532 πορόντας
1287 2449 1339 2515 καί

150 2565 222 2630 ταῖς
250 2555 365 2639 τύχαις
394 2555 506 2622 είκονσι
532 2557 650 2622 misere
671 2556 856 2643 depravavit
881 2558 936 2642 qui
956 2555 1129 2643 adscripsit
1159 2556 1338 2644 [δνςοχοῦν

149 2686 201 2737 τος
233 2667 286 2729 τοῦ
318 2659 434 2752 δημον].
483 2662 651 2748 Frigidum
684 2663 1008 2748 interpretamentum
1035 2664 1166 2749 irrepsit
1191 2663 1259 2729 XX.
1287 2665 1339 2728 14.

149 2771 226 2838 ἀλλ’
260 2770 354 2836 αύτδν
389 2769 564 2851 ἀνάγιιαζον
595 2768 746 2850 ε’πιβολάς
778 2767 1005 2848 ἐπιβάλλοντες
1041 2767 1104 2858 [καί
1137 2769 1339 2854 ζημιοῦνταί

150 2878 187 2946 dn
219 2877 332 2964 paneis
364 2875 571 2942 manifestum
601 2873 762 2941 emblema
794 2882 924 2942 tenetur
957 2874 1040 2941 XXl.
1068 2880 1119 2942 19.
1154 2875 1205 2942 διά
1234 2873 1340 2948 τέλους

154 2983 220 3073 [τὸν
250 2981 381 3050 ἀπαντα
410 2983 553 3069 χρθνον],
584 2989 615 3047 ot
647 2979 750 3047 XXll.
778 2987 809 3046 θ.
833 2985 872 3056 ὡς
895 2981 1035 3064 ἀκρίτους
1058 2981 1169 3056 αὐτοὺς
1192 2985 1254 3064 χρη
1279 2989 1342 3056 τοῖς

150 3088 259 3156 ἕνδεκα
292 3089 479 3170 παραδοῦναι
513 3087 648 3176 [θανάσῳ
681 3085 858 3176 ζημιῶσαι]
889 3089 1014 3156 ludices
1035 3085 1191 3154 dicuutur
1222 3089 1343 3171 θανάτςι
1423 3165 1427 3171 ,

151 3197 325 3281 ζημιῶσαι,
360 3216 423 3261 nou
460 3194 682 3278 Undeer'rnoiri.
733 3195 765 3260 lu
791 3203 874 3262 orat.
900 3193 1015 3261 XXVl.
1041 3198 1073 3260 9.
1105 3195 1201 3284 [περὶ]
1229 3201 1288 3262 τῶν
1312 3197 1343 3261 ἒν

151 3305 325 3389 θλιγαρχίρ
354 3301 512 3383 ἀρξάντοιν
544 3301 653 3380 ἕνεκα,
679 3302 752 3389 quis
775 3302 878 3368 eredit
903 3302 971 3383 περί
994 3303 1116 3368 servari
1143 3303 1256 3390 posse?
1307 3304 1340 3369 ln

152 3422 233 3478 orat.
268 3409 412 3477 XXVlll.
447 3414 501 3476 17.
536 3407 607 3490 ἀμα
637 3416 700 3484 τοῖς
732 3410 836 3493 φίλοις
867 3410 1031 3475 ἀποδοῦναι
1060 3409 1154 3490 χάριν
1179 3408 1232 3474 καί
1257 3410 1344 3491 παρά

152 3526 212 3586 τῶν
235 3517 416 3584 ἀδικούντων
439 3513 524 3603 [την]
550 3517 634 3588 δίκην
656 3515 788 3594 λαβεῖν,
821 3525 885 3580 taur
911 3515 1062 3581 vitiosum
1088 3523 1137 3580 est
1161 3518 1216 3592 την
1240 3516 1342 3593 δίκην,

155 3643 193 3689 ao
212 3623 238 3687 si
263 3623 336 3708 quis
360 3623 391 3688 in
420 3623 685 3709 praecedentibus
704 3623 869 3688 ἀποδοῦναι
891 3623 946 3697 την
964 3621 1058 3703 χάριν
1080 3620 1172 3686 vellet
1191 3621 1344 3687 scribere.

155 3729 191 3796 lu
215 3737 297 3795 orat.
324 3729 439 3796 XXlX.
467 3735 497 3794 1.
523 3729 631 3795 πολλοὶ
659 3731 723 3811 γάρ
748 3724 825 3804 ἦσαν
848 3731 875 3794 οί
900 3731 1099 3800 ἀπειλοῦντες
1123 3729 1187 3814 [καί
1208 3729 1233 3793 σί
1257 3727 1344 3811 φάσ·
1435 3713 1437 3718 ’

154 3838 274 3921 κοντες]
302 3835 504 3918 Φιλοκράτονς
530 3836 762 3917 κατηγορήσειν.
812 3833 846 3900 Si
876 3834 953 3900 liaeo
979 3837 1046 3920 ipse
1070 3833 1180 3900 Lusias
1200 3834 1345 3920 scripsis-

156 3952 224 4019 set,
247 3942 385 4009 alterum
406 3941 580 4010 articulum
602 3943 780 4008 omisisset:
805 3939 948 4007 eiusdem
972 3942 1100 4021 genueris
1121 3939 1278 4006 emblema
1298 3946 1348 4005 est

155 4069 193 4114 ao
215 4067 313 4136 supra
337 4049 389 4115 καί
413 4051 567 4130 λέγουσιν.
616 4047 695 4114 lbid.
723 4052 740 4132 §
772 4052 820 4111 lt.
847 4046 939 4113 δεινὸν
962 4047 1000 4114 ἀν
1024 4045 1069 4123 εἴη
1090 4049 1116 4112 εί
1131 4087 1170 4099 -
1185 4042 1269 4112 ἀθλα
1286 4045 1346 4111 λά-

154 4159 206 4238 pn
247 4159 303 4233 την
345 4157 396 4222 ὑπ’
433 4157 546 4223 ἐκείνου
582 4155 850 4237 καταλειφθεῖσαν
885 4153 990 4219 σιἰσίαν
1027 4153 1125 4239 [ἀντὶ]
1161 4163 1217 4229 τῆς
1252 4139 1347 4220 αὑτοῦ

154 4263 317 4347 πονηρίας,
341 4263 507 4330 molestam
529 4261 796 4350 praepositionem
825 4261 948 4326 uicinae
973 4259 1115 4348 syllabae
1138 4269 1345 4347 pepererunt.

155 4369 191 4436 ln
225 4378 307 4437 orat.
341 4369 454 4438 XXXI.
492 4373 546 4436 27.
582 4369 610 4435 εί
637 4394 667 4435 τι
699 4366 733 4445 ἦν
765 4366 907 4444 ἀδίκημα
938 4365 973 4430 σθ
997 4367 1042 4445 μη
1067 4366 1295 4448 παραγενέσθαι
1317 4365 1346 4430 ἕν

156 4476 256 4558 ἐκείνῳ
286 4479 329 4558 τῷ
362 4479 454 4560 καιρῷ
484 4477 573 4554 νίμος
604 4476 643 4542 ἀν
674 4475 772 4542 ἔκειτο
803 4473 870 4557 περί
900 4474 995 4540 αὐτοῦ
1020 4473 1186 4556 διαρρήδην.
1236 4470 1348 4538 Scribe
