3160 4972
833 345 906 418 448

271 537 416 616 ἀτοίιοτος
448 540 660 611 Athenienses
693 550 817 608 veteres
849 539 1001 608 dicebant
1031 541 1125 608 οὐδενί
1158 541 1261 624 κόσμῳ
1285 539 1332 607 rei
1356 539 1452 608 οὒδένο

272 647 396 726 κόσμον.
434 646 526 712 Nune
551 647 615 715 duo
638 649 734 716 simui
758 647 947 734 loquuntur.
985 644 1058 714 Vid.
1085 647 1124 714 ed
1150 647 1268 715 Herod.
1296 647 1380 714 vlu.
1404 651 1453 712 86.

318 752 463 842 Thucyd.
488 754 546 820 111.
575 759 649 822 109.
674 757 726 822 τὸν
751 753 931 838 μισθοφόρον
954 753 1048 835 ὄχλον
1073 754 1139 841 [τὸν
1162 753 1304 843 deurode}
1345 753 1454 820 Milites
1524 813 1525 836 y

271 857 467 925 conductieii
492 860 695 947 appeliantur
718 863 900 949 promiscue
924 862 1089 942 interemor,
1114 861 1289 946 μισθοφόροι
1314 868 1348 927 et
1372 859 1454 938 ξένοι,
1524 925 1525 944 3

271 964 327 1030 sed
350 973 477 1032 constat
498 985 551 1032 eos
576 987 686 1035 omnes
710 989 771 1034 ooo
794 987 860 1033 erre
882 967 977 1033 cives.
1013 967 1126 1054 ltaque
1149 966 1205 1054 qui
1232 967 1312 1034 dioit
1335 966 1386 1032 τίν
1408 989 1455 1045 μι-
1524 945 1525 968 ¹

273 1071 414 1153 σίοφίρον
438 1069 532 1152 ὄχλον
557 1073 624 1159 [τὸν
645 1072 773 1160 ξενικόν]
799 1074 908 1159 inepte
933 1072 982 1139 bis
1006 1072 1090 1140 idem
1114 1073 1204 1139 dicit.

317 1176 463 1266 Thucyd.
488 1177 544 1244 111.
574 1184 647 1244 111.
678 1179 803 1252 τάντονς
827 1178 970 1258 ε’νίμισοιν
994 1179 1119 1246 emim
1143 1179 1310 1252 ἀσπόνδους
1337 1177 1456 1258 inolere,

273 1284 390 1370 corrig.
415 1283 583 1357 ἀσπόνδους
608 1281 725 1365 dyene.
752 1285 919 1373 Frequens
941 1284 1019 1352 baec
1040 1285 1124 1373 apud
1147 1283 1371 1376 Thucydidem
1391 1303 1457 1350 eon·

273 1387 466 1586 iusiirtidid.
494 1496 551 1563 tlt.
585 1500 657 1565 116.
690 1499 740 1565 εἰσί
770 1509 809 1583 τῇ
841 1496 1018 1592 Αίτνρίσῷ
1042 1495 1114 1584 ἀρει]
1139 1497 1287 1574 οίνιοῦσιν,
1310 1493 1386 1580 ὅπερ
1407 1497 1458 1576 με’·

271 1601 360 1682 γιςιίν
390 1605 452 1674 iem
476 1601 537 1683 ίροι
559 1605 590 1669 ἐν
613 1613 652 1686 τῇ
678 1604 821 1688 Σικελίρι.
859 1603 994 1690 Saepius
1016 1602 1100 1690 apud
1127 1602 1352 1692 Thucydidem
1377 1601 1458 1668 vide·

274 1708 322 1774 bis
346 1709 435 1776 τίιιιν
458 1718 515 1776 aut
539 1717 625 1783 ricco
649 1718 706 1777 ant
729 1711 801 1776 sim.
826 1708 988 1786 additum,
1017 1707 1070 1775 nbi
1095 1708 1206 1778 obesse
1231 1709 1337 1778 maiis.
1373 1709 1462 1776 none

273 1813 402 1900 quidem
428 1814 516 1880 sciob
542 1816 591 1880 ἐτ’
616 1816 782 1900 οιὺτοφάρῳ
806 1815 956 1902 deprensi
981 1824 1071 1884 sunt.

318 1918 465 2008 Thnoyd.
490 1921 541 1987 tv.
566 1927 595 1987 4.
621 1921 776 1988 exhibebo
801 1922 907 1989 iocum
931 1921 1030 1989 iatois
1049 1919 1252 1989 emblematis
1273 1930 1457 2009 purgatum:

273 2026 325 2092 κοιί
357 2025 409 2092 τὸν
430 2027 529 2102 σιιλὸν
552 2028 581 2095 εί
603 2053 661 2095 σου
682 2030 740 2097 δέοι
763 2032 897 2111 χρῆσίονι
920 2030 1061 2109 ἀγγείων
1082 2029 1196 2113 ἀσορίρι
1219 2029 1271 2095 ἕτί
1296 2034 1351 2095 τοῦ
1376 2028 1457 2094 νίοτοιν

274 2130 379 2215 ἔφερον
408 2133 618 2217 ἐγκεκυφότες
647 2145 706 2201 ΤΕ
736 2146 807 2203 ΚΑΙ
841 2138 882 2202 τάν
912 2143 998 2217 χεῖρε
1020 2137 1051 2210 ίι
1076 2135 1211 2202 τοίιοιίσοι
1233 2133 1458 2213 ξυμσλίκοντεο

273 2240 371 2304 σοιτί
400 2263 435 2304 τε
459 2238 559 2323 τρίτῳ
583 2241 746 2321 ἠπείγοντο
769 2244 882 2325 φίῆνοιι
906 2242 976 2316 τοὺς
1001 2240 1261 2319 Λακεδαιμονίους
1284 2241 1328 2308 τά
1353 2243 1458 2320 irrua-

272 2347 409 2426 χάτοιτιι
441 2346 694 2428 ἕξεργοισάμενοι.
726 2349 760 2414 τὸ
783 2348 845 2431 γάρ
869 2349 933 2414 xri.
959 2347 1030 2414 vide
1054 2367 1141 2414 nune
1165 2347 1197 2412 in
1225 2345 1366 2434 vulgatis
1388 2343 1457 2435 quid

274 2451 362 2517 scioli
389 2451 640 2538 designaverint.

320 2556 467 2646 Thucyd.
495 2557 548 2624 tv,
583 2563 634 2624 11.
668 2557 817 2626 Brasidas
841 2560 920 2640 ἕβόοι
946 2559 1076 2647 [λέγων]
1101 2563 1140 2634 ἀς
1164 2561 1218 2627 οὐκ
1242 2559 1320 2634 ehtde
1346 2559 1392 2638 είη
1414 2557 1457 2638 ξίν

273 2679 334 2730 λον
364 2664 560 2747 φειδομένους
590 2667 661 2739 τοὺς
690 2666 856 2746 πολεμίους
882 2669 912 2732 ἕν
939 2677 978 2750 τῇ
999 2665 1088 2751 χάρρ
1111 2664 1255 2746 περιιδεῖν
1276 2674 1384 2747 τεῖχος
1411 2689 1457 2730 τε·

273 2771 450 2850 παιομένους
473 2773 561 2838 ἀλλά
585 2772 644 2846 τοίι
668 2797 703 2838 σε
726 2773 882 2855 σφετέρας
905 2779 979 2847 νοῦς
994 2773 1204 2855 βιαζομένους
1227 2774 1283 2846 τίον
1304 2772 1457 2852 ἀπόβασιν

272 2880 467 2958 ιιιιτοιγνιίνοιι
502 2879 651 2968 [ἐκέλευε]
680 2881 746 2972 uri.
790 2879 857 2946 Non
882 2880 1029 2946 sentiunt
1053 2877 1285 2946 hornuneioues
1309 2886 1344 2944 et
1366 2877 1458 2958 λέγειν

273 2993 305 3052 et
336 2983 458 3050 ἐκέλευε
490 2985 520 3050 in
554 2984 633 3064 ε’βίον
665 2966 787 3065 inesse,
813 2995 845 3051 et
869 2984 928 3052 loci
953 2985 1016 3050 viru
1042 3004 1169 3051 ornnem
1195 2991 1227 3051 et
1251 2984 1457 3052 acrimoniam

273 3088 444 3184 debilitant
467 3098 500 3156 et
524 3088 689 3177 frangunt.
727 3091 775 3158 Ex
800 3090 990 3180 Thucydide
1010 3090 1180 3157 emendato
1202 3091 1330 3176 corrige
1352 3091 1457 3158 Demo·

275 3195 419 3262 sthenem
452 3195 490 3260 de
520 3195 557 3262 F.
588 3196 663 3285 bey.
698 3217 727 3284 p.
754 3183 839 3278 577,
866 3201 928 3264 22:
955 3199 1048 3264 τοῦτ’
1072 3197 1141 3278 οὐχί
1164 3197 1241 3282 βοᾷ
1269 3197 1336 3285 [κοί
1360 3194 1457 3278 λέγει]

275 3299 320 3368 ίτι
353 3301 495 3384 χρήματ’
518 3303 648 3387 είληφεν
671 3306 840 3384 Αίσχίνιις;
875 3303 966 3372 Geni.
993 3302 1070 3370 ibid.
1097 3323 1126 3388 ρ.
1152 3307 1235 3378 566.
1262 3306 1321 3368 22:
1346 3304 1379 3369 οὖ
1403 3301 1458 3382 γάρ

275 3408 372 3488 ἔγωγ’
404 3407 443 3474 ἀν
472 3407 571 3476 idone
602 3410 695 3477 οὐδενί
725 3412 812 3476 οὐδὲν
829 3409 886 3481 ὅτε
912 3435 963 3490 μοι
989 3407 1194 3491 τοροιςάνσοις
1218 3410 1336 3474 ἕνσοιυίί
1361 3411 1459 3488 βοάν

273 3511 323 3582 oia
348 3513 549 3583 τετίνίιισιν·
576 3520 593 3594 ἡ
621 3520 683 3599 γάρ
707 3520 839 3595 decidere
863 3518 915 3583 troci
940 3517 982 3582 τά
1006 3516 1218 3598 τεσρνιγμίνοι
1242 3517 1350 3581 οιῦτά
1373 3517 1457 3598 βοᾷ.

274 3623 321 3690 Ex
354 3622 405 3689 his
436 3622 549 3690 eadem
582 3644 677 3710 opera
707 3618 893 3691 emendabis
917 3623 1106 3711 Dionysium
1136 3607 1234 3704 Habe.
1260 3621 1299 3686 de
1325 3617 1459 3686 admei

273 3729 334 3797 dte.
357 3715 394 3795 ον’
417 3729 505 3796 bem.
533 3729 584 3796 vt.
608 3749 680 3816 pag.
711 3734 807 3797 οννι.
836 3731 1074 3797 Βοίειι.·οοῡτο
1088 3766 1129 3778 -
1143 3729 1175 3794 oo
1196 3727 1378 3812 nornen}
1398 3722 1458 3813 [κον

274 3836 425 3922 erectore]
451 3843 513 3911 πῶς
538 3837 624 3903 αὐτοὶ
649 3836 697 3903 δεῖ
716 3837 866 3917 λίγεσίονι
886 3836 974 3916 μόνον
997 3837 1030 3901 σί
1053 3834 1155 3917 φοινίου
1176 3831 1327 3917 ἀφιίντοις
1352 3829 1458 3897 Viden’

274 3941 510 4008 emendandum
544 3961 613 4008 esse
645 3945 705 4009 odi<
737 3952 855 4009 ΛΤΤΛ
889 3943 951 4028 βοᾷ
981 3949 1014 4008 et
1044 3941 1096 4008 νοοί
1120 3938 1257 4008 meme
1281 3940 1351 4007 sine
1374 3952 1458 4004 mora

274 4046 545 4135 expungendum?
596 4043 657 4114 Sed
681 4047 721 4113 ad
747 4047 968 4137 Thucydidem
993 4055 1146 4114 revertor.
1256 4055 1265 4068 '

322 4151 467 4242 Thucyd.
500 4154 554 4222 lv.
589 4161 640 4221 15.
670 4153 770 4232 ἔδοξεν
801 4155 1020 4232 αὐτοῖς-τίν
1043 4155 1120 4230 τέλιι
1143 4149 1352 4234 κοιτοιβάντιος
1376 4147 1458 4224 ἐισί

274 4259 460 4343 ςριιτίτεδον
482 4260 643 4340 βουλεύειν
663 4271 862 4346 πονροιχριῑροον
884 4263 1057 4342 ίράντοιο
1081 4257 1145 4327 ἀτι
1165 4259 1298 4344 dodosi.
1322 4254 1458 4325 Emenda

275 4374 473 4448 τοροχρῆμοι
504 4369 696 4449 δρῶντος.
744 4367 939 4456 Saepissime
970 4367 1034 4432 vidi
1068 4367 1139 4454 δράν
1169 4374 1202 4432 et
1230 4368 1301 4447 ίράν
1324 4365 1407 4430 inter
1428 4379 1458 4426 sc

274 4471 417 4560 coninse.
465 4471 500 4537 br
526 4470 663 4538 Schoiiis
688 4473 819 4540 Venetis
842 4472 880 4540 ad
906 4471 996 4541 Iliad.
1020 4484 1060 4539 Α.
1084 4477 1125 4539 65
1151 4471 1275 4539 editur:
1301 4473 1315 4539 ί
1340 4471 1371 4538 δὲ
1391 4471 1458 4534 ἀνεν-
