3204 4978
732 373 803 462 aas

163 568 393 666 ἑννογυνιςῦν.
437 585 532 662 ,Nihil
564 585 648 674 apud
691 595 815 653 veteres
844 573 986 671 repertas
1017 574 1080 670 uuo
1101 574 1204 649 {traec-
1223 573 1360 648 tnaar'ia':

164 691 227 757 etia
259 703 310 758 est
343 693 426 758 ratio
455 693 610 759 isncnmrs
643 695 674 758 in
708 693 814 759 Antid.
846 692 996 776 §arun
1015 691 1090 772 rap*
1115 681 1189 768 ιἰιοῦ
1206 686 1362 770 ,πρότερον

165 781 392 877 Metapinum
409 807 440 864 et
475 799 560 886 apud
585 798 741 866 Danosrn.
767 806 830 871 τοῖς
853 797 942 878 ποιὰ
974 802 1033 863 τῶν
1065 797 1179 878 ἰατρῶν.
1197 787 1360 872 διδομίνοιι

164 902 288 981 σιτίοις,
318 913 350 969 et
381 905 467 982 sim,
497 913 528 971 et
562 923 646 971 unns
678 912 804 971 tantum
837 893 926 971 ¹toene
958 902 1038 969 mitti
1069 903 1156 968 inter
1185 894 1358 986 tegendum

163 1011 327 1086 occurrit,
350 1011 405 1096 qni
429 1029 504 1076 enm
530 1010 581 1076 iris
606 1013 755 1098 componi
787 1013 888 1098 possit
920 1011 953 1076 in
981 1009 1194 1074 Xrnornonms
1215 1001 1357 1073 'onomat

79 1167 82 1172 ,
166 1115 244 1181 ιιιιόο
275 1113 330 1181 ΙΧ.
368 1119 404 1181 11
437 1118 482 1196 μή
514 1141 544 1182 τι
576 1115 671 1182 νακδν
701 1115 791 1202 λάβῃ
814 1119 887 1199 παρ’
912 1119 1014 1194 ἡμῶν,
1039 1113 1123 1201 quod
1148 1122 1238 1180 tanto
1262 1107 1358 1198 opem

165 1218 317 1286 abhorret
348 1219 390 1286 ab
418 1223 525 1288 Attica
547 1225 707 1300 sanitate,
740 1231 775 1289 nt
799 1217 946 1310 suspicer
968 1221 1043 1288 olim
1069 1222 1124 1303 ὑφ’
1148 1221 1233 1298 ἡμῶν
1255 1215 1357 1283 inissa

166 1327 325 1412 scriptam
359 1337 391 1393 et
418 1327 649 1415 interpolatum
680 1347 698 1394 a
731 1337 914 1395 correctore
937 1327 1082 1405 indocto,
1115 1335 1151 1392 ut
1181 1325 1238 1390 ἆτ’
1260 1319 1357 1388 αὑτοῦ

166 1432 198 1496 in
230 1431 300 1497 ioco
336 1432 517 1511 Platonico,
551 1433 589 1499 ad
621 1453 692 1500 eam
725 1454 871 1500 normam
904 1423 1013 1520 quanm
1034 1431 1149 1498 novicii
1181 1430 1357 1516 scriptores

164 1537 404 1625 sequebantur,
432 1547 468 1605 ut
492 1539 671 1607 Scitanti.
697 1561 726 1627 p.
741 1545 805 1606 tea
830 1541 933 1614 δείσας
957 1541 1001 1619 μίν
1035 1539 1141 1605 αἰτίαν
1170 1535 1269 1610 αι’ντδςΙ
1286 1531 1354 1614 δχοι

164 1644 252 1725 ταρὰ
282 1651 341 1710 τῶν
380 1644 509 1727 ἐχθρῶν,
548 1645 600 1711 nbi
640 1645 844 1712 Atheniensis
880 1645 937 1712 ὑπὸ
972 1652 1032 1711 τῶν
1063 1644 1175 1727 ἐχθρῶν
1208 1640 1356 1708 uixisset

168 1749 336 1816 anconam
367 1748 450 1816 hanc
482 1760 606 1838 partem
639 1753 671 1817 in
695 1751 895 1818 emendando
917 1749 1137 1838 pulcherrimo
1161 1749 1230 1815 ioco
1253 1748 1355 1813 tirre-

165 1873 243 1922 trtota
277 1854 361 1943 apud
399 1855 709 1926 ὅτοιιιιυιι-,Ιῑίοτίί
750 1863 831 1936 124,
870 1863 923 1925 56.
956 1859 981 1923 εί
1012 1857 1040 1923 δ’
1074 1855 1138 1926 ἔςιν
1160 1855 1299 1931 ariadnen
1322 1854 1356 1928 δν,

165 1959 241 2044 unc
263 1960 316 2027 καί
349 1961 514 2042 ἐπιμέλεια
545 1965 632 2047 παροδ
663 1969 716 2031 τοῦ
740 1963 914 2043 δαιμονίου,
938 1963 1038 2044 ὥσπερ
1062 1959 1357 2042 ὑπιλααβοίνιμονό

165 2066 227 2143 rin
244 2101 248 2110 ·
263 2067 335 2142 τοὺο
376 2076 448 2143 ταῖς
490 2078 599 2150 τιμαῖς
637 2077 696 2138 τῶν
738 2073 809 2138 decia
849 2069 1099 2150 καταλυομέναις
1139 2067 1357 2148 βονίιίοοονταο

166 2174 297 2248 restrae
332 2174 513 2254 κηδεμονίας
551 2177 618 2246 ὑπὸ,
643 2181 697 2243 τοῦ
740 2176 893 2255 δαιμονίου
931 2174 1125 2259 τυγχάνειν,
1162 2171 1356 2260 corruptum

166 2288 215 2346 eat
237 2279 295 2354 είν.
344 2279 486 2348 Eruenda
518 2281 596 2357 εικίς
621 2292 651 2348 et
675 2281 788 2349 audies
813 2283 917 2369 ipsum
944 2281 1122 2353 Oratorem.
1207 2275 1210 2280 ’

211 2385 298 2452 Satis
334 2406 419 2453 nunc
451 2387 581 2474 quidem
615 2388 654 2455 de
687 2388 808 2455 Laetam
840 2391 984 2455 oratione
1007 2398 1040 2456 et
1063 2389 1137 2455 stilo
1161 2386 1282 2453 dixisse
1309 2385 1356 2449 ri·

165 2491 259 2570 deor,
274 2500 309 2558 ut
322 2504 492 2580 appareat,
513 2495 545 2560 in
561 2497 678 2561 veteris
689 2495 817 2580 linguae
830 2497 955 2562 ratione
968 2493 1209 2572 constituenda,
1230 2509 1357 2578 usuque

58 2649 64 2658 .
164 2596 346 2664 definiendo
366 2610 398 2665 et
420 2599 613 2687 proprietate
634 2599 760 2667 dicendi
784 2601 1000 2678 observanda,
1021 2602 1092 2668 eins
1109 2601 1301 2668 anctoritate
1322 2603 1355 2662 et

165 2701 228 2770 ude
247 2705 326 2769 stari
347 2721 407 2768 non
423 2725 533 2792 posse,
554 2715 586 2772 et
608 2708 640 2772 in
662 2709 732 2773 eins
753 2707 884 2792 seriptis
903 2708 1052 2773 omnibus
1069 2707 1216 2772 vitiosam
1238 2721 1355 2790 aequa<

164 2808 243 2878 tion
268 2813 427 2888 condirier
449 2811 631 2880 cultissimo
654 2821 800 2879 veterum
821 2815 962 2896 sermoni
983 2815 1081 2879 nimia
1098 2829 1191 2898 saepe
1212 2809 1355 2875 misceris

164 2915 273 2984 Facite
297 2927 346 2985 est
369 2917 449 2984 haec
474 2918 585 2985 nutritis
609 2917 756 3006 partibus
774 2937 913 3005 angere,
940 2937 1098 3005 namquo
1121 2917 1194 3004 quis
1208 2915 1354 2999 ›diligen‹

164 3024 232 3088 tina
262 3018 416 3089 Lcetnnnn
445 3043 519 3090 enm
551 3026 667 3091 Atticis
699 3026 829 3092 assidua
864 3025 999 3090 tectione
1033 3042 1224 3112 componere
1253 3016 1354 3096 volet,

68 3197 71 3202 ,
163 3147 201 3198 eo
224 3127 318 3215 ptura
344 3128 517 3196 identidem
542 3131 581 3196 ab
615 3131 667 3197 ιΙΙο
698 3130 899 3217 negligenter
930 3131 1027 3200 scribi
1060 3129 1353 3198 animadvertunt

165 3237 435 3317 ὑποσυγχεῑοίαι,
468 3237 500 3301 in
531 3236 649 3322 quibus
679 3239 705 3303 oi
729 3239 861 3304 παλαιοί
883 3239 983 3324 ipsam
1012 3231 1160 3304 naturam
1186 3253 1297 3302 rernm
1321 3244 1354 3300 et

165 3341 336 3409 rerirorum
363 3341 507 3428 proxime
531 3341 633 3409 menti
656 3353 687 3409 et
711 3342 797 3409 clare
819 3351 1009 3422 cernentes,
1037 3343 1090 3410 nbi
1116 3344 1188 3409 istie
1209 3342 1262 3409 tux
1283 3339 1356 3408 erat

164 3442 280 3525 dubia,
305 3457 336 3514 et
361 3457 474 3534 suopte
494 3447 623 3535 ingenio
646 3453 841 3528 sentientes,
866 3470 949 3538 quae
969 3450 1022 3516 isti
1043 3446 1199 3538 laborioso
1219 3446 1356 3513 artificio

163 3545 362 3633 diddensem,
389 3555 551 3620 immunes
575 3564 650 3621 snm
674 3557 795 3622 erroris
821 3566 854 3624 et
880 3558 960 3623 riui.
1009 3551 1172 3640 Quidquid
1191 3552 1277 3639 apud
1296 3552 1358 3620 Vc·
1384 3568 1389 3578 ’

166 3669 251 3726 teres
276 3661 398 3726 Atticos
421 3659 580 3748 scriptum
611 3669 679 3742 est,
707 3659 800 3728 modo
824 3661 928 3728 absint
953 3661 1205 3729 describentium
1231 3668 1262 3725 et
1285 3675 1357 3724 cor·

166 3773 329 3832 raetorum
349 3786 476 3834 errores
496 3775 528 3834 et
548 3766 697 3847 fraudes,
724 3787 837 3834 sanum
859 3776 908 3833 est
926 3775 958 3834 et
978 3777 1104 3834 rectum
1125 3775 1159 3832 et
1179 3763 1218 3831 ad
1240 3782 1355 3854 cogno
1450 3789 1455 3802 ¹

166 3868 319 3936 scendum
344 3870 472 3958 linguae
492 3892 566 3939 vere
585 3872 726 3941 Graecae
753 3873 1019 3944 consuetudinem
1044 3881 1076 3940 et
1103 3873 1188 3939 vitae
1213 3864 1357 3959 publicae

166 3975 375 4064 priuataeque
401 3997 492 4046 nsum
518 3979 607 4045 utitis
627 3980 761 4047 necteria
782 3989 850 4056 est,
877 3978 1012 4045 undeet
1035 3979 1095 4066 ipsi
1116 3989 1202 4048 recte
1215 3975 1364 4070 cogitare

165 4090 199 4148 et
221 4090 294 4170 apta
314 4081 422 4150 dicere
443 4085 474 4149 in
494 4074 579 4152 diem
600 4085 716 4153 metina
733 4084 897 4152 discamus
918 4095 1005 4154 recte
1025 4083 1258 4171 interpretandi
1280 4103 1357 4163 ιινιι,

165 4189 261 4255 enias
284 4208 347 4254 non
373 4197 499 4256 tantum
522 4189 570 4279 (nt
590 4190 752 4257 scribendi
778 4195 879 4278 recte)
904 4211 1012 4279 capere
1035 4199 1084 4258 est
1108 4199 1140 4258 et
1161 4189 1357 4278 principium

166 4304 198 4361 et
221 4293 310 4372 iona,
331 4293 499 4361 sedetiam
519 4295 644 4364 srnctns
663 4304 696 4363 et
719 4299 908 4383 praemium.
936 4299 990 4364 Est
1011 4299 1098 4364 enim
1117 4304 1240 4364 τοιλῶν
1259 4293 1360 4378 λίνον

165 4409 348 4480 rearmatur
378 4393 573 4481 ἐπιγέννημα
600 4421 662 4468 non
696 4405 713 4480 ἡ
744 4411 803 4470 τῶν
827 4404 928 4483 λόγον
952 4404 1048 4486 aptare
1074 4398 1197 4480 edun,
1219 4412 1257 4469 nt
1282 4397 1360 4470 tani

165 4522 254 4572 etms
283 4497 435 4584 'dicabat‚
461 4507 530 4578 ,sed
558 4509 658 4575 etiam
690 4510 708 4584 ι)
738 4515 799 4575 τῶν
829 4516 932 4580 κονιῶν
963 4508 1014 4574 καί
1048 4515 1109 4574 τῶν
1147 4511 1191 4588 pu
1222 4509 1362 4584 τοιούτοιν
