<?xml version="1.0" encoding="UTF-8"?>
<!DOCTYPE html PUBLIC "-//W3C//DTD XHTML 1.0 Transitional//EN"
    "http://www.w3.org/TR/xhtml1/DTD/xhtml1-transitional.dtd">
<html xmlns="http://www.w3.org/1999/xhtml" xml:lang="en" lang="en">
 <head>
  <title>
</title>
<meta http-equiv="Content-Type" content="text/html;charset=utf-8" />
  <meta name='ocr-system' content='tesseract 3.04.00' />
  <meta name='ocr-capabilities' content='ocr_page ocr_carea ocr_par ocr_line ocrx_word'/>
</head>
<body>
  <div class='ocr_page' id='page_1' title='image "./variaelectiones04cobegoog_0434.png"; bbox 0 0 3160 4972; ppageno 0'>
   <div class='ocr_carea' id='block_1_1' title="bbox 737 367 808 441">
    <p class='ocr_par' dir='ltr' id='par_1_1' title="bbox 737 367 808 441">
     <span class='ocr_line' id='line_1_1' title="bbox 737 367 808 441; baseline 0 -1"><span class='ocrx_word' id='word_1_1' title='bbox 737 367 808 441; x_wconf 80' lang='lat'><strong>389</strong></span> 
     </span>
    </p>
   </div>
   <div class='ocr_carea' id='block_1_2' title="bbox 170 559 1365 755">
    <p class='ocr_par' dir='ltr' id='par_1_2' title="bbox 170 559 1365 755">
     <span class='ocr_line' id='line_1_2' title="bbox 170 559 1365 651; baseline 0.005 -25"><span class='ocrx_word' id='word_1_2' title='bbox 170 559 286 646; x_wconf 86' lang='lat' dir='ltr'><strong>quise</strong></span> <span class='ocrx_word' id='word_1_3' title='bbox 318 573 472 632; x_wconf 89' lang='lat' dir='ltr'><strong>accentus</strong></span> <span class='ocrx_word' id='word_1_4' title='bbox 504 584 615 632; x_wconf 90' lang='lat' dir='ltr'><strong>onmes</strong></span> <span class='ocrx_word' id='word_1_5' title='bbox 645 570 854 631; x_wconf 78' lang='lat' dir='ltr'><strong>contemnere</strong></span> <span class='ocrx_word' id='word_1_6' title='bbox 882 583 959 651; x_wconf 89' lang='lat' dir='ltr'><strong>prae</strong></span> <span class='ocrx_word' id='word_1_7' title='bbox 991 585 1024 630; x_wconf 90' lang='lat' dir='ltr'><strong>se</strong></span> <span class='ocrx_word' id='word_1_8' title='bbox 1056 563 1184 644; x_wconf 87' lang='lat' dir='ltr'><strong>ierunt,</strong></span> <span class='ocrx_word' id='word_1_9' title='bbox 1220 563 1365 633; x_wconf 86' lang='lat' dir='ltr'><strong>latentur</strong></span> 
     </span>
     <span class='ocr_line' id='line_1_3' title="bbox 171 666 1363 755; baseline 0.008 -26"><span class='ocrx_word' id='word_1_10' title='bbox 171 666 271 752; x_wconf 90' lang='lat' dir='ltr'><strong>inepti</strong></span> <span class='ocrx_word' id='word_1_11' title='bbox 292 677 323 733; x_wconf 91' lang='lat' dir='ltr'><strong>et</strong></span> <span class='ocrx_word' id='word_1_12' title='bbox 346 669 451 754; x_wconf 88' lang='lat' dir='ltr'><strong>palam</strong></span> <span class='ocrx_word' id='word_1_13' title='bbox 473 668 597 736; x_wconf 90' lang='lat' dir='ltr'><strong>leciunt</strong></span> <span class='ocrx_word' id='word_1_14' title='bbox 617 669 694 736; x_wconf 89' lang='lat' dir='ltr'><strong>seid</strong></span> <span class='ocrx_word' id='word_1_15' title='bbox 710 669 852 749; x_wconf 87' lang='lat' dir='ltr'><strong>nescire,</strong></span> <span class='ocrx_word' id='word_1_16' title='bbox 873 689 936 755; x_wconf 91' lang='lat' dir='ltr'><strong>quo</strong></span> <span class='ocrx_word' id='word_1_17' title='bbox 949 672 1017 736; x_wconf 92' lang='lat' dir='ltr'><strong>sine</strong></span> <span class='ocrx_word' id='word_1_18' title='bbox 1031 670 1151 738; x_wconf 90' lang='lat' dir='ltr'><strong>Graece</strong></span> <span class='ocrx_word' id='word_1_19' title='bbox 1163 673 1247 740; x_wconf 87' lang='lat' dir='ltr'><strong>scire</strong></span> <span class='ocrx_word' id='word_1_20' title='bbox 1268 691 1363 738; x_wconf 92' lang='lat' dir='ltr'><strong>nemo</strong></span> 
     </span>
    </p>
   </div>
   <div class='ocr_carea' id='block_1_3' title="bbox 45 773 1362 862">
    <p class='ocr_par' dir='ltr' id='par_1_3' title="bbox 45 773 1362 862">
     <span class='ocr_line' id='line_1_4' title="bbox 45 773 1362 862; baseline 0.009 -27"><span class='ocrx_word' id='word_1_21' title='bbox 45 805 50 814; x_wconf 94' lang='lat'><strong>·</strong></span> <span class='ocrx_word' id='word_1_22' title='bbox 172 779 285 857; x_wconf 86' lang='lat' dir='ltr'><strong>potest.</strong></span> <span class='ocrx_word' id='word_1_23' title='bbox 332 773 431 841; x_wconf 91' lang='lat' dir='ltr'><strong>Nemo</strong></span> <span class='ocrx_word' id='word_1_24' title='bbox 452 793 606 862; x_wconf 92' lang='lat' dir='ltr'><strong>umquam</strong></span> <span class='ocrx_word' id='word_1_25' title='bbox 628 776 746 862; x_wconf 91' lang='lat' dir='ltr'><strong>poterit</strong></span> <span class='ocrx_word' id='word_1_26' title='bbox 767 776 1002 842; x_wconf 79' lang='lat' dir='ltr'><strong>Grammaticos</strong></span> <span class='ocrx_word' id='word_1_27' title='bbox 1023 783 1056 842; x_wconf 89' lang='lat' dir='ltr'><strong>et</strong></span> <span class='ocrx_word' id='word_1_28' title='bbox 1076 775 1216 844; x_wconf 85' lang='lat' dir='ltr'><strong>Gritioos</strong></span> <span class='ocrx_word' id='word_1_29' title='bbox 1237 785 1362 847; x_wconf 88' lang='lat' dir='ltr'><strong>veteres</strong></span> 
     </span>
    </p>
   </div>
   <div class='ocr_carea' id='block_1_4' title="bbox 83 873 1458 4574">
    <p class='ocr_par' dir='ltr' id='par_1_4' title="bbox 169 873 1458 2660">
     <span class='ocr_line' id='line_1_5' title="bbox 170 873 1362 970; baseline 0.003 -25"><span class='ocrx_word' id='word_1_30' title='bbox 170 877 368 966; x_wconf 80' lang='lat' dir='ltr'><strong>intelligere,</strong></span> <span class='ocrx_word' id='word_1_31' title='bbox 392 889 449 946; x_wconf 91' lang='lat' dir='ltr'><strong>aut</strong></span> <span class='ocrx_word' id='word_1_32' title='bbox 468 881 600 947; x_wconf 82' lang='lat' dir='ltr'><strong>Codices</strong></span> <span class='ocrx_word' id='word_1_33' title='bbox 619 879 757 948; x_wconf 88' lang='lat' dir='ltr'><strong>Graecos</strong></span> <span class='ocrx_word' id='word_1_34' title='bbox 778 881 822 945; x_wconf 90' lang='lat' dir='ltr'><strong>ita</strong></span> <span class='ocrx_word' id='word_1_35' title='bbox 846 879 951 968; x_wconf 80' lang='lat' dir='ltr'><strong>legere</strong></span> <span class='ocrx_word' id='word_1_36' title='bbox 976 890 1008 950; x_wconf 90' lang='lat' dir='ltr'><strong>et</strong></span> <span class='ocrx_word' id='word_1_37' title='bbox 1031 889 1200 962; x_wconf 82' lang='lat' dir='ltr'><strong>exciuere,</strong></span> <span class='ocrx_word' id='word_1_38' title='bbox 1229 891 1263 949; x_wconf 89' lang='lat' dir='ltr'><strong>ut</strong></span> <span class='ocrx_word' id='word_1_39' title='bbox 1288 873 1362 970; x_wconf 60' lang='lat' dir='ltr'><strong>ope?</strong></span> 
     </span>
     <span class='ocr_line' id='line_1_6' title="bbox 169 984 1361 1076; baseline 0.003 -25"><span class='ocrx_word' id='word_1_40' title='bbox 169 1004 225 1051; x_wconf 86' lang='lat' dir='ltr'><strong>rae</strong></span> <span class='ocrx_word' id='word_1_41' title='bbox 250 986 388 1072; x_wconf 89' lang='lat' dir='ltr'><strong>pretium</strong></span> <span class='ocrx_word' id='word_1_42' title='bbox 416 985 528 1061; x_wconf 89' lang='lat' dir='ltr'><strong>iaciat,</strong></span> <span class='ocrx_word' id='word_1_43' title='bbox 547 987 609 1051; x_wconf 92' lang='lat' dir='ltr'><strong>nisi</strong></span> <span class='ocrx_word' id='word_1_44' title='bbox 631 984 715 1052; x_wconf 86' lang='lat' dir='ltr'><strong>bano</strong></span> <span class='ocrx_word' id='word_1_45' title='bbox 734 985 901 1054; x_wconf 87' lang='lat' dir='ltr'><strong>doctrinae</strong></span> <span class='ocrx_word' id='word_1_46' title='bbox 914 995 1037 1074; x_wconf 88' lang='lat' dir='ltr'><strong>partem</strong></span> <span class='ocrx_word' id='word_1_47' title='bbox 1059 987 1152 1074; x_wconf 84' lang='lat' dir='ltr'><strong>longo</strong></span> <span class='ocrx_word' id='word_1_48' title='bbox 1174 1009 1234 1056; x_wconf 90' lang='lat' dir='ltr'><strong>usu</strong></span> <span class='ocrx_word' id='word_1_49' title='bbox 1255 986 1361 1076; x_wconf 88' lang='lat' dir='ltr'><strong>perdi-</strong></span> 
     </span>
     <span class='ocr_line' id='line_1_7' title="bbox 170 1088 1458 1180; baseline 0.003 -25"><span class='ocrx_word' id='word_1_50' title='bbox 170 1088 306 1168; x_wconf 80' lang='lat' dir='ltr'>dicerit,</span> <span class='ocrx_word' id='word_1_51' title='bbox 330 1099 363 1158; x_wconf 91' lang='lat' dir='ltr'><strong>ct</strong></span> <span class='ocrx_word' id='word_1_52' title='bbox 394 1094 442 1157; x_wconf 89' lang='lat' dir='ltr'><strong>sic</strong></span> <span class='ocrx_word' id='word_1_53' title='bbox 475 1112 653 1179; x_wconf 85' lang='lat' dir='ltr'>numquam</span> <span class='ocrx_word' id='word_1_54' title='bbox 688 1093 721 1158; x_wconf 92' lang='lat' dir='ltr'><strong>in</strong></span> <span class='ocrx_word' id='word_1_55' title='bbox 755 1093 1019 1180; x_wconf 72' lang='lat' dir='ltr'><strong>interpretatione</strong></span> <span class='ocrx_word' id='word_1_56' title='bbox 1051 1103 1107 1159; x_wconf 90' lang='lat' dir='ltr'><strong>aut</strong></span> <span class='ocrx_word' id='word_1_57' title='bbox 1138 1093 1362 1162; x_wconf 87' lang='lat' dir='ltr'><strong>emendatione</strong></span> <span class='ocrx_word' id='word_1_58' title='bbox 1450 1165 1458 1176; x_wconf 58' lang='grc'>,</span> 
     </span>
     <span class='ocr_line' id='line_1_8' title="bbox 170 1195 1360 1286; baseline 0.002 -24"><span class='ocrx_word' id='word_1_59' title='bbox 170 1195 365 1263; x_wconf 90' lang='lat' dir='ltr'><strong>Graecorum</strong></span> <span class='ocrx_word' id='word_1_60' title='bbox 389 1200 561 1285; x_wconf 90' lang='lat' dir='ltr'><strong>quisquam</strong></span> <span class='ocrx_word' id='word_1_61' title='bbox 588 1208 643 1266; x_wconf 90' lang='lat' dir='ltr'><strong>aut</strong></span> <span class='ocrx_word' id='word_1_62' title='bbox 663 1198 723 1264; x_wconf 90' lang='lat' dir='ltr'><strong>sibi</strong></span> <span class='ocrx_word' id='word_1_63' title='bbox 745 1197 922 1265; x_wconf 78' lang='lat' dir='ltr'><strong>satisfaciet</strong></span> <span class='ocrx_word' id='word_1_64' title='bbox 945 1207 999 1265; x_wconf 90' lang='lat' dir='ltr'><strong>aut</strong></span> <span class='ocrx_word' id='word_1_65' title='bbox 1021 1198 1113 1278; x_wconf 92' lang='lat' dir='ltr'><strong>aliis,</strong></span> <span class='ocrx_word' id='word_1_66' title='bbox 1134 1200 1197 1264; x_wconf 91' lang='lat' dir='ltr'><strong>nisi</strong></span> <span class='ocrx_word' id='word_1_67' title='bbox 1210 1206 1360 1286; x_wconf 88' lang='lat' dir='ltr'><strong>paratum</strong></span> 
     </span>
     <span class='ocr_line' id='line_1_9' title="bbox 172 1301 1361 1391; baseline 0.006 -23"><span class='ocrx_word' id='word_1_68' title='bbox 172 1301 231 1368; x_wconf 89' lang='lat' dir='ltr'><strong>boc</strong></span> <span class='ocrx_word' id='word_1_69' title='bbox 258 1301 376 1389; x_wconf 93' lang='lat' dir='ltr'><strong>ubique</strong></span> <span class='ocrx_word' id='word_1_70' title='bbox 395 1303 525 1371; x_wconf 91' lang='lat' dir='ltr'><strong>babebit</strong></span> <span class='ocrx_word' id='word_1_71' title='bbox 544 1305 708 1370; x_wconf 87' lang='lat' dir='ltr'><strong>interioris</strong></span> <span class='ocrx_word' id='word_1_72' title='bbox 726 1302 918 1370; x_wconf 84' lang='lat' dir='ltr'><strong>Graecitatis</strong></span> <span class='ocrx_word' id='word_1_73' title='bbox 932 1303 1172 1391; x_wconf 83' lang='lat' dir='ltr'><strong>cognoscendae</strong></span> <span class='ocrx_word' id='word_1_74' title='bbox 1191 1303 1361 1376; x_wconf 83' lang='lat' dir='ltr'><strong>adiumen-</strong></span> 
     </span>
     <span class='ocr_line' id='line_1_10' title="bbox 169 1409 1361 1497; baseline 0.003 -24"><span class='ocrx_word' id='word_1_75' title='bbox 169 1417 261 1484; x_wconf 89' lang='lat' dir='ltr'><strong>tum,</strong></span> <span class='ocrx_word' id='word_1_76' title='bbox 286 1409 371 1496; x_wconf 92' lang='lat' dir='ltr'><strong>quod</strong></span> <span class='ocrx_word' id='word_1_77' title='bbox 398 1409 500 1476; x_wconf 88' lang='lat' dir='ltr'><strong>multo</strong></span> <span class='ocrx_word' id='word_1_78' title='bbox 521 1409 592 1496; x_wconf 88' lang='lat' dir='ltr'><strong>plus</strong></span> <span class='ocrx_word' id='word_1_79' title='bbox 615 1409 708 1477; x_wconf 89' lang='lat' dir='ltr'><strong>babet</strong></span> <span class='ocrx_word' id='word_1_80' title='bbox 730 1411 764 1476; x_wconf 94' lang='lat' dir='ltr'><strong>in</strong></span> <span class='ocrx_word' id='word_1_81' title='bbox 789 1430 917 1477; x_wconf 90' lang='lat' dir='ltr'><strong>recessu</strong></span> <span class='ocrx_word' id='word_1_82' title='bbox 938 1431 1033 1496; x_wconf 91' lang='lat' dir='ltr'><strong>quam</strong></span> <span class='ocrx_word' id='word_1_83' title='bbox 1059 1409 1164 1476; x_wconf 87' lang='lat' dir='ltr'><strong>ironte</strong></span> <span class='ocrx_word' id='word_1_84' title='bbox 1191 1411 1361 1497; x_wconf 88' lang='lat' dir='ltr'><strong>promittit.</strong></span> 
     </span>
     <span class='ocr_line' id='line_1_11' title="bbox 171 1513 1361 1603; baseline 0.003 -24"><span class='ocrx_word' id='word_1_85' title='bbox 171 1513 217 1580; x_wconf 82' lang='lat' dir='ltr'><strong>Ex</strong></span> <span class='ocrx_word' id='word_1_86' title='bbox 242 1534 305 1601; x_wconf 94' lang='lat' dir='ltr'><strong>quo</strong></span> <span class='ocrx_word' id='word_1_87' title='bbox 328 1519 541 1602; x_wconf 81' lang='lat' dir='ltr'><strong>grammatica</strong></span> <span class='ocrx_word' id='word_1_88' title='bbox 572 1535 626 1582; x_wconf 90' lang='lat' dir='ltr'><strong>ars</strong></span> <span class='ocrx_word' id='word_1_89' title='bbox 650 1513 813 1581; x_wconf 88' lang='lat' dir='ltr'><strong>sollertius</strong></span> <span class='ocrx_word' id='word_1_90' title='bbox 836 1514 935 1582; x_wconf 84' lang='lat' dir='ltr'><strong>excoli</strong></span> <span class='ocrx_word' id='word_1_91' title='bbox 961 1524 1071 1601; x_wconf 88' lang='lat' dir='ltr'><strong>coepta</strong></span> <span class='ocrx_word' id='word_1_92' title='bbox 1092 1524 1161 1594; x_wconf 92' lang='lat' dir='ltr'><strong>est,</strong></span> <span class='ocrx_word' id='word_1_93' title='bbox 1188 1518 1361 1603; x_wconf 90' lang='lat' dir='ltr'><strong>uuusquis-</strong></span> 
     </span>
     <span class='ocr_line' id='line_1_12' title="bbox 170 1619 1363 1706; baseline 0.002 -20"><span class='ocrx_word' id='word_1_94' title='bbox 170 1640 233 1706; x_wconf 93' lang='lat' dir='ltr'><strong>que</strong></span> <span class='ocrx_word' id='word_1_95' title='bbox 256 1621 452 1692; x_wconf 87' lang='lat' dir='ltr'><strong>Graecorum</strong></span> <span class='ocrx_word' id='word_1_96' title='bbox 474 1642 555 1689; x_wconf 84' lang='lat' dir='ltr'><strong>nouo</strong></span> <span class='ocrx_word' id='word_1_97' title='bbox 577 1620 634 1690; x_wconf 89' lang='lat' dir='ltr'><strong>boc</strong></span> <span class='ocrx_word' id='word_1_98' title='bbox 656 1620 853 1688; x_wconf 87' lang='lat' dir='ltr'><strong>adminiculo</strong></span> <span class='ocrx_word' id='word_1_99' title='bbox 880 1619 1053 1706; x_wconf 85' lang='lat' dir='ltr'><strong>diligenter</strong></span> <span class='ocrx_word' id='word_1_100' title='bbox 1076 1621 1246 1702; x_wconf 87' lang='lat' dir='ltr'><strong>utebatur,</strong></span> <span class='ocrx_word' id='word_1_101' title='bbox 1268 1622 1363 1689; x_wconf 87' lang='lat' dir='ltr'><strong>cuius</strong></span> 
     </span>
     <span class='ocr_line' id='line_1_13' title="bbox 171 1725 1363 1814; baseline 0.001 -23"><span class='ocrx_word' id='word_1_102' title='bbox 171 1727 217 1792; x_wconf 90' lang='lat' dir='ltr'><strong>rei</strong></span> <span class='ocrx_word' id='word_1_103' title='bbox 243 1745 343 1794; x_wconf 80' lang='lat' dir='ltr'><strong>riuum</strong></span> <span class='ocrx_word' id='word_1_104' title='bbox 368 1727 407 1794; x_wconf 92' lang='lat' dir='ltr'><strong>de</strong></span> <span class='ocrx_word' id='word_1_105' title='bbox 432 1728 544 1794; x_wconf 90' lang='lat' dir='ltr'><strong>multis</strong></span> <span class='ocrx_word' id='word_1_106' title='bbox 568 1725 749 1813; x_wconf 81' lang='lat' dir='ltr'><strong>exemplum</strong></span> <span class='ocrx_word' id='word_1_107' title='bbox 773 1725 924 1801; x_wconf 86' lang='lat' dir='ltr'><strong>alleram,</strong></span> <span class='ocrx_word' id='word_1_108' title='bbox 949 1728 1100 1812; x_wconf 93' lang='lat' dir='ltr'><strong>quoniam</strong></span> <span class='ocrx_word' id='word_1_109' title='bbox 1125 1735 1297 1814; x_wconf 88' lang='lat' dir='ltr'><strong>corruptus</strong></span> <span class='ocrx_word' id='word_1_110' title='bbox 1317 1726 1363 1792; x_wconf 93' lang='lat' dir='ltr'><strong>lo·</strong></span> 
     </span>
     <span class='ocr_line' id='line_1_14' title="bbox 170 1831 1362 1920; baseline 0 -22"><span class='ocrx_word' id='word_1_111' title='bbox 170 1851 229 1898; x_wconf 85' lang='lat' dir='ltr'><strong>cus</strong></span> <span class='ocrx_word' id='word_1_112' title='bbox 252 1841 302 1900; x_wconf 91' lang='lat' dir='ltr'><strong>est</strong></span> <span class='ocrx_word' id='word_1_113' title='bbox 327 1832 402 1899; x_wconf 91' lang='lat' dir='ltr'><strong>binc</strong></span> <span class='ocrx_word' id='word_1_114' title='bbox 432 1831 663 1900; x_wconf 85' lang='lat' dir='ltr'><strong>emendandus.</strong></span> <span class='ocrx_word' id='word_1_115' title='bbox 713 1832 804 1920; x_wconf 72' lang='lat' dir='ltr'><strong>Apud</strong></span> <span class='ocrx_word' id='word_1_116' title='bbox 839 1833 1040 1900; x_wconf 78' lang='lat' dir='ltr'><strong>Paurancuuu</strong></span> <span class='ocrx_word' id='word_1_117' title='bbox 1073 1834 1191 1919; x_wconf 84' lang='lat' dir='ltr'><strong>legitur</strong></span> <span class='ocrx_word' id='word_1_118' title='bbox 1221 1835 1255 1899; x_wconf 94' lang='lat' dir='ltr'><strong>in</strong></span> <span class='ocrx_word' id='word_1_119' title='bbox 1279 1832 1362 1900; x_wconf 91' lang='lat' dir='ltr'><strong>libro</strong></span> 
     </span>
     <span class='ocr_line' id='line_1_15' title="bbox 170 1935 1364 2026; baseline 0 -22"><span class='ocrx_word' id='word_1_120' title='bbox 170 1935 218 2004; x_wconf 72' lang='grc' dir='ltr'><strong>ὅτι</strong></span> <span class='ocrx_word' id='word_1_121' title='bbox 240 1939 381 2006; x_wconf 70' lang='grc' dir='ltr'><strong>διδακτὸν</strong></span> <span class='ocrx_word' id='word_1_122' title='bbox 404 1941 541 2021; x_wconf 69' lang='grc' dir='ltr'><strong>νὶ-νὶρετνὶ</strong></span> <span class='ocrx_word' id='word_1_123' title='bbox 574 1959 646 2026; x_wconf 79' lang='lat' dir='ltr'><strong>pag.</strong></span> <span class='ocrx_word' id='word_1_124' title='bbox 681 1944 746 2006; x_wconf 79' lang='lat'><strong>459</strong></span> <span class='ocrx_word' id='word_1_125' title='bbox 776 1961 801 2005; x_wconf 88' lang='lat' dir='ltr'><strong>n.</strong></span> <span class='ocrx_word' id='word_1_126' title='bbox 835 1939 902 2006; x_wconf 74' lang='lat' dir='ltr'><strong>obet</strong></span> <span class='ocrx_word' id='word_1_127' title='bbox 933 1940 1000 2020; x_wconf 77' lang='grc' dir='ltr'><strong>περὶ</strong></span> <span class='ocrx_word' id='word_1_128' title='bbox 1032 1941 1200 2024; x_wconf 68' lang='grc' dir='ltr'><strong><em>προσῳδίας</em></strong></span> <span class='ocrx_word' id='word_1_129' title='bbox 1225 1937 1294 2023; x_wconf 76' lang='grc' dir='ltr'><strong>ἔχει</strong></span> <span class='ocrx_word' id='word_1_130' title='bbox 1316 1962 1364 2011; x_wconf 79' lang='grc' dir='ltr'><strong>τις</strong></span> 
     </span>
     <span class='ocr_line' id='line_1_16' title="bbox 172 2044 1362 2130; baseline 0 -19"><span class='ocrx_word' id='word_1_131' title='bbox 172 2046 269 2112; x_wconf 74' lang='grc' dir='ltr'><strong><em>εἰπεῖν</em></strong></span> <span class='ocrx_word' id='word_1_132' title='bbox 291 2047 380 2115; x_wconf 73' lang='lat' dir='ltr'><strong>caten</strong></span> <span class='ocrx_word' id='word_1_133' title='bbox 413 2046 444 2111; x_wconf 76' lang='grc' dir='ltr'><strong>ἐν</strong></span> <span class='ocrx_word' id='word_1_134' title='bbox 473 2045 562 2113; x_wconf 75' lang='grc' dir='ltr'><strong><em>πόλει</em></strong></span> <span class='ocrx_word' id='word_1_135' title='bbox 594 2044 780 2126; x_wconf 71' lang='grc' dir='ltr'><strong>γιγνομένην</strong></span> <span class='ocrx_word' id='word_1_136' title='bbox 812 2045 936 2129; x_wconf 77' lang='grc' dir='ltr'><strong><em>πότερον</em></strong></span> <span class='ocrx_word' id='word_1_137' title='bbox 958 2054 1123 2130; x_wconf 69' lang='grc' dir='ltr'><strong>Τελχῖνας</strong></span> <span class='ocrx_word' id='word_1_138' title='bbox 1147 2044 1362 2126; x_wconf 64' lang='lat' dir='ltr'><strong>suaromton,</strong></span> 
     </span>
     <span class='ocr_line' id='line_1_17' title="bbox 172 2151 1361 2238; baseline 0.001 -21"><span class='ocrx_word' id='word_1_139' title='bbox 172 2160 207 2217; x_wconf 87' lang='lat' dir='ltr'><strong>lu</strong></span> <span class='ocrx_word' id='word_1_140' title='bbox 232 2153 359 2238; x_wconf 79' lang='lat' dir='ltr'><strong>corrige</strong></span> <span class='ocrx_word' id='word_1_141' title='bbox 383 2151 508 2234; x_wconf 75' lang='grc' dir='ltr'><strong><em>πότερον</em></strong></span> <span class='ocrx_word' id='word_1_142' title='bbox 529 2151 691 2234; x_wconf 78' lang='grc' dir='ltr'><strong>Τέλχινας</strong></span> <span class='ocrx_word' id='word_1_143' title='bbox 713 2152 730 2230; x_wconf 70' lang='grc' dir='ltr'>ἢ</span> <span class='ocrx_word' id='word_1_144' title='bbox 751 2162 915 2236; x_wconf 69' lang='grc' dir='ltr'><strong>Τελχῖνας</strong></span> <span class='ocrx_word' id='word_1_145' title='bbox 936 2152 1140 2233; x_wconf 73' lang='grc' dir='ltr'><strong><em>νὶννιγνωςένν.</em></strong></span> <span class='ocrx_word' id='word_1_146' title='bbox 1189 2153 1361 2238; x_wconf 82' lang='lat' dir='ltr'><strong>Postquam</strong></span> 
     </span>
     <span class='ocr_line' id='line_1_18' title="bbox 172 2255 1363 2345; baseline 0 -21"><span class='ocrx_word' id='word_1_147' title='bbox 172 2257 308 2324; x_wconf 82' lang='lat' dir='ltr'><strong>Graecia</strong></span> <span class='ocrx_word' id='word_1_148' title='bbox 338 2256 450 2325; x_wconf 88' lang='lat' dir='ltr'><strong>elioeta</strong></span> <span class='ocrx_word' id='word_1_149' title='bbox 475 2257 620 2345; x_wconf 83' lang='lat' dir='ltr'><strong>desipere</strong></span> <span class='ocrx_word' id='word_1_150' title='bbox 644 2257 749 2344; x_wconf 91' lang='lat' dir='ltr'><strong>coepit</strong></span> <span class='ocrx_word' id='word_1_151' title='bbox 774 2259 927 2344; x_wconf 77' lang='lat' dir='ltr'><strong>poetastri</strong></span> <span class='ocrx_word' id='word_1_152' title='bbox 955 2259 987 2324; x_wconf 93' lang='lat' dir='ltr'><strong>in</strong></span> <span class='ocrx_word' id='word_1_153' title='bbox 1012 2257 1160 2324; x_wconf 84' lang='lat' dir='ltr'><strong>versibus</strong></span> <span class='ocrx_word' id='word_1_154' title='bbox 1185 2255 1363 2343; x_wconf 80' lang='lat' dir='ltr'><strong>pangendis</strong></span> 
     </span>
     <span class='ocr_line' id='line_1_19' title="bbox 173 2362 1362 2452; baseline 0 -24"><span class='ocrx_word' id='word_1_155' title='bbox 173 2371 282 2449; x_wconf 91' lang='lat' dir='ltr'><strong>spreto</strong></span> <span class='ocrx_word' id='word_1_156' title='bbox 307 2372 408 2430; x_wconf 89' lang='lat' dir='ltr'><strong>metro</strong></span> <span class='ocrx_word' id='word_1_157' title='bbox 432 2373 463 2432; x_wconf 91' lang='lat' dir='ltr'><strong>et</strong></span> <span class='ocrx_word' id='word_1_158' title='bbox 488 2365 669 2450; x_wconf 85' lang='lat' dir='ltr'><strong>quantitate</strong></span> <span class='ocrx_word' id='word_1_159' title='bbox 694 2362 891 2452; x_wconf 77' lang='lat' dir='ltr'><strong>syliabarum</strong></span> <span class='ocrx_word' id='word_1_160' title='bbox 916 2364 959 2430; x_wconf 93' lang='lat' dir='ltr'><strong>nil</strong></span> <span class='ocrx_word' id='word_1_161' title='bbox 986 2365 1047 2431; x_wconf 89' lang='lat' dir='ltr'><strong>nisi</strong></span> <span class='ocrx_word' id='word_1_162' title='bbox 1072 2373 1226 2431; x_wconf 88' lang='lat' dir='ltr'><strong>accentus</strong></span> <span class='ocrx_word' id='word_1_163' title='bbox 1249 2381 1362 2449; x_wconf 90' lang='lat' dir='ltr'><strong>seque·</strong></span> 
     </span>
     <span class='ocr_line' id='line_1_20' title="bbox 174 2467 767 2546; baseline 0.003 -12"><span class='ocrx_word' id='word_1_164' title='bbox 174 2467 308 2546; x_wconf 90' lang='lat' dir='ltr'><strong>bantur,</strong></span> <span class='ocrx_word' id='word_1_165' title='bbox 333 2477 370 2536; x_wconf 92' lang='lat' dir='ltr'><strong>ut</strong></span> <span class='ocrx_word' id='word_1_166' title='bbox 394 2468 576 2536; x_wconf 84' lang='lat' dir='ltr'><strong>trochaicus</strong></span> <span class='ocrx_word' id='word_1_167' title='bbox 602 2472 767 2538; x_wconf 75' lang='lat' dir='ltr'><strong>desonam:</strong></span> 
     </span>
     <span class='ocr_line' id='line_1_21' title="bbox 402 2571 1136 2660; baseline 0.004 -20"><span class='ocrx_word' id='word_1_168' title='bbox 402 2571 423 2640; x_wconf 78' lang='lat' dir='ltr'><strong>d</strong></span> <span class='ocrx_word' id='word_1_169' title='bbox 446 2573 625 2659; x_wconf 73' lang='grc' dir='ltr'><strong><em>βαθυζώνων</em></strong></span> <span class='ocrx_word' id='word_1_170' title='bbox 644 2575 770 2644; x_wconf 72' lang='grc' dir='ltr'><strong><em>ἄνασσαν</em></strong></span> <span class='ocrx_word' id='word_1_171' title='bbox 793 2577 944 2660; x_wconf 60' lang='grc' dir='ltr'><strong><em>Περσνῒων</em></strong></span> <span class='ocrx_word' id='word_1_172' title='bbox 968 2576 1136 2659; x_wconf 67' lang='grc' dir='ltr'><strong><em>ὑπερτάτη.</em></strong></span> 
     </span>
    </p>

    <p class='ocr_par' dir='ltr' id='par_1_5' title="bbox 83 2680 1370 4574">
     <span class='ocr_line' id='line_1_22' title="bbox 173 2680 1363 2770; baseline 0.002 -23"><span class='ocrx_word' id='word_1_173' title='bbox 173 2681 247 2748; x_wconf 90' lang='lat' dir='ltr'><strong>istis</strong></span> <span class='ocrx_word' id='word_1_174' title='bbox 278 2680 436 2748; x_wconf 88' lang='lat' dir='ltr'><strong>iambicus</strong></span> <span class='ocrx_word' id='word_1_175' title='bbox 467 2684 653 2749; x_wconf 89' lang='lat' dir='ltr'><strong>octonarius</strong></span> <span class='ocrx_word' id='word_1_176' title='bbox 687 2683 776 2750; x_wconf 87' lang='lat' dir='ltr'><strong>beret</strong></span> <span class='ocrx_word' id='word_1_177' title='bbox 806 2702 843 2749; x_wconf 87' lang='lat' dir='ltr'><strong>ex</strong></span> <span class='ocrx_word' id='word_1_178' title='bbox 876 2693 1069 2750; x_wconf 89' lang='lat' dir='ltr'><strong>accentuum</strong></span> <span class='ocrx_word' id='word_1_179' title='bbox 1103 2683 1261 2770; x_wconf 90' lang='lat' dir='ltr'><strong>positione</strong></span> <span class='ocrx_word' id='word_1_180' title='bbox 1284 2680 1363 2749; x_wconf 83' lang='lat' dir='ltr'><strong>baec</strong></span> 
     </span>
     <span class='ocr_line' id='line_1_23' title="bbox 173 2786 1364 2876; baseline -0.002 -22"><span class='ocrx_word' id='word_1_181' title='bbox 173 2789 468 2875; x_wconf 88' lang='lat' dir='ltr'><strong>pronuntiantibus.</strong></span> <span class='ocrx_word' id='word_1_182' title='bbox 517 2787 618 2855; x_wconf 80' lang='lat' dir='ltr'><strong>Allert</strong></span> <span class='ocrx_word' id='word_1_183' title='bbox 643 2786 728 2856; x_wconf 85' lang='lat' dir='ltr'><strong>bunc</strong></span> <span class='ocrx_word' id='word_1_184' title='bbox 749 2808 877 2854; x_wconf 90' lang='lat' dir='ltr'><strong>versum</strong></span> <span class='ocrx_word' id='word_1_185' title='bbox 903 2808 977 2854; x_wconf 90' lang='lat' dir='ltr'><strong>cum</strong></span> <span class='ocrx_word' id='word_1_186' title='bbox 997 2787 1110 2855; x_wconf 91' lang='lat' dir='ltr'><strong>multis</strong></span> <span class='ocrx_word' id='word_1_187' title='bbox 1133 2787 1205 2854; x_wconf 93' lang='lat' dir='ltr'><strong>aliis</strong></span> <span class='ocrx_word' id='word_1_188' title='bbox 1228 2788 1284 2876; x_wconf 93' lang='lat' dir='ltr'><strong>qui</strong></span> <span class='ocrx_word' id='word_1_189' title='bbox 1308 2806 1364 2853; x_wconf 85' lang='lat' dir='ltr'><strong>re·</strong></span> 
     </span>
     <span class='ocr_line' id='line_1_24' title="bbox 176 2893 1363 2980; baseline -0.001 -20"><span class='ocrx_word' id='word_1_190' title='bbox 176 2893 343 2961; x_wconf 88' lang='lat' dir='ltr'><strong>bemeuter</strong></span> <span class='ocrx_word' id='word_1_191' title='bbox 367 2893 405 2960; x_wconf 92' lang='lat' dir='ltr'><strong>de</strong></span> <span class='ocrx_word' id='word_1_192' title='bbox 425 2893 608 2980; x_wconf 86' lang='lat' dir='ltr'><strong>aequalium</strong></span> <span class='ocrx_word' id='word_1_193' title='bbox 635 2895 666 2961; x_wconf 94' lang='lat' dir='ltr'><strong>in</strong></span> <span class='ocrx_word' id='word_1_194' title='bbox 688 2915 723 2962; x_wconf 91' lang='lat' dir='ltr'><strong>ea</strong></span> <span class='ocrx_word' id='word_1_195' title='bbox 750 2914 785 2962; x_wconf 90' lang='lat' dir='ltr'><strong>re</strong></span> <span class='ocrx_word' id='word_1_196' title='bbox 803 2895 930 2960; x_wconf 87' lang='lat' dir='ltr'><strong>insania</strong></span> <span class='ocrx_word' id='word_1_197' title='bbox 952 2895 1100 2980; x_wconf 89' lang='lat' dir='ltr'><strong>queritur</strong></span> <span class='ocrx_word' id='word_1_198' title='bbox 1123 2893 1363 2960; x_wconf 87' lang='lat' dir='ltr'><strong>Grammaticus</strong></span> 
     </span>
     <span class='ocr_line' id='line_1_25' title="bbox 172 2999 1364 3087; baseline -0.001 -21"><span class='ocrx_word' id='word_1_199' title='bbox 172 3000 336 3076; x_wconf 89' lang='lat' dir='ltr'><strong>incertus,</strong></span> <span class='ocrx_word' id='word_1_200' title='bbox 361 3019 399 3066; x_wconf 85' lang='lat' dir='ltr'><strong>ex</strong></span> <span class='ocrx_word' id='word_1_201' title='bbox 419 3020 484 3087; x_wconf 94' lang='lat' dir='ltr'><strong>quo</strong></span> <span class='ocrx_word' id='word_1_202' title='bbox 508 3005 670 3086; x_wconf 81' lang='lat' dir='ltr'><strong>pag.185.</strong></span> <span class='ocrx_word' id='word_1_203' title='bbox 696 3001 759 3067; x_wconf 92' lang='lat' dir='ltr'><strong>iam</strong></span> <span class='ocrx_word' id='word_1_204' title='bbox 781 3001 933 3067; x_wconf 90' lang='lat' dir='ltr'><strong>nonnulla</strong></span> <span class='ocrx_word' id='word_1_205' title='bbox 958 2999 1179 3080; x_wconf 80' lang='lat' dir='ltr'><strong>laudavimus,</strong></span> <span class='ocrx_word' id='word_1_206' title='bbox 1205 3018 1268 3086; x_wconf 91' lang='lat' dir='ltr'><strong>qno</strong></span> <span class='ocrx_word' id='word_1_207' title='bbox 1292 2999 1364 3065; x_wconf 83' lang='lat' dir='ltr'><strong>uiuo</strong></span> 
     </span>
     <span class='ocr_line' id='line_1_26' title="bbox 173 3100 1362 3194; baseline 0.003 -24"><span class='ocrx_word' id='word_1_208' title='bbox 173 3105 246 3171; x_wconf 90' lang='lat' dir='ltr'><strong>illee</strong></span> <span class='ocrx_word' id='word_1_209' title='bbox 270 3105 410 3193; x_wconf 89' lang='lat' dir='ltr'><strong>ineptiae</strong></span> <span class='ocrx_word' id='word_1_210' title='bbox 442 3104 659 3192; x_wconf 88' lang='lat' dir='ltr'><strong>propullulure</strong></span> <span class='ocrx_word' id='word_1_211' title='bbox 690 3115 882 3194; x_wconf 90' lang='lat' dir='ltr'><strong>coeperunt:</strong></span> <span class='ocrx_word' id='word_1_212' title='bbox 914 3107 972 3175; x_wconf 71' lang='lat' dir='ltr'><strong>alm</strong></span> <span class='ocrx_word' id='word_1_213' title='bbox 1003 3107 1061 3187; x_wconf 75' lang='lat' dir='ltr'><strong>plo</strong></span> <span class='ocrx_word' id='word_1_214' title='bbox 1086 3100 1136 3173; x_wconf 82' lang='grc' dir='ltr'><strong>οὖν</strong></span> <span class='ocrx_word' id='word_1_215' title='bbox 1160 3105 1266 3191; x_wconf 73' lang='lat' dir='ltr'><strong>lraalp</strong></span> <span class='ocrx_word' id='word_1_216' title='bbox 1289 3129 1362 3189; x_wconf 78' lang='grc' dir='ltr'><strong><em>προ-</em></strong></span> 
     </span>
     <span class='ocr_line' id='line_1_27' title="bbox 172 3210 1363 3298; baseline 0.002 -20"><span class='ocrx_word' id='word_1_217' title='bbox 172 3211 289 3296; x_wconf 72' lang='grc' dir='ltr'><strong><em>φάσει,</em></strong></span> <span class='ocrx_word' id='word_1_218' title='bbox 313 3212 419 3298; x_wconf 82' lang='lat' dir='ltr'><strong>inquit</strong></span> <span class='ocrx_word' id='word_1_219' title='bbox 444 3231 474 3298; x_wconf 89' lang='lat' dir='ltr'><strong>p.</strong></span> <span class='ocrx_word' id='word_1_220' title='bbox 498 3215 580 3289; x_wconf 75' lang='lat'><strong>659,</strong></span> <span class='ocrx_word' id='word_1_221' title='bbox 613 3215 680 3291; x_wconf 74' lang='lat' dir='ltr'><strong>tt,</strong></span> <span class='ocrx_word' id='word_1_222' title='bbox 705 3210 778 3294; x_wconf 74' lang='grc' dir='ltr'><strong>πρὸς</strong></span> <span class='ocrx_word' id='word_1_223' title='bbox 802 3211 873 3279; x_wconf 76' lang='grc' dir='ltr'><strong>τόδε</strong></span> <span class='ocrx_word' id='word_1_224' title='bbox 896 3213 932 3280; x_wconf 78' lang='grc' dir='ltr'><strong>τὸ</strong></span> <span class='ocrx_word' id='word_1_225' title='bbox 955 3221 1010 3288; x_wconf 75' lang='grc' dir='ltr'><strong>τῆς</strong></span> <span class='ocrx_word' id='word_1_226' title='bbox 1035 3213 1127 3296; x_wconf 73' lang='grc' dir='ltr'><strong><em>ὁρμῆς</em></strong></span> <span class='ocrx_word' id='word_1_227' title='bbox 1150 3211 1279 3292; x_wconf 75' lang='grc' dir='ltr'><strong><em>γέγονεν</em></strong></span> <span class='ocrx_word' id='word_1_228' title='bbox 1302 3213 1363 3293; x_wconf 74' lang='grc' dir='ltr'><strong>ἐγὼ</strong></span> 
     </span>
     <span class='ocr_line' id='line_1_28' title="bbox 139 3317 1364 3402; baseline 0.001 -18"><span class='ocrx_word' id='word_1_229' title='bbox 139 3325 142 3330; x_wconf 72' lang='grc'>“</span> <span class='ocrx_word' id='word_1_230' title='bbox 172 3319 229 3399; x_wconf 76' lang='grc' dir='ltr'><strong>μὲν</strong></span> <span class='ocrx_word' id='word_1_231' title='bbox 253 3319 314 3401; x_wconf 80' lang='grc' dir='ltr'><strong>οὐχ</strong></span> <span class='ocrx_word' id='word_1_232' title='bbox 338 3317 408 3402; x_wconf 73' lang='grc' dir='ltr'><strong>δρῶ,</strong></span> <span class='ocrx_word' id='word_1_233' title='bbox 432 3318 507 3384; x_wconf 73' lang='grc' dir='ltr'>ἀλλ’</span> <span class='ocrx_word' id='word_1_234' title='bbox 525 3317 587 3385; x_wconf 75' lang='grc' dir='ltr'><strong>οὐδ’</strong></span> <span class='ocrx_word' id='word_1_235' title='bbox 607 3319 711 3385; x_wconf 79' lang='grc' dir='ltr'><strong><em>ἐκεῖνον</em></strong></span> <span class='ocrx_word' id='word_1_236' title='bbox 730 3317 835 3398; x_wconf 71' lang='grc' dir='ltr'><strong><em>λέγειν</em></strong></span> <span class='ocrx_word' id='word_1_237' title='bbox 855 3317 894 3386; x_wconf 73' lang='grc' dir='ltr'><strong>ἂν</strong></span> <span class='ocrx_word' id='word_1_238' title='bbox 915 3318 1029 3402; x_wconf 79' lang='grc' dir='ltr'><strong><em>ἔχοιεν,</em></strong></span> <span class='ocrx_word' id='word_1_239' title='bbox 1046 3322 1084 3393; x_wconf 75' lang='grc' dir='ltr'><strong>ὥς</strong></span> <span class='ocrx_word' id='word_1_240' title='bbox 1104 3319 1239 3398; x_wconf 63' lang='lat' dir='ltr'><strong>scevoli</strong></span> <span class='ocrx_word' id='word_1_241' title='bbox 1261 3320 1364 3386; x_wconf 70' lang='lat' dir='ltr'><strong>nella.</strong></span> 
     </span>
     <span class='ocr_line' id='line_1_29' title="bbox 174 3423 1363 3512; baseline 0.003 -22"><span class='ocrx_word' id='word_1_242' title='bbox 174 3424 215 3490; x_wconf 81' lang='lat' dir='ltr'><strong>nt</strong></span> <span class='ocrx_word' id='word_1_243' title='bbox 240 3423 360 3511; x_wconf 83' lang='lat' dir='ltr'><strong>placuit</strong></span> <span class='ocrx_word' id='word_1_244' title='bbox 386 3432 455 3489; x_wconf 92' lang='lat' dir='ltr'><strong>tum</strong></span> <span class='ocrx_word' id='word_1_245' title='bbox 482 3423 643 3512; x_wconf 89' lang='lat' dir='ltr'><strong>plerisque</strong></span> <span class='ocrx_word' id='word_1_246' title='bbox 662 3423 811 3490; x_wconf 92' lang='lat' dir='ltr'><strong>omnibus</strong></span> <span class='ocrx_word' id='word_1_247' title='bbox 835 3434 885 3505; x_wconf 92' lang='lat' dir='ltr'><strong>et,</strong></span> <span class='ocrx_word' id='word_1_248' title='bbox 910 3435 946 3492; x_wconf 90' lang='lat' dir='ltr'><strong>ut</strong></span> <span class='ocrx_word' id='word_1_249' title='bbox 968 3427 1036 3512; x_wconf 88' lang='lat' dir='ltr'><strong>ipse</strong></span> <span class='ocrx_word' id='word_1_250' title='bbox 1061 3424 1154 3511; x_wconf 93' lang='lat' dir='ltr'><strong>paulo</strong></span> <span class='ocrx_word' id='word_1_251' title='bbox 1175 3432 1248 3492; x_wconf 90' lang='lat' dir='ltr'><strong>ante</strong></span> <span class='ocrx_word' id='word_1_252' title='bbox 1266 3425 1363 3506; x_wconf 85' lang='lat' dir='ltr'><strong>dixit,</strong></span> 
     </span>
     <span class='ocr_line' id='line_1_30' title="bbox 174 3529 1364 3619; baseline 0.001 -24"><span class='ocrx_word' id='word_1_253' title='bbox 174 3530 290 3608; x_wconf 74' lang='lat' dir='ltr'><strong>latenas</strong></span> <span class='ocrx_word' id='word_1_254' title='bbox 314 3531 357 3597; x_wconf 78' lang='lat' dir='ltr'><strong>rel</strong></span> <span class='ocrx_word' id='word_1_255' title='bbox 379 3531 520 3613; x_wconf 70' lang='grc' dir='ltr'><strong>χερείονα</strong></span> <span class='ocrx_word' id='word_1_256' title='bbox 544 3534 596 3618; x_wconf 86' lang='lat' dir='ltr'><strong>(ex</strong></span> <span class='ocrx_word' id='word_1_257' title='bbox 619 3529 709 3598; x_wconf 88' lang='lat' dir='ltr'><strong>lliad.</strong></span> <span class='ocrx_word' id='word_1_258' title='bbox 732 3540 771 3597; x_wconf 82' lang='grc' dir='ltr'><strong>Α.</strong></span> <span class='ocrx_word' id='word_1_259' title='bbox 798 3530 888 3619; x_wconf 79' lang='lat'>576.)</span> <span class='ocrx_word' id='word_1_260' title='bbox 909 3539 941 3600; x_wconf 91' lang='lat' dir='ltr'><strong>et</strong></span> <span class='ocrx_word' id='word_1_261' title='bbox 962 3540 1154 3619; x_wconf 87' lang='lat' dir='ltr'><strong>postpauca</strong></span> <span class='ocrx_word' id='word_1_262' title='bbox 1174 3530 1228 3598; x_wconf 75' lang='lat' dir='ltr'><strong>sal</strong></span> <span class='ocrx_word' id='word_1_263' title='bbox 1248 3531 1303 3608; x_wconf 73' lang='grc' dir='ltr'><strong>ἤδη</strong></span> <span class='ocrx_word' id='word_1_264' title='bbox 1323 3556 1364 3611; x_wconf 73' lang='grc' dir='ltr'><strong>γε</strong></span> 
     </span>
     <span class='ocr_line' id='line_1_31' title="bbox 174 3634 1364 3728; baseline 0.003 -27"><span class='ocrx_word' id='word_1_265' title='bbox 174 3635 525 3728; x_wconf 59' lang='lat' dir='ltr'><strong>clarissimisque.</strong></span> <span class='ocrx_word' id='word_1_266' title='bbox 575 3636 639 3704; x_wconf 87' lang='lat' dir='ltr'><strong>Usu</strong></span> <span class='ocrx_word' id='word_1_267' title='bbox 662 3646 826 3723; x_wconf 86' lang='lat' dir='ltr'><strong>receptum</strong></span> <span class='ocrx_word' id='word_1_268' title='bbox 847 3636 887 3704; x_wconf 88' lang='lat' dir='ltr'><strong>ab</strong></span> <span class='ocrx_word' id='word_1_269' title='bbox 908 3635 1058 3704; x_wconf 92' lang='lat' dir='ltr'><strong>omnibus</strong></span> <span class='ocrx_word' id='word_1_270' title='bbox 1077 3645 1143 3716; x_wconf 92' lang='lat' dir='ltr'><strong>est,</strong></span> <span class='ocrx_word' id='word_1_271' title='bbox 1168 3644 1201 3703; x_wconf 92' lang='lat' dir='ltr'><strong>et</strong></span> <span class='ocrx_word' id='word_1_272' title='bbox 1225 3634 1364 3704; x_wconf 87' lang='lat' dir='ltr'><strong>adhunc</strong></span> 
     </span>
     <span class='ocr_line' id='line_1_32' title="bbox 176 3740 1363 3831; baseline 0.001 -23"><span class='ocrx_word' id='word_1_273' title='bbox 176 3740 260 3809; x_wconf 87' lang='lat' dir='ltr'><strong>diem</strong></span> <span class='ocrx_word' id='word_1_274' title='bbox 285 3744 340 3828; x_wconf 92' lang='lat' dir='ltr'><strong>qui</strong></span> <span class='ocrx_word' id='word_1_275' title='bbox 367 3745 534 3822; x_wconf 82' lang='lat' dir='ltr'><strong>Graeciam</strong></span> <span class='ocrx_word' id='word_1_276' title='bbox 568 3743 712 3810; x_wconf 87' lang='lat' dir='ltr'><strong>incolunt</strong></span> <span class='ocrx_word' id='word_1_277' title='bbox 736 3743 851 3810; x_wconf 89' lang='lat' dir='ltr'><strong>vitium</strong></span> <span class='ocrx_word' id='word_1_278' title='bbox 881 3743 939 3810; x_wconf 88' lang='lat' dir='ltr'><strong>boc</strong></span> <span class='ocrx_word' id='word_1_279' title='bbox 971 3741 1363 3831; x_wconf 81' lang='lat' dir='ltr'><strong>Constantinopolitanum</strong></span> 
     </span>
     <span class='ocr_line' id='line_1_33' title="bbox 176 3846 1361 3950; baseline 0.001 -35"><span class='ocrx_word' id='word_1_280' title='bbox 176 3848 267 3915; x_wconf 89' lang='lat' dir='ltr'><strong>alunt</strong></span> <span class='ocrx_word' id='word_1_281' title='bbox 290 3859 323 3916; x_wconf 90' lang='lat' dir='ltr'><strong>et</strong></span> <span class='ocrx_word' id='word_1_282' title='bbox 346 3849 462 3917; x_wconf 86' lang='lat' dir='ltr'><strong>invent.</strong></span> <span class='ocrx_word' id='word_1_283' title='bbox 500 3850 580 3915; x_wconf 89' lang='lat' dir='ltr'><strong>lline</strong></span> <span class='ocrx_word' id='word_1_284' title='bbox 602 3846 721 3916; x_wconf 88' lang='lat' dir='ltr'><strong>lactum</strong></span> <span class='ocrx_word' id='word_1_285' title='bbox 742 3857 792 3916; x_wconf 91' lang='lat' dir='ltr'><strong>est</strong></span> <span class='ocrx_word' id='word_1_286' title='bbox 813 3859 848 3915; x_wconf 91' lang='lat' dir='ltr'><strong>ut</strong></span> <span class='ocrx_word' id='word_1_287' title='bbox 868 3848 1015 3918; x_wconf 88' lang='lat' dir='ltr'><strong>Graeculi</strong></span> <span class='ocrx_word' id='word_1_288' title='bbox 1036 3869 1148 3950; x_wconf 82' lang='lat' dir='ltr'><strong>omnes</strong></span> <span class='ocrx_word' id='word_1_289' title='bbox 1166 3857 1361 3917; x_wconf 88' lang='lat' dir='ltr'><strong>accentuum</strong></span> 
     </span>
     <span class='ocr_line' id='line_1_34' title="bbox 176 3953 1364 4043; baseline 0.003 -22"><span class='ocrx_word' id='word_1_290' title='bbox 176 3953 284 4022; x_wconf 91' lang='lat' dir='ltr'><strong>sedem</strong></span> <span class='ocrx_word' id='word_1_291' title='bbox 309 3975 347 4022; x_wconf 81' lang='lat' dir='ltr'><strong>es</strong></span> <span class='ocrx_word' id='word_1_292' title='bbox 377 3955 503 4023; x_wconf 91' lang='lat' dir='ltr'><strong>dicendi</strong></span> <span class='ocrx_word' id='word_1_293' title='bbox 531 3974 592 4021; x_wconf 94' lang='lat' dir='ltr'><strong>usu</strong></span> <span class='ocrx_word' id='word_1_294' title='bbox 616 3958 695 4023; x_wconf 90' lang='lat' dir='ltr'><strong>satis</strong></span> <span class='ocrx_word' id='word_1_295' title='bbox 726 3954 899 4041; x_wconf 83' lang='lat' dir='ltr'><strong>diligenter</strong></span> <span class='ocrx_word' id='word_1_296' title='bbox 924 3964 1054 4023; x_wconf 88' lang='lat' dir='ltr'><strong>teneant</strong></span> <span class='ocrx_word' id='word_1_297' title='bbox 1078 3964 1110 4023; x_wconf 89' lang='lat' dir='ltr'><strong>ct</strong></span> <span class='ocrx_word' id='word_1_298' title='bbox 1135 3977 1207 4024; x_wconf 89' lang='lat' dir='ltr'><strong>raro</strong></span> <span class='ocrx_word' id='word_1_299' title='bbox 1233 3975 1364 4043; x_wconf 88' lang='lat' dir='ltr'><strong>peecare</strong></span> 
     </span>
     <span class='ocr_line' id='line_1_35' title="bbox 176 4060 1364 4151; baseline -0.002 -21"><span class='ocrx_word' id='word_1_300' title='bbox 176 4062 299 4130; x_wconf 89' lang='lat' dir='ltr'><strong>soleant</strong></span> <span class='ocrx_word' id='word_1_301' title='bbox 321 4069 545 4150; x_wconf 89' lang='lat' dir='ltr'><strong>praeterquam</strong></span> <span class='ocrx_word' id='word_1_302' title='bbox 572 4062 605 4126; x_wconf 92' lang='lat' dir='ltr'><strong>iu</strong></span> <span class='ocrx_word' id='word_1_303' title='bbox 629 4060 740 4147; x_wconf 82' lang='lat' dir='ltr'><strong>lingua</strong></span> <span class='ocrx_word' id='word_1_304' title='bbox 765 4063 898 4148; x_wconf 87' lang='lat' dir='ltr'><strong>antiqua</strong></span> <span class='ocrx_word' id='word_1_305' title='bbox 923 4071 955 4128; x_wconf 93' lang='lat' dir='ltr'><strong>et</strong></span> <span class='ocrx_word' id='word_1_306' title='bbox 979 4063 1094 4150; x_wconf 90' lang='lat' dir='ltr'><strong>priscis</strong></span> <span class='ocrx_word' id='word_1_307' title='bbox 1118 4062 1282 4130; x_wconf 87' lang='lat' dir='ltr'><strong>vocabulis</strong></span> <span class='ocrx_word' id='word_1_308' title='bbox 1306 4063 1364 4151; x_wconf 53' lang='lat' dir='ltr'><strong>duf</strong></span> 
     </span>
     <span class='ocr_line' id='line_1_36' title="bbox 175 4166 1368 4256; baseline 0.002 -22"><span class='ocrx_word' id='word_1_309' title='bbox 175 4168 253 4236; x_wconf 94' lang='lat' dir='ltr'><strong>dum</strong></span> <span class='ocrx_word' id='word_1_310' title='bbox 267 4167 435 4248; x_wconf 87' lang='lat' dir='ltr'><strong>obsoletis,</strong></span> <span class='ocrx_word' id='word_1_311' title='bbox 456 4176 513 4235; x_wconf 89' lang='lat' dir='ltr'><strong>aut</strong></span> <span class='ocrx_word' id='word_1_312' title='bbox 533 4169 565 4233; x_wconf 92' lang='lat' dir='ltr'><strong>in</strong></span> <span class='ocrx_word' id='word_1_313' title='bbox 587 4167 627 4232; x_wconf 92' lang='lat' dir='ltr'><strong>iis</strong></span> <span class='ocrx_word' id='word_1_314' title='bbox 644 4166 796 4256; x_wconf 80' lang='lat' dir='ltr'><strong>syllabis,</strong></span> <span class='ocrx_word' id='word_1_315' title='bbox 815 4187 951 4254; x_wconf 89' lang='lat' dir='ltr'><strong>quarum</strong></span> <span class='ocrx_word' id='word_1_316' title='bbox 966 4169 1179 4255; x_wconf 87' lang='lat' dir='ltr'><strong>quantitatem</strong></span> <span class='ocrx_word' id='word_1_317' title='bbox 1193 4169 1368 4248; x_wconf 89' lang='lat' dir='ltr'><strong>nescirent,</strong></span> 
     </span>
     <span class='ocr_line' id='line_1_37' title="bbox 176 4275 1366 4363; baseline 0.001 -23"><span class='ocrx_word' id='word_1_318' title='bbox 176 4276 209 4341; x_wconf 94' lang='lat' dir='ltr'><strong>in</strong></span> <span class='ocrx_word' id='word_1_319' title='bbox 233 4296 297 4363; x_wconf 89' lang='lat' dir='ltr'><strong>quo</strong></span> <span class='ocrx_word' id='word_1_320' title='bbox 320 4295 439 4362; x_wconf 81' lang='lat' dir='ltr'><strong>genere</strong></span> <span class='ocrx_word' id='word_1_321' title='bbox 462 4295 517 4342; x_wconf 89' lang='lat' dir='ltr'><strong>eos</strong></span> <span class='ocrx_word' id='word_1_322' title='bbox 540 4275 718 4342; x_wconf 86' lang='lat' dir='ltr'><strong>sexcenties</strong></span> <span class='ocrx_word' id='word_1_323' title='bbox 738 4276 878 4362; x_wconf 90' lang='lat' dir='ltr'><strong>turpiter</strong></span> <span class='ocrx_word' id='word_1_324' title='bbox 898 4295 1007 4343; x_wconf 85' lang='lat' dir='ltr'><strong>errare</strong></span> <span class='ocrx_word' id='word_1_325' title='bbox 1027 4275 1146 4344; x_wconf 83' lang='lat' dir='ltr'><strong>videas.</strong></span> <span class='ocrx_word' id='word_1_326' title='bbox 1172 4275 1274 4344; x_wconf 90' lang='lat' dir='ltr'><strong>Nemo</strong></span> <span class='ocrx_word' id='word_1_327' title='bbox 1287 4275 1366 4341; x_wconf 88' lang='lat' dir='ltr'><strong>isto·</strong></span> 
     </span>
     <span class='ocr_line' id='line_1_38' title="bbox 83 4378 1366 4469; baseline 0 -24"><span class='ocrx_word' id='word_1_328' title='bbox 83 4449 88 4458; x_wconf 70' lang='grc'>,</span> <span class='ocrx_word' id='word_1_329' title='bbox 177 4400 248 4448; x_wconf 90' lang='lat' dir='ltr'><strong>rum</strong></span> <span class='ocrx_word' id='word_1_330' title='bbox 283 4382 499 4450; x_wconf 87' lang='lat' dir='ltr'><strong>commisisset</strong></span> <span class='ocrx_word' id='word_1_331' title='bbox 532 4380 668 4458; x_wconf 83' lang='lat' dir='ltr'><strong>uitium,</strong></span> <span class='ocrx_word' id='word_1_332' title='bbox 701 4378 784 4467; x_wconf 94' lang='lat' dir='ltr'><strong>quod</strong></span> <span class='ocrx_word' id='word_1_333' title='bbox 818 4381 958 4448; x_wconf 81' lang='lat' dir='ltr'><strong>Srursnrs</strong></span> <span class='ocrx_word' id='word_1_334' title='bbox 983 4383 1014 4448; x_wconf 92' lang='lat' dir='ltr'><strong>in</strong></span> <span class='ocrx_word' id='word_1_335' title='bbox 1040 4384 1211 4451; x_wconf 80' lang='lat' dir='ltr'><strong>Puursnoer</strong></span> <span class='ocrx_word' id='word_1_336' title='bbox 1235 4400 1366 4469; x_wconf 91' lang='lat' dir='ltr'><strong>compa·</strong></span> 
     </span>
     <span class='ocr_line' id='line_1_39' title="bbox 176 4485 1370 4574; baseline 0 -21"><span class='ocrx_word' id='word_1_337' title='bbox 176 4488 303 4555; x_wconf 88' lang='lat' dir='ltr'><strong>ratione</strong></span> <span class='ocrx_word' id='word_1_338' title='bbox 340 4487 451 4554; x_wconf 80' lang='lat' dir='ltr'><strong>Tlresei</strong></span> <span class='ocrx_word' id='word_1_339' title='bbox 474 4494 504 4554; x_wconf 92' lang='lat' dir='ltr'><strong>et</strong></span> <span class='ocrx_word' id='word_1_340' title='bbox 538 4485 662 4554; x_wconf 81' lang='lat' dir='ltr'><strong>Romrrli</strong></span> <span class='ocrx_word' id='word_1_341' title='bbox 686 4507 756 4574; x_wconf 86' lang='lat' dir='ltr'><strong>cap.</strong></span> <span class='ocrx_word' id='word_1_342' title='bbox 783 4491 824 4566; x_wconf 86' lang='grc'><strong>6,</strong></span> <span class='ocrx_word' id='word_1_343' title='bbox 851 4487 905 4574; x_wconf 90' lang='lat' dir='ltr'><strong>qui</strong></span> <span class='ocrx_word' id='word_1_344' title='bbox 930 4487 1031 4556; x_wconf 91' lang='lat' dir='ltr'><strong>edidit</strong></span> <span class='ocrx_word' id='word_1_345' title='bbox 1062 4491 1094 4555; x_wconf 81' lang='grc' dir='ltr'><strong>οὐ</strong></span> <span class='ocrx_word' id='word_1_346' title='bbox 1118 4491 1181 4574; x_wconf 66' lang='grc' dir='ltr'><strong>γὰρ</strong></span> <span class='ocrx_word' id='word_1_347' title='bbox 1205 4485 1370 4568; x_wconf 70' lang='grc' dir='ltr'><strong><em>ἀξιώτεραί</em></strong></span> 
     </span>
    </p>
   </div>
   <div class='ocr_carea' id='block_1_5' title="bbox 0 0 1590 4972">
    <p class='ocr_par' dir='ltr' id='par_1_6' title="bbox 0 0 1590 4972">
     <span class='ocr_line' id='line_1_40' title="bbox 0 0 1590 4972; baseline 0 0"><span class='ocrx_word' id='word_1_348' title='bbox 0 0 1590 4972; x_wconf 95' lang='lat' dir='ltr'><strong> </strong></span> 
     </span>
    </p>
   </div>
  </div>
 </body>
</html>
