3086 4974
827 341 898 414 otu

265 539 356 620 θνρῖον
381 531 435 622 [εἰ]
458 533 597 614 έμποθοθν
619 561 650 604 το
675 535 884 614 ποιησαίμεθα
907 535 1051 615 γενέσθαι
1075 535 1164 614 sinis:
1185 547 1230 584 -'-
1246 532 1312 622 [οὐκ
1328 532 1366 599 θον
1384 532 1446 615 πρέ·

265 667 365 711 τοντα
389 643 463 720 ἡμῖν
486 641 643 723 δοκοίημεν
665 641 799 729 nocriol,
825 640 941 726 duplex
961 641 1120 708 emblema
1143 641 1236 708 lacile
1255 641 1446 726 agnoscitur.

267 749 378 836 ltaque
401 746 573 834 Euripides
597 767 724 835 quoque
748 747 793 812 ita
817 745 958 813 dixerat:

458 854 563 920 οὔκουν
585 852 652 922 stt’
676 853 806 936 αἰσχρὸν
830 855 856 919 εἱ
880 852 1030 931 βλέποντι
1053 853 1111 932 μὲν
1133 853 1218 936 φέλυ

447 959 620 1042 'expoliari’
643 962 683 1033 hs
707 959 732 1025 θ’
756 961 853 1026 ὄλωλε
876 962 921 1038 μὴ
943 961 1130 1042 χρΩΙμεοθ·
1154 958 1220 1035 ἔτος

269 1065 321 1133 ubi
353 1064 452 1134 semel
475 1065 648 1148 ’θχοθμεθ
680 1067 790 1132 asuisit
820 1067 959 1152 primam
994 1063 1121 1132 literam
1155 1064 1280 1152 reliqua
1310 1061 1398 1132 lncile
1419 1064 1447 1128 iu

267 1171 428 1260 rsulgatam
465 1171 602 1240 loctunam
638 1172 747 1240 relicta
778 1181 866 1239 sulit.
923 1172 958 1238 lu
992 1171 1085 1238 libris
1119 1171 1323 1260 perantiquis
1354 1169 1447 1256 prima

267 1281 425 1366 cuiusque
457 1299 571 1345 vorsus
603 1278 696 1345 litero
730 1279 770 1346 ab
793 1277 856 1345 alio
880 1278 987 1345 scriba
1013 1277 1112 1344 rubro
1135 1277 1242 1344 colore
1267 1273 1448 1364 appiugebn·

269 1393 342 1464 tur‚
368 1383 452 1451 unde
475 1383 581 1452 crebri
604 1405 732 1452 errores
753 1385 820 1451 nati
840 1393 937 1464 sunt,
958 1392 1000 1450 nt
1021 1384 1053 1450 in
1074 1383 1175 1450 Rheso
1197 1403 1246 1452 vs.
1260 1387 1339 1451 967.
1358 1399 1446 1468 quun

266 1499 352 1556 esset
376 1490 408 1556 io
434 1499 559 1558 uetusto
581 1490 680 1559 libro:

440 1597 575 1664 ΙἈΙΟΝ
598 1597 630 1665 δέ
654 1597 758 1671 πένθος
781 1605 838 1675 τῆς
862 1597 1038 1671 θαλασσίας
1062 1597 1127 1664 θεοῦ
1148 1594 1154 1686 Ι
1173 1595 1256 1664 οἷον.

268 1711 382 1790 stnpm
412 1701 553 1770 bominis
579 1703 719 1792 explevit
750 1701 861 1784 βανθν,
892 1722 992 1790 quum
1022 1706 1092 1788 ῥᾷον
1117 1703 1290 1792 (ῬΑΙΟΝ)
1315 1700 1446 1771 deberet:

267 1806 323 1877 sed
356 1827 514 1896 nusquam
548 1810 640 1896 peius
672 1819 817 1878 erratum
849 1827 947 1898 quarn
981 1809 1012 1876 in
1046 1808 1175 1876 Electra
1208 1830 1257 1876 us.
1287 1814 1373 1890 nst,
1401 1805 1446 1873 nbi

268 1923 338 1982 erut
360 1916 392 1980 in
417 1924 525 1984 vetere
550 1915 649 1982 libro:

518 2022 534 2055 ⁴
549 2023 612 2089 Εἶθ’
636 2023 738 2100 ἧλθους
763 2021 793 2088 έν
816 2017 891 2090 olon
915 2021 1038 2103 οἱγνεθεο
1061 2023 1159 2102 γυνθ,

270 2145 326 2214 pro
359 2125 469 2217 (niiz'
501 2127 622 2204 ἡλίους,
655 2126 710 2194 scd
743 2127 912 2195 substituit
945 2126 1243 2208 bonruncio'hty'
1269 2129 1366 2206 θοθους
1389 2125 1447 2192 siue

268 2251 376 2300 sensu.

315 2338 383 2406 Uno
407 2357 503 2427 opera
528 2339 613 2407 idem
637 2338 790 2408 mendum
816 2342 920 2410 tribus
944 2340 1022 2410 locis
1046 2343 1219 2429 repetitum
1246 2340 1355 2409 tollere
1373 2339 1446 2407 licet.

270 2444 305 2511 ln
331 2445 511 2514 Phoenissis
535 2445 644 2514 editur
668 2467 713 2514 rs.
741 2453 817 2516 ttt.

472 2559 533 2626 ,ποῦ
555 2552 584 2619 θ’
608 2549 640 2628 ὃς
664 2553 729 2633 hesel
754 2557 831 2634 prais
853 2553 991 2634 γένετ’
1014 2555 1050 2621 hs
1072 2554 1208 2638 ματρθς;
1528 2635 1529 2644 ¹

266 2667 299 2724 et
323 2657 355 2724 in
384 2657 491 2726 Oreste
513 2677 560 2725 νε.
588 2661 663 2728 499.
1528 2659 1529 2741 l

418 2847 420 2852 ,
492 2765 587 2841 arisbe
611 2766 725 2834 κακέυν
746 2767 763 2832 έ
770 2764 915 2847 γένετο
938 2765 1059 2849 μητέρα
1081 2768 1209 2834 οοπανοθν.

267 2881 299 2938 et
322 2871 354 2937 in
382 2871 606 2958 Aristophanis
627 2871 748 2952 Avibus
771 2892 820 2941 vs.
847 2877 925 2940 701.

311 2975 570 3059 ξυμμιγνυμένων
589 2978 615 3044 h'
639 2977 745 3060 έπέροον
769 2977 877 3061 έπέοοος
901 2977 1007 3058 γένετ’
1030 2980 1152 3062 οὐρανὸς
1175 2977 1334 3054 Ὠκεανός
1356 3001 1398 3046 τε.

313 3083 494 3164 Porsoous,
519 3083 604 3170 quod
629 3084 797 3152 rarissime
824 3083 919 3161 lacit,
946 3105 1075 3153 versum
1100 3082 1263 3154 elumbem
1288 3093 1321 3154 et
1343 3086 1444 3152 intoto-

158 3219 161 3230 ·
268 3188 415 3256 dolatum
441 3189 591 3277 procudit
617 3189 723 3258 bunc:

495 3297 589 3372 αὐτὸς
612 3297 727 3365 κανέου
749 3295 856 3379 ματέρ’
880 3296 1003 3378 έγένεπο
1026 3297 1154 3366 ernstio.

270 3399 454 3490 tribrachys
477 3403 511 3470 in
534 3423 571 3470 ea
595 3403 751 3472 divisione
771 3403 941 3471 verltorum
964 3425 1027 3471 non
1049 3413 1137 3472 reete
1158 3407 1291 3491 ponitur
1310 3409 1342 3468 et
1357 3397 1443 3468 molto

268 3507 484 3575 severioribus
515 3509 641 3597 legibus
670 3520 700 3579 et
735 3509 856 3598 dactyli
881 3529 958 3578 usus
980 3519 1013 3579 et
1041 3509 1199 3577 tribrachi
1224 3512 1257 3576 in
1283 3501 1443 3593 Tragoedia
1525 3499 1526 3587 l

270 3616 416 3700 regitur,
437 3614 477 3683 de
501 3637 563 3704 qua
590 3639 624 3685 re
646 3617 721 3685 alibi
746 3616 864 3682 dicam.
914 3615 1056 3704 Simplex
1080 3615 1254 3683 admodum
1279 3613 1388 3681 borum
1406 3607 1442 3674 lo

268 3739 380 3787 corum
404 3721 589 3789 eruendatio
615 3732 665 3790 est
688 3720 855 3790 crearem
880 3723 1036 3790 onmium.
1084 3723 1209 3808 corrig.
1236 3719 1268 3797 ὃς
1293 3721 1356 3800 ἐμοὶ
1376 3719 1441 3798 ntis
1524 3763 1525 3794 t

268 3835 468 3894 reroNeN
499 3829 534 3895 έκ
565 3829 702 3911 ματρός,
726 3837 766 3894 act
792 3829 905 3894 κακέοον
929 3838 1099 3896 ΓΕΓΟΝΕ
1122 3827 1243 3911 μητέρα
1266 3827 1395 3902 κτανών,
1416 3827 1441 3885 tl
1524 3799 1525 3869 έ

267 3933 419 4002 ΓΕΓΟΝ·
449 3934 582 4017 οὖρανθς.
631 3935 675 4002 lle
707 3935 788 4002 siris
811 3943 844 4001 et
868 3935 1099 4022 superstitibus
1131 3933 1307 4021 perlectum
1339 3929 1441 4010 γέγονα

269 4039 407 4120 dicitur,
432 4044 566 4121 γεγονὼς
590 4041 651 4125 tp·
675 4039 882 4121 Ἡρακλέους,
906 4041 1027 4122 γέγονα
1052 4043 1108 4110 suls
1129 4041 1260 4108 έλαοπον
1278 4030 1441 4121 ἣτροθκοντ’
1523 4065 1524 4151 p

268 4145 343 4225 έτν,
363 4149 480 4235 [ratres
502 4154 580 4213 sunt
603 4149 629 4214 ol
652 4145 759 4226 θμθθεν
781 4152 941 4226 γεγῶτες,
965 4157 997 4216 et
1021 4149 1069 4215 sic
1093 4148 1222 4236 passim.

285 4325 287 4334 ,
315 4251 350 4318 ln
376 4251 557 4320 Phoenissis
580 4273 625 4320 us.
652 4257 729 4320 tte.
1522 4309 1523 4326 r

453 4353 487 4432 hs
509 4364 632 4426 ταῦτα·
658 4357 744 4445 κᾷτά
768 4363 802 4426 r’
826 4355 916 4436 ἦλθεν
937 4359 1034 4434 ἄλλος
1058 4355 1099 4426 αὖ
1121 4356 1242 4444 φυγοὶο.

271 4459 471 4530 intolerabile
504 4463 589 4530 istud
621 4488 662 4545 γε
693 4467 874 4533 sexcenties
897 4487 915 4531 a
942 4466 1049 4534 sciolis
1081 4467 1154 4552 πρὸς
1179 4468 1213 4534 sl
1244 4457 1367 4542 κεκονθο
1393 4453 1436 4518 τοῦ
1521 4539 1522 4542 ¹
