3178 4972
820 359 1004 434 28·

251 552 380 622 luerunt
410 554 443 621 iu
472 575 551 622 usu:
581 556 663 634 ἀλῶ,
694 561 802 636 καλῶ,
835 560 935 632 τελῶ,
962 557 1082 632 γαμῶ,
1115 553 1193 629 ὀλῶ,
1223 553 1316 630 κομῶ,
1348 550 1440 631 ςιρῶ,
1529 565 1533 572 ’

250 663 376 745 dudini,
401 667 592 744 reexcitare,
625 670 657 728 cl
680 663 759 738 έλῶ,
791 663 896 743 βιβῶ,
928 665 1046 742 repeirri,
1076 663 1179 737 σεσῶ,
1211 663 1301 738 nepai,
1325 656 1439 734 σκιδιῖι,

251 772 351 833 read:
378 767 501 833 rariora
526 776 602 833 sunt
625 775 702 834 κιλῶ
727 777 756 835 et
780 775 936 846 κιλῶμαιε
961 762 1159 850 singularia,
1186 760 1438 849 nobisquidem,

250 871 343 950 ἕξεσῶ
366 871 450 959 apud
482 870 648 938 lsoearauu
673 893 703 959 p.
731 878 804 940 195.
829 894 857 939 c.
883 872 952 938 ooll.
979 870 1108 936 Auuutt.
1135 868 1270 936 Banasa}
1294 889 1325 954 p.
1351 873 1437 946 tot,

251 981 306 1043 52.
331 985 363 1045 et
385 984 498 1044 σωσκιῶ
529 980 561 1043 in
587 978 751 1046 Soreocem
785 977 891 1066 Oedr'p.
923 977 1028 1044 Colum
1056 995 1102 1042 rs.
1132 978 1207 1042 tuo.
1256 973 1314 1040 llis
1338 975 1440 1060 igitur
1573 1026 1579 1045 .

249 1081 363 1149 dormis
386 1083 483 1150 Attici
505 1083 582 1150 aulis
606 1084 799 1159 utebantur,
833 1092 869 1150 ut
894 1102 1071 1169 numquam
1095 1082 1267 1168 quisquam
1291 1079 1437 1160 καλέσω,

249 1188 417 1256 διατελέσω
443 1197 500 1255 aut
523 1189 673 1257 similiter
695 1191 834 1264 diceret.
860 1210 964 1275 neque
988 1188 1109 1264 έλασω,
1141 1185 1287 1266 dedalea,
1310 1185 1437 1254 σεσασω

250 1303 308 1362 aut
328 1294 503 1381 quidquam
526 1294 565 1362 de
584 1299 741 1374 caeteris,
767 1315 868 1384 neque
888 1297 967 1362 aden
987 1295 1162 1374 καλέσωωωι
1175 1292 1440 1372 ιιιῑιὶιαβιβέσα-

249 1425 309 1482 μαι
333 1409 389 1468 aut
412 1399 499 1467 aliud
523 1401 602 1489 quid
634 1402 815 1470 huiusmodi
841 1413 925 1469 esset
949 1404 981 1467 in
1009 1421 1079 1468 usu.
1127 1397 1350 1466 Animadverti
1381 1397 1438 1466 baa

249 1507 371 1574 formas
397 1508 460 1572 iam
494 1506 569 1573 olim
603 1507 765 1575 interiisse
788 1519 820 1576 et
844 1509 1105 1595 antiquissimam
1134 1523 1205 1572 csse
1228 1503 1350 1581 labem,
1374 1521 1439 1594 qua

250 1613 391 1692 καλέσω,
424 1613 616 1692 καλέσαμαι,
646 1615 794 1696 βιβασω,
827 1615 1026 1695 depeream,
1058 1610 1176 1688 έλιέσω,
1207 1609 1375 1678 διατελέσαι
1406 1619 1439 1677 et

250 1718 368 1786 similia
392 1738 505 1786 nurnes
526 1719 692 1806 coeperint
715 1719 823 1788 dicere
842 1731 873 1787 et
896 1721 1047 1788 seribere.
1086 1713 1167 1784 llinc
1188 1717 1308 1784 lactum
1330 1725 1380 1784 est
1403 1726 1438 1782 ut

251 1845 351 1892 norae
375 1823 496 1892 formae
529 1827 648 1912 passim
677 1825 888 1913 subreperent
913 1829 944 1892 iu
970 1825 1177 1912 antiquarum
1202 1822 1329 1900 sedem,
1354 1821 1440 1891 undo

250 1933 399 2020 sequitur
422 1930 621 1999 restituenda
645 1951 715 1999 esse
740 1932 858 2019 ubique
881 1932 1023 2000 loeorum
1049 1950 1132 2018 quae
1155 1936 1281 1996 constet
1304 1929 1383 1996 uitio
1406 1937 1439 1998 et

250 2037 364 2106 fraude
387 2058 456 2104 esse
479 2037 519 2104 de
542 2037 609 2104 loco
633 2036 768 2106 deiecta.
815 2039 926 2126 ltaque
950 2037 1092 2116 καλέσω,
1120 2045 1153 2102 ut
1175 2035 1234 2102 boe
1257 2043 1350 2114 utar,
1377 2055 1438 2102 uu·

250 2144 346 2232 dique
379 2153 428 2210 est
463 2142 704 2230 expellendum,
740 2165 803 2232 quo
839 2144 922 2212 male
958 2143 1068 2229 pedem
1102 2139 1213 2208 intulit
1245 2142 1322 2230 (uisi
1354 2141 1439 2209 forte

248 2250 475 2317 corriunotirus
498 2250 559 2326 sit,
586 2259 620 2315 ut
644 2249 729 2337 apud
754 2251 931 2318 Soraoceurr
955 2251 987 2316 in
1013 2248 1149 2314 Ptttoer.
1175 2251 1283 2327 tutte,

524 2355 600 2440 Φέρε
623 2381 673 2421 ναι
695 2355 809 2436 ςσέχαι
831 2357 936 2441 χώραν
953 2355 1092 2421 καλέσω.

248 2471 280 2529 et
307 2463 338 2528 in
362 2463 583 2528 dursaormms
605 2461 700 2529 Pluto
727 2465 804 2529 aot.

524 2567 601 2651 Φέρε
624 2593 673 2634 ναι
695 2569 758 2647 tyb
781 2575 840 2636 τῶν
863 2568 975 2636 dedoleo
1000 2567 1122 2634 καλέσω
1146 2567 1227 2634 τινα.

244 2682 277 2740 el
301 2673 437 2761 Lysr'str.
465 2679 525 2741 sslll
554 2683 585 2741 ct
610 2677 689 2760 864)
714 2684 746 2742 el
770 2677 953 2755 έγκαλέσω,
977 2674 1225 2753 ἐπικαλέσωμαι,
1250 2673 1437 2752 διατελέσαι,

244 2799 327 2867 quae
358 2778 529 2868 aliquoties
560 2781 591 2846 in
628 2783 766 2849 Pinnous
797 2790 828 2848 et
862 2779 1052 2848 Oratoribus
1076 2790 1107 2846 et
1132 2779 1204 2846 aliis
1236 2791 1435 2859 occurrunt,

243 2896 332 2954 certa
363 2886 587 2954 emendatione
623 2887 809 2974 retinganda
841 2896 919 2953 suut
949 2887 987 2952 ad
1020 2893 1221 2952 constantem
1255 2896 1286 2954 et
1320 2907 1435 2974 perpe·

242 3002 335 3059 tuum
369 2993 542 3059 Atticorum
575 3012 680 3058 usum.
737 2992 803 3058 llou
838 2995 942 3077 magis
975 2990 1168 3078 parcendum
1203 3000 1252 3058 est
1283 2993 1435 3060 soloecis·

244 3102 326 3177 miS,
351 3099 462 3185 quales
484 3106 560 3165 sunl
582 3097 729 3178 βιβασω,
754 3097 977 3179 αρισβιβιέσω,
1004 3099 1247 3178 ἀναβιβάσομαι
1270 3108 1352 3176 ele,
1378 3100 1434 3186 qul

244 3202 439 3289 ubicumque
462 3203 547 3291 apud
570 3214 692 3270 veteres
712 3203 885 3290 leguntur,
914 3203 1143 3272 Graeculorum
1166 3204 1243 3270 uitio
1262 3203 1434 3290 leguntur.

243 3329 306 3375 nou
342 3309 540 3376 θιαιιονωιη.
589 3310 624 3377 ln
650 3312 760 3377 anirno
790 3319 841 3378 est
869 3311 1042 3377 Atticorum
1073 3310 1179 3390 locos,
1213 3313 1270 3398 qui
1293 3311 1356 3378 buc
1379 3311 1434 3378 la·

242 3417 349 3492 cient,
380 3415 552 3502 diligenter
584 3415 734 3484 collectos
765 3418 851 3485 inter
875 3437 909 3484 se
933 3437 1123 3503 componere
1151 3425 1184 3485 et
1212 3417 1434 3486 demonstrare

242 3522 442 3608 scripturas,
475 3543 556 3609 quas
579 3523 777 3610 improbem,
813 3543 877 3590 non
909 3543 977 3590 esse
1002 3524 1153 3610 autiquae
1176 3532 1233 3589 aut
1256 3543 1351 3588 sanas
1376 3522 1433 3590 sed

241 3630 385 3716 antiquis
409 3637 442 3695 et
465 3631 553 3696 sanis
576 3631 782 3697 substitutas.
831 3630 952 3697 Poterit
976 3627 1037 3695 sibi
1062 3631 1200 3716 quisque
1221 3629 1306 3696 inter
1327 3627 1434 3715 legeu-

242 3733 320 3800 dum
345 3733 439 3801 facile
462 3735 627 3823 explorare
652 3738 773 3804 satisne
798 3755 908 3804 uerum
935 3745 967 3803 et
993 3745 1118 3803 certum
1143 3738 1207 3812 sit,
1235 3733 1321 3824 quod
1346 3755 1433 3804 nunc

241 3840 354 3928 paucis
385 3861 569 3928 expromam
594 3851 626 3908 et
650 3842 808 3909 eiusmodi
841 3851 908 3919 est,
944 3851 979 3909 ot
1002 3861 1072 3909 eam
1107 3843 1357 3909 controuersiam
1383 3842 1433 3908 rel

240 3947 345 4012 sulum
366 3947 520 4016 dirimere
541 3950 652 4036 possit.
685 3949 840 4026 librarii,
861 3949 1024 4036 magistri,
1045 3947 1180 4015 lectores
1199 3968 1294 4016 omno
1313 3967 1433 4044 genus,

241 4055 297 4140 qui
322 4062 447 4121 ueteres
470 4054 590 4122 lormas
614 4054 835 4141 expellebant,
857 4054 1046 4142 ubieunque
1071 4074 1132 4120 nou
1157 4055 1237 4120 satis
1258 4053 1433 4141 apparebat

242 4157 343 4226 luturi
370 4161 524 4249 temporis
547 4181 601 4228 aas
626 4159 746 4227 formas
765 4181 853 4239 esse,
877 4159 1233 4235 manus-abstinebatur
1253 4160 1433 4245 praesentis

241 4266 397 4352 temporis
428 4285 497 4334 esse
530 4268 740 4352 suspicantur
763 4278 794 4335 et
818 4276 949 4334 seruant
973 4268 1130 4346 intactas,
1158 4265 1211 4331 ubi
1235 4273 1322 4332 καλῶ
1346 4287 1376 4332 r.
1400 4287 1430 4334 c.

241 4369 390 4438 luturuur
415 4391 483 4439 esse
511 4372 696 4460 intelligunt
721 4374 754 4438 in
779 4373 902 4440 καλέσω
928 4372 1108 4459 relinqunt,
1141 4370 1195 4438 ubi
1220 4390 1281 4438 nou
1306 4370 1432 4438 intelli-

238 4485 324 4563 gunt
348 4475 428 4544 nibil
452 4489 592 4548 moreat.
628 4478 732 4548 Locus
754 4489 804 4546 est
829 4482 861 4546 iu
887 4480 1048 4546 Arseerurs
1074 4477 1279 4558 Timerelteo,
1306 4477 1433 4546 abibis
