3150 4972
709 377 779 448 135

156 569 340 656 planissime
362 573 533 641 confirmat
553 575 691 654 ἐπίνεψις
705 569 789 658 apud
804 571 1012 635 dmsrornnru
1028 567 1188 634 Problem.
1202 570 1264 643 26,
1289 568 1343 631 40.

152 677 202 744 διά
235 679 270 744 τό
291 681 315 746 οἱ
339 679 415 747 νότοι
439 681 539 762 μικροὶ
564 682 621 760 μὲν
644 679 784 750 πνέοντες
809 677 840 741 οὐ
865 679 998 740 ποιοῦσιν
1022 674 1178 753 ε’πόνεψιν,
1203 669 1341 752 μεγάλοι

153 786 184 852 δέ
216 784 371 866 γενόμενοι
405 787 619 870 έπινεφοῦσιν,
651 787 715 850 imo
739 803 814 850 vero
838 781 1046 864 έπινέφοωσιν,
1071 790 1105 848 et
1128 779 1187 847 hoo
1209 780 1341 846 nrexm

153 891 248 960 redde
272 891 357 978 apud
384 892 475 957 Puor.
503 913 530 957 v.
555 893 834 973 μᾶλλονμᾶλλον.

382 1004 445 1070 πῶς
468 997 605 1081 έπινέφει
629 999 664 1063 τό
688 1003 803 1078 πρῶτον
826 997 840 1061 ό
864 996 940 1069 Ζεὺς
965 996 1068 1077 ἡσυχῇ

378 1102 487 1170 ἔπειτα
511 1107 634 1183 μάλλον
658 1108 798 1183 μάλλον,

152 1231 207 1298 pro
229 1212 382 1293 ε’πινεφεῒ.
429 1210 617 1289 Graeculis,
642 1210 698 1296 qui
723 1207 865 1274 solebant
890 1211 1049 1289 συννεφεῖν
1068 1207 1101 1270 in
1121 1203 1212 1270 libris
1233 1201 1341 1269 videre

152 1326 182 1383 et
204 1317 249 1382 ita
272 1323 451 1402 coeperunt
475 1319 660 1405 scriptitare
681 1323 713 1382 et
733 1315 915 1397 συννεφησει
936 1313 1044 1379 dicere
1063 1320 1095 1377 ct
1109 1308 1245 1386 similia,
1266 1328 1342 1375 suos

152 1441 275 1489 errores
301 1422 450 1488 lubenter
473 1421 700 1509 relinquimus.

196 1528 321 1594 luerim
353 1547 450 1594 causa
488 1548 588 1595 unum
619 1527 752 1595 verbum
787 1533 878 1593 vetus
910 1523 1080 1601 adiiciam,
1113 1521 1153 1588 de
1183 1521 1342 1608 palaestra

154 1643 315 1709 sumtum.
341 1634 374 1698 in
400 1653 463 1719 quo
486 1632 693 1700 deformando
717 1642 749 1700 et
774 1633 804 1697 in
828 1631 890 1697 alia
910 1633 1017 1697 omnia
1035 1627 1246 1717 pervertendo
1265 1627 1344 1692 scri·

154 1740 262 1807 barum
289 1741 381 1806 natio
404 1740 595 1807 coniuravit.
646 1739 785 1806 Verbum
811 1745 860 1804 est
879 1739 999 1804 πλίσσω
1021 1745 1053 1802 et
1072 1735 1245 1814 πλέσσομαι
1265 1753 1340 1799 oum

155 1854 216 1914 iota
248 1846 461 1932 cognatione,
485 1846 635 1925 πλέγμα,
659 1845 801 1926 πλιχάς,
830 1841 996 1926 άμΦιπλόξ
1008 1893 1016 1922 ,
1042 1841 1207 1923 περιπλόξ,
1231 1841 1345 1906 διαπε-

154 1955 291 2033 πλιχάς,
321 1951 602 2030 διαπεπλιγμένος,
626 1951 898 2032 ἕμπεπλιγμὲνος,
922 1949 1138 2027 ἀπεπλίξατο,
1162 1948 1344 2032 άμφιπλόσ·

155 2083 214 2138 σω,
252 2058 468 2138 περιπλέσσω,
505 2059 731 2136 καταπλάσσω,
763 2077 844 2145 quae
880 2058 1006 2144 quoties
1030 2063 1225 2130 occurrunt,
1251 2054 1345 2118 toties

155 2161 217 2230 [erc
247 2162 473 2250 depravamur
501 2164 533 2228 in
564 2172 720 2244 πληγμα,
750 2164 941 2248 άμφιπληξ,
967 2160 1259 2240 διαπεπληγμένος,
1283 2159 1346 2225 δια·

156 2269 391 2350 πεπλεγμένος,
417 2268 548 2337 similia.
576 2270 696 2336 Poucux
721 2271 760 2336 ll.
787 2275 860 2336 172.
880 2270 999 2336 diserte
1024 2268 1124 2335 multa
1144 2287 1183 2334 ex
1196 2265 1247 2332 his
1257 2285 1345 2332 com·

157 2385 329 2451 memorat,
363 2373 418 2440 sed
448 2377 617 2462 antiquum
644 2375 790 2442 obtinent
814 2374 960 2452 scribae,
986 2376 1042 2463 quii
1064 2371 1346 2456 περιπεπληγμένα

156 2488 234 2549 τοῦτ’
265 2481 314 2552 ἔτι
345 2482 479 2563 διηχότα
510 2483 552 2548 τά
585 2481 786 2558 radasbona
813 2481 873 2548 lide
896 2480 1065 2547 dederunt.
1115 2479 1272 2546 Palmaria
1297 2487 1346 2544 est

156 2588 188 2655 G.
220 2589 384 2656 lirnoonru
415 2587 616 2667 emendatio,
650 2609 713 2675 qua
737 2588 939 2654 dmsroronm
966 2584 1108 2652 reddidit
1132 2585 1170 2651 ad
1197 2584 1348 2652 Serenam

162 2693 248 2761 Τόιοι.
273 2715 305 2760 ν.
332 2694 551 2761 καταπλέσσω.

384 2794 485 2879 ἤμην
508 2801 580 2875 ἴσως
604 2800 642 2865 σὺ
667 2800 901 2878 καταπλιγησει
925 2799 968 2880 τῷ
991 2799 1100 2882 χρόνῳ.

159 2927 212 2994 pro
224 2909 464 2989 καταπληγιίση
475 2916 508 2973 et
522 2907 674 2972 Hasrcruo
700 2929 803 2971 κατα
813 2922 865 2970 πλ
875 2929 914 2983 ιγ
927 2906 1031 2980 dcet:
1056 2905 1091 2970 τὸ
1111 2903 1204 2983 βῆμα
1217 2905 1350 2984 πλέγμα

159 3014 291 3094 λέγουσι.
330 3012 367 3078 τό
397 3010 446 3080 οὖν
480 3011 735 3090 καταπλέξαι
768 3011 961 3091 μετάγοντες
992 3011 1055 3076 άπὸ
1084 3016 1143 3076 τῶν
1167 3010 1349 3090 κωλιομένων
1375 3027 1376 3032 ’

159 3121 208 3184 καὶ
238 3129 304 3194 τοῖς
336 3120 407 3184 ποσὶ
433 3119 689 3201 κατατρεχόντων
713 3117 789 3184 οὕτω
812 3118 932 3200 Φασόν,
959 3118 1020 3181 nisi
1044 3115 1128 3202 quod
1152 3117 1349 3199 κατεχόντων

160 3225 292 3293 debebat
327 3244 481 3312 reponere
506 3244 563 3311 pro
587 3225 861 3306 κατατρεχόντων,
886 3221 1000 3289 collato
1026 3222 1182 3289 llusrcato
1207 3244 1237 3289 v.
1263 3224 1350 3289 πλό·

161 3355 265 3410 γμοιε
290 3331 356 3398 άπὸ
379 3337 439 3396 τῶν
462 3330 643 3410 καλεομένων
667 3331 719 3396 καὶ
747 3331 962 3406 παλαιόντων,
986 3327 1061 3395 όταν
1083 3329 1268 3412 περιβάντες
1287 3338 1352 3406 τοῖς

160 3437 280 3504 σκέλεσι
302 3438 494 3518 κατέχωσιν,
520 3437 573 3503 ulti
598 3437 786 3520 περιβάντες
810 3436 849 3504 de
872 3456 943 3502 tneo
964 3436 1037 3502 dedi
1060 3456 1116 3522 pro
1134 3435 1350 3528 παραβάντες.

161 3543 311 3612 Sumtum
341 3544 444 3630 igitur
469 3544 528 3610 hoc
552 3543 590 3610 de
615 3544 774 3631 palaestra
799 3543 1009 3610 adhibeamus
1033 3541 1071 3607 ad
1098 3543 1221 3608 Lucum
1247 3544 1352 3609 locum

162 3648 199 3716 de
221 3671 258 3718 ea
283 3671 319 3718 rc
343 3649 571 3736 corrigendum
599 3655 659 3729 49,
688 3657 716 3716 l.
743 3649 782 3717 de
805 3649 1020 3716 luctantibus:
1041 3649 1279 3714 ἐπικαταπεσὼν
1299 3649 1350 3714 καὶ

163 3755 416 3840 περιπλέξας
447 3758 532 3839 αὐτῷ
565 3758 608 3822 τά
639 3755 733 3832 σκέλη
766 3757 850 3823 κατά
878 3759 934 3832 την
966 3753 1089 3836 γατέρα
1110 3792 1155 3804 -
1178 3752 1278 3836 άγχει
1301 3757 1353 3820 τὸν

163 3861 263 3929 άόλιον
287 3872 321 3929 et
346 3864 364 3946 §
392 3869 431 3928 at
459 3862 589 3937 δεδιότες
612 3865 657 3942 μη
681 3861 954 3944 περιπλέξητε
979 3864 1083 3936 αὐτοῖς
1107 3862 1151 3928 τά
1176 3863 1269 3938 σκέλη
1287 3863 1353 3943 περὶ

164 3971 217 4044 την
239 3968 362 4050 γαςέρα
385 3969 438 4034 καὶ
462 3967 640 4050 διάγχητε,
668 3989 861 4057 reponamus
884 3989 999 4035 censeo
1023 3967 1192 4054 utrobique
1213 3968 1353 4050 περιπλό·

165 4071 221 4151 ξας
245 4085 276 4143 et
299 4073 501 4157 περιπλέξητε
525 4084 557 4141 ct
582 4095 640 4162 pro
662 4077 714 4140 καὶ
740 4075 919 4158 διάγχητε,
946 4073 1030 4160 quod
1051 4073 1232 4140 inauditum
1251 4085 1299 4140 est
1324 4083 1356 4143 et

168 4188 367 4267 praepostere
394 4182 626 4267 compositum,
657 4181 860 4267 corrigamus
884 4181 937 4246 καὶ
963 4179 1103 4262 άγχηπε.
1131 4179 1192 4246 Ριο
1216 4181 1357 4263 περιβαί-

168 4309 223 4351 νειν
246 4294 355 4374 poetae
379 4286 530 4354 dicebant
549 4287 798 4372 άμφιπλόσσειν,
815 4296 898 4355 teste
920 4286 1142 4365 Fornacali,
1164 4289 1282 4354 caeteri
1303 4311 1357 4352 πε·

170 4393 348 4471 ριπλόσσειν,
371 4392 457 4480 quod
481 4405 517 4460 ut
542 4395 666 4482 reliqua
690 4395 833 4462 eiusdem
860 4397 972 4483 stirpis
996 4398 1027 4461 in
1051 4393 1188 4473 πλῆξαι
1213 4402 1245 4461 et
1267 4394 1357 4458 -πλέ·

171 4491 221 4570 ξω
245 4496 322 4566 solet
343 4499 552 4587 distorqueri.
576 4501 776 4584 Περιπλέκειν
805 4502 949 4568 oronim
973 4521 1036 4568 non
1060 4501 1182 4568 dicitur
1205 4510 1238 4567 et
1261 4517 1357 4586 quem
