3086 4974
717 1162 898 1231 CAPUT
937 1159 976 1232 V.

575 1394 620 1440 nu
652 1374 872 1442 tuscanos
904 1395 1135 1442 ounrronrrr

669 1585 736 1668 περί
762 1587 1036 1668 Παραπρεσβείας.

716 1881 985 1912 -n-Qfius

297 2123 489 2202 Audivimus
519 2123 711 2190 acerrimam
746 2120 969 2190 Demosthenis
997 2124 1254 2203 accusationem,
1281 2143 1372 2192 nuuc
1393 2144 1435 2191 eu·

251 2232 322 2300 dem
348 2230 515 2316 diligencia
543 2227 760 2296 defensionem
786 2227 957 2294 audiamus
980 2239 1012 2296 et
1037 2231 1084 2296 rei
1112 2249 1238 2318 quoque
1272 2229 1393 2309 verbu,
1414 2230 1435 2295 si

250 2335 328 2426 quid
349 2336 535 2403 detrimenti
556 2343 768 2422 acceperunt,
793 2333 903 2402 eadem
924 2353 1003 2402 cura
1023 2337 1055 2402 in
1077 2337 1247 2425 pristinam
1267 2341 1436 2406 sunitoten

146 2493 152 2508 .
253 2445 477 2511 restituamus.

298 2549 332 2615 tn
364 2545 495 2614 exordio
525 2553 692 2633 tamquam
724 2545 756 2611 in
789 2542 901 2613 limine
932 2544 1125 2615 offendimus
1155 2550 1183 2634 S.
1215 2557 1243 2614 1.
1273 2548 1306 2614 in
1334 2547 1435 2616 hisce:

252 2655 325 2739 πρὸς
349 2653 459 2736 ἄνδρας
487 2651 689 2732 ὀμωμοκότας
721 2657 780 2718 τῶν
803 2651 961 2719 οίντιδίκοον
983 2654 1091 2734 ίμοίυτ
1114 2654 1300 2736 ἀμφοτέρων
1324 2655 1439 2722 cirrot-

252 2763 376 2838 οεοθου,
402 2778 540 2846 tactuque
564 2759 801 2824 deportaretur
827 2759 1046 2844 requirimus,
1071 2758 1155 2846 quud
1181 2767 1214 2825 et
1239 2760 1271 2824 iu
1297 2759 1370 2846 ipsa
1396 2759 1439 2824 iu-

254 2865 430 2934 risiurandi
455 2862 589 2931 iornrula
616 2863 750 2948 iegitur:
774 2863 828 2928 καί
852 2866 1142 2932 'AKPOACOMAt
1167 2869 1221 2932 τοῦ
1243 2889 1281 2930 τε
1303 2863 1440 2945 κατηγθ·

254 2999 303 3057 ρον
336 2973 387 3039 καί
411 2976 465 3038 τοῦ
489 2970 739 3051 ἀπολογουμένου
767 2969 874 3049 duculos
896 2971 1016 3054 ἀμφοῖν
1041 2969 1218 3060 (nonnosus.
1245 2971 1278 3037 in
1310 2970 1439 3037 Timocr.

256 3085 286 3166 §.
315 3077 419 3165 tot),
451 3077 540 3144 etin
564 3082 818 3162 courgumento
845 3084 1032 3142 constanter
1057 3077 1129 3164 puni
1153 3075 1252 3155 soter,
1284 3085 1316 3144 ct
1345 3074 1441 3143 mutto

254 3183 491 3271 significantius
515 3191 565 3248 est
588 3201 684 3269 quarn
708 3181 903 3248 οί1υθοεοθα1.

299 3286 435 3356 Attende
470 3288 615 3354 animum
653 3286 767 3374 ecquid
803 3287 918 3353 vitium
955 3296 1046 3356 sonet
1078 3289 1109 3354 in
1140 3291 1171 3376 §.
1196 3291 1228 3356 t.
1254 3287 1321 3368 ἐμοὶ
1353 3283 1441 3364 δ’,θ

252 3397 422 3470 Ἀθηναῖον,
455 3393 642 3480 συμβέβηκε
670 3401 726 3470 τνῑς
751 3393 959 3472 Δημοσθένους
983 3394 1121 3462 οθκοθυντο
1144 3394 1337 3476 κατηγορίας
1360 3394 1438 3476 μήτε

250 3503 351 3570 δεῖσαν
387 3501 501 3567 πώποθ’
532 3499 625 3575 οὕτως
660 3501 712 3586 [ὡς
737 3500 768 3564 ίν
790 3498 864 3582 τῇδε
895 3509 934 3582 τῇ
965 3499 1078 3586 intpp]
1111 3501 1184 3579 μηδ’
1215 3501 1439 3580 οίγανακτῆσαο

252 3612 375 3689 μᾶλλον
403 3606 434 3696 [ἢ
459 3607 525 3693 νῦν]
550 3607 625 3684 μήτ’
650 3606 693 3679 είς
718 3605 891 3687 ὑπερβολὴν
914 3605 1021 3684 ὁμοίως
1046 3607 1181 3684 dotrinae.
1225 3604 1318 3672 Unus
1339 3604 1441 3674 Codex

254 3716 323 3781 sinc
356 3712 589 3800 praepositione
619 3714 657 3784 ὡς
689 3710 763 3794 τῇδε
792 3721 832 3795 τῇ
864 3709 972 3795 intpp.
1021 3707 1137 3780 Omnia
1169 3709 1247 3778 haec
1277 3712 1392 3799 spuria
1414 3717 1442 3774 ct

254 3820 396 3886 insiticia
432 3827 519 3886 suut.
550 3847 552 3855 v
583 3817 765 3904 Numquam
805 3835 837 3881 se
874 3822 963 3881 tanto
994 3836 1089 3904 opere
1124 3818 1291 3905 expavisse
1331 3823 1441 3884 narrat

253 3945 349 4013 quam
386 3944 486 4012 quirum
527 3921 770 3991 Demosthenem
805 3918 932 3988 audiret
968 3930 1195 3999 accusantem.
1232 3925 1312 4004 μήτε
1344 3922 1440 3989 δεῖσαι

253 4032 367 4097 πώποθ’
391 4029 483 4105 οὕτως
502 4033 541 4102 ὥς
562 4026 613 4096 ίτε
631 4035 688 4104 τοῖς
708 4026 918 4106 Δημοσθένους
930 4027 1033 4104 ἤκουον
1046 4029 1257 4111 κατηγορίας,
1283 4028 1342 4096 huc
1355 4029 1439 4095 enirn

255 4139 340 4206 inest
378 4137 408 4202 iu
446 4134 570 4204 verbis:
607 4134 672 4214 ἐμοὶ
708 4133 894 4213 συμβέβηκε
930 4143 985 4218 τῇς
1018 4136 1226 4214 Δημοσθένους
1251 4133 1442 4202 ἀκούοντι

255 4242 458 4323 κατηγορίας.

301 4349 468 4416 Praeterea
496 4367 558 4414 non
578 4369 640 4414 uno
663 4355 695 4414 et
719 4345 825 4414 codem
846 4343 899 4414 die
923 4353 1012 4412 tauta
1037 4365 1152 4426 causa,
1181 4343 1341 4434 adquam
1366 4365 1441 4413 oon·

173 4493 176 4500 .
255 4475 371 4526 cursus
394 4475 431 4520 cx
457 4463 521 4520 toto
548 4453 682 4524 Graecia
705 4451 809 4519 iactus
829 4473 898 4522 esso
919 4451 1057 4528 dicitur,
1083 4462 1212 4538 peracta
1233 4471 1303 4518 esse
1323 4461 1439 4540 potest,
