3150 4972
767 389 836 461 too

209 586 410 648 vetustarum
434 584 695 652 membranorum
709 584 888 652 auctoritas
901 593 1024 662 movet,
1049 593 1083 651 ut
1098 594 1146 653 tot
1157 585 1254 665 locis,
1275 593 1321 652 tot
1333 594 1395 653 tes·

213 684 299 752 tibus
330 687 411 754 nibil
445 690 641 758 credendum
673 689 862 759 existimes?
899 689 965 756 Non
996 691 1117 759 iniitior
1142 693 1175 759 in
1201 691 1251 758 bis
1275 692 1397 780 perexi-

206 809 309 875 guum
334 796 457 862 esseio
482 794 574 864 libris
599 797 814 884 praesidium,
841 796 936 862 utrius
960 805 989 862 et
1016 796 1150 864 alterius
1175 816 1236 865 non
1256 800 1396 885 optimae

207 905 301 965 notae
331 909 379 966 est
412 899 464 968 hic
497 902 562 969 illic
593 907 698 981 συκίνη
731 903 908 987 irrumpis,
941 904 1084 990 optimus
1112 905 1251 990 quisquc
1275 905 1307 970 in
1333 903 1398 970 illis

206 1004 314 1084 vitiis,
338 1006 366 1070 si
392 1015 499 1074 tomen
524 1018 601 1076 sunt
626 1011 722 1087 vitio,
750 1008 833 1076 lideli
858 1007 1029 1074 concordio
1054 1011 1230 1098 conspirat.
1268 1009 1329 1091 Qui
1349 1011 1394 1077 ito

204 1119 305 1196 egunt
338 1114 417 1178 sotis
443 1114 618 1182 ostendunt
643 1137 677 1182 se
701 1117 733 1180 io
759 1113 924 1182 codicibus
948 1113 1115 1180 versantis
1137 1123 1170 1182 et
1194 1114 1396 1184 excutiendis

154 1295 158 1302 .
203 1224 258 1282 out
284 1233 459 1304 numquam
486 1240 614 1308 operam
640 1230 672 1288 et
697 1219 843 1288 studium
870 1220 1034 1306 posuisse,
1057 1228 1114 1286 sut
1138 1241 1200 1288 non
1223 1223 1302 1288 sotis
1323 1221 1394 1290 dili-

201 1327 316 1404 gcntcr
348 1330 380 1390 ct
404 1327 521 1413 raptim
547 1334 579 1392 et
603 1326 706 1393 obiter
730 1328 762 1392 io
786 1346 823 1394 ea
848 1345 884 1391 rc
907 1344 978 1392 esse
1003 1334 1157 1392 versatos.
1204 1327 1270 1395 Nes
1295 1327 1394 1395 illisi

200 1427 322 1494 scirent
353 1428 464 1516 quoles
487 1440 587 1498 testes
612 1431 826 1518 producerent
850 1431 972 1516 pudore
1000 1431 1278 1500 suffunderentur.
1303 1436 1395 1501 Atto·

201 1549 275 1597 rnen
306 1533 333 1597 si
367 1537 561 1602 {estimoniis
592 1547 624 1604 et
655 1536 903 1603 auctoritatibus
934 1545 1061 1604 certare
1092 1538 1215 1626 placet,
1248 1560 1288 1607 ne
1313 1538 1395 1608 banc

201 1637 330 1724 quidem
355 1645 504 1726 quamvis
525 1643 670 1729 iniquum
690 1642 906 1710 conditionem
928 1663 1054 1712 recuso.
1082 1645 1259 1713 Producam
1280 1654 1394 1714 testem

201 1744 305 1812 multo
329 1745 514 1824 meliorem,
540 1750 744 1835 antiquiores
773 1758 804 1815 et.
829 1747 1092 1837 locupletiorem,
1117 1769 1213 1838 quam
1236 1749 1394 1838 quidquid

201 1857 251 1916 cst
282 1851 535 1932 Graeculorum,
567 1856 623 1941 qui
656 1854 782 1920 codices
812 1855 961 1922 l'mroms
994 1876 1079 1923 nunc
1109 1857 1299 1942 superstites
1323 1867 1394 1943 post

200 1955 365 2022 soeculum
392 1957 429 2024 ll.
454 1960 706 2047 descripserunt.
755 1959 856 2042 Quem
884 1962 1005 2047 igitur?
1032 1963 1136 2046 ipsum
1159 1961 1313 2028 Lucrinus
1335 1981 1392 2026 no·

200 2070 326 2141 strum,
351 2083 445 2149 quern
468 2085 587 2152 quiaeso
607 2064 779 2151 diligenter
798 2066 938 2134 audistis
958 2067 1135 2144 dicentem,
1161 2083 1243 2153 quoe
1263 2075 1392 2132 exstant

200 2173 264 2248 53,
288 2174 343 2235 81.
368 2166 442 2238 θταν
467 2169 576 2246 ἔνατος
601 2168 700 2251 ὥσπερ
725 2173 755 2238 θν
775 2172 938 2254 κατθττμῳ
955 2174 998 2254 τῷ
1018 2175 1135 2254 θρκθτθ
1155 2171 1262 2238 ἑαυτὸν
1274 2170 1389 2253 βλέπῃ.

198 2273 319 2361 Ecquis
342 2275 492 2344 dubitare
516 2285 619 2364 potest
644 2279 723 2364 quio
749 2277 919 2344 llosculum
946 2276 1031 2344 bunc
1055 2296 1073 2342 e
1099 2277 1236 2343 l‘mrons
1262 2276 1391 2366 decerp

199 2381 279 2447 serit
311 2379 406 2447 bomo
430 2381 575 2470 lepidus,
600 2384 655 2471 qui
682 2383 840 2451 Pusronmr
865 2392 1030 2470 tamquam
1056 2381 1174 2467 digitos
1198 2401 1274 2450 suos
1298 2403 1391 2452 uore-

199 2492 251 2552 rat
274 2496 307 2556 ct
330 2488 457 2575 saepius
483 2489 603 2556 latetur
632 2509 666 2556 sc
690 2510 729 2556 ex
756 2491 893 2557 Petroni
917 2501 949 2557 et
969 2488 1042 2556 aliis
1064 2487 1274 2556 bellissimum
1295 2489 1393 2576 quod·

199 2611 263 2681 quc
293 2592 445 2662 delibare.
493 2596 658 2682 imprimis
691 2593 908 2662 memorabilis
939 2595 1029 2662 locus
1051 2604 1102 2662 cst
1129 2599 1187 2672 lb,
1209 2599 1249 2672 6,
1275 2595 1330 2662 ubi
1353 2597 1392 2664 od

200 2701 305 2786 ipsum
332 2701 492 2770 Petronius
516 2705 559 2770 ito
587 2703 685 2769 dicit:
713 2703 798 2769 αθτθι
822 2707 897 2781 γοῦν
920 2698 943 2768 ἀ
966 2707 1049 2784 φημι
1074 2707 1198 2777 ταῦτα,
1222 2699 1310 2768 τθθεν
1334 2700 1394 2768 ἀλ-

201 2809 285 2875 λοθεν
316 2809 333 2884 tl
367 2814 441 2892 παρ’
466 2811 548 2889 ὑμῶν
571 2810 680 2888 λαβὼν
703 2809 756 2875 καὶ
781 2809 866 2874 ιιατθι
889 2811 945 2885 τὴν
967 2808 1122 2888 μέλιτταν
1145 2807 1394 2888 ἀπανθισάμενος

201 2913 412 2994 ἀποδείκνυμαι
441 2924 504 2988 τοῖς
532 2916 714 2998 ἀνθρώποις;
742 2917 767 2981 σι’
791 2915 822 2981 δὲ
847 2913 1005 2981 ἐπαινοῦσι
1029 2915 1081 2980 καὶ
1107 2899 1298 2995 γνωρίζουσιν
1318 2912 1393 2980 ἕνα·

200 3045 251 3091 τον
282 3021 316 3088 τὸ
348 3017 434 3094 ἀνθος
464 3019 528 3088 θθεν
564 3023 616 3088 καὶ
642 3023 715 3102 παρ’
739 3016 808 3085 θτον
831 3020 884 3088 καὶ
907 3017 987 3094 ὅπως
1012 3018 1209 3098 ἀνελεξάμνν
1232 3019 1286 3086 καὶ
1309 3019 1393 3104 λόγῳ

201 3127 259 3206 μὲν
289 3128 344 3204 ἐμὲ
374 3125 498 3209 ζηλοῦσι
523 3134 578 3202 τῆς
604 3127 805 3206 ἀνθολογίας,
830 3126 866 3191 τὸ
890 3125 916 3191 δ’
939 3126 1052 3201 ἀληθὲς
1076 3127 1159 3204 ὑμᾶς
1179 3127 1232 3194 ocal
1256 3127 1308 3194 τὸν
1330 3142 1393 3194 λει·

202 3237 290 3312 μῶνα
320 3233 371 3298 τὸν
407 3231 569 3314 ὑμέτερον,
596 3225 623 3298 ol
646 3237 788 3299 τοσαῦτα
812 3231 997 3311 ἐξηνθήκατε
1021 3233 1149 3300 ποικίλα
1173 3234 1225 3300 καὶ
1250 3234 1393 3312 πολυειδῆ

200 3337 261 3409 τάς
283 3337 420 3421 βαφάς,
445 3339 474 3404 el
494 3362 542 3412 τις
565 3336 782 3416 ἀναλθξασθαθ
803 3363 838 3405 τε
862 3338 948 3406 corb
971 3337 1115 3407 ἐτίταιτο
1137 3341 1189 3405 καὶ
1215 3341 1393 3421 ἀναπλέξαι

202 3444 255 3511 καὶ
286 3444 437 3526 etpotamo,
469 3446 507 3519 ιθς
542 3446 585 3524 μὶν
610 3445 743 3530 ἀντᾴδειν
767 3443 889 3527 θάτερον
914 3443 1050 3526 θατέρου.
1098 3442 1210 3532 licque
1234 3446 1311 3531 quid
1337 3446 1392 3512 Lu·

202 3571 307 3620 cornus
342 3551 374 3617 in
408 3571 466 3620 suo
499 3551 643 3619 Pbaedri
673 3549 817 3638 exemplo
850 3551 963 3636 legerit
995 3548 1202 3618 menifestum
1227 3561 1292 3619 est:
1318 3553 1393 3639 quio

203 3665 252 3725 est
283 3657 361 3728 illud
394 3660 498 3746 ipsum
531 3677 569 3724 ex
594 3677 628 3724 se
651 3665 831 3744 spectatum
857 3658 1014 3743 optimum
1039 3666 1071 3721 et
1096 3657 1321 3733 verissimum.
1345 3663 1394 3726 cst

205 3763 314 3842 nobis,
348 3774 382 3831 ut
411 3767 478 3851 ipse
502 3763 621 3830 alicubi
645 3762 741 3838 dixit,
765 3765 799 3829 ἐκ
823 3769 882 3828 τῶν
905 3765 978 3835 Διὸς
1001 3761 1114 3830 δέλτον
1138 3764 1152 3828 θ
1174 3762 1315 3846 μάρτνς,
1338 3763 1395 3851 qui

204 3889 315 3938 sonum
341 3871 497 3937 rationem
524 3891 597 3936 cum
624 3869 779 3936 librorum
806 3866 866 3934 lido
891 3869 923 3933 in
948 3869 1088 3954 gretiam
1114 3868 1251 3935 reducit.

250 3969 296 4043 lo‘
322 3975 432 4044 codem
470 3976 600 4062 Dialogo
633 3981 692 4052 47,
727 3980 765 4040 st
801 3982 850 4041 est
879 3974 1037 4061 quaedam
1070 3976 1250 4062 scripturae
1271 3975 1395 4044 discre-

205 4084 331 4172 pantio,
363 4084 458 4150 cuius
488 4083 646 4168 originem
679 4099 773 4165 saepe
805 4078 927 4146 iuvabit
960 4089 1158 4168 perspectum
1185 4080 1315 4149 hebere:
1339 4107 1395 4162 με·

204 4189 350 4270 ταμαθθνν
380 4191 419 4263 ὥς
451 4190 546 4255 ιιαιιθν
574 4190 588 4253 θ
619 4186 707 4260 τθνος
740 4180 773 4261 ἦν
806 4185 842 4254 τὸ
864 4186 990 4266 βέλτιον
1012 4185 1047 4264 ἐξ
1070 4189 1190 4270 ἀμφοῖν
1214 4189 1396 4269 conspectio

205 4299 322 4374 εἵλετο,
358 4315 416 4383 pro
448 4293 629 4373 δοκιμασοέν
667 4294 699 4359 in
731 4292 804 4359 aliis
834 4301 883 4359 cst
914 4293 1102 4372 δοκιμάσας,
1133 4292 1218 4380 quod
1253 4293 1302 4360 rel
1326 4297 1396 4362 sine

205 4403 296 4471 libris
327 4401 462 4470 debebat
485 4400 525 4469 de
548 4401 734 4467 coniectum
762 4398 902 4466 restitui.
953 4398 1115 4465 scribitur
1138 4407 1247 4467 sutem
1267 4401 1396 4482 δομιιιθ-
