<?xml version="1.0" encoding="UTF-8"?>
<!DOCTYPE html PUBLIC "-//W3C//DTD XHTML 1.0 Transitional//EN"
    "http://www.w3.org/TR/xhtml1/DTD/xhtml1-transitional.dtd">
<html xmlns="http://www.w3.org/1999/xhtml" xml:lang="en" lang="en">
 <head>
  <title>
</title>
<meta http-equiv="Content-Type" content="text/html;charset=utf-8" />
  <meta name='ocr-system' content='tesseract 3.04.00' />
  <meta name='ocr-capabilities' content='ocr_page ocr_carea ocr_par ocr_line ocrx_word'/>
</head>
<body>
  <div class='ocr_page' id='page_1' title='image "./variaelectiones04cobegoog_0201.png"; bbox 0 0 3150 4972; ppageno 0'>
   <div class='ocr_carea' id='block_1_1' title="bbox 781 365 851 436">
    <p class='ocr_par' dir='ltr' id='par_1_1' title="bbox 781 365 851 436">
     <span class='ocr_line' id='line_1_1' title="bbox 781 365 851 436; baseline 0.014 -1"><span class='ocrx_word' id='word_1_1' title='bbox 781 365 851 436; x_wconf 91' lang='grc'><strong>160</strong></span> 
     </span>
    </p>
   </div>
   <div class='ocr_carea' id='block_1_2' title="bbox 224 555 1500 4466">
    <p class='ocr_par' dir='ltr' id='par_1_2' title="bbox 224 555 1500 4466">
     <span class='ocr_line' id='line_1_2' title="bbox 238 555 1500 645; baseline 0.002 -23"><span class='ocrx_word' id='word_1_2' title='bbox 238 558 270 622; x_wconf 89' lang='lat' dir='ltr'><strong>in</strong></span> <span class='ocrx_word' id='word_1_3' title='bbox 296 555 466 624; x_wconf 87' lang='lat' dir='ltr'><strong>scribendo</strong></span> <span class='ocrx_word' id='word_1_4' title='bbox 491 558 547 634; x_wconf 77' lang='grc' dir='ltr'><strong>την</strong></span> <span class='ocrx_word' id='word_1_5' title='bbox 567 556 706 638; x_wconf 69' lang='grc' dir='ltr'><strong><em>ἀρχαίων</em></strong></span> <span class='ocrx_word' id='word_1_6' title='bbox 729 556 859 625; x_wconf 65' lang='lat' dir='ltr'><strong>’Arida</strong></span> <span class='ocrx_word' id='word_1_7' title='bbox 885 556 1005 626; x_wconf 88' lang='lat' dir='ltr'><strong>reicrre</strong></span> <span class='ocrx_word' id='word_1_8' title='bbox 1028 555 1164 637; x_wconf 90' lang='lat' dir='ltr'><strong>debent,</strong></span> <span class='ocrx_word' id='word_1_9' title='bbox 1191 555 1310 645; x_wconf 87' lang='lat' dir='ltr'><strong>ubique</strong></span> <span class='ocrx_word' id='word_1_10' title='bbox 1334 560 1426 626; x_wconf 91' lang='lat' dir='ltr'><strong>resti·</strong></span> <span class='ocrx_word' id='word_1_11' title='bbox 1496 577 1500 586; x_wconf 93' lang='lat'>·</span> 
     </span>
     <span class='ocr_line' id='line_1_3' title="bbox 237 661 1427 750; baseline 0.001 -21"><span class='ocrx_word' id='word_1_12' title='bbox 237 661 373 729; x_wconf 80' lang='lat' dir='ltr'><strong>tuendas</strong></span> <span class='ocrx_word' id='word_1_13' title='bbox 405 684 474 729; x_wconf 85' lang='lat' dir='ltr'><strong>esse</strong></span> <span class='ocrx_word' id='word_1_14' title='bbox 501 683 636 743; x_wconf 87' lang='lat' dir='ltr'><strong>censeo,</strong></span> <span class='ocrx_word' id='word_1_15' title='bbox 660 682 836 750; x_wconf 85' lang='lat' dir='ltr'><strong>eorumque</strong></span> <span class='ocrx_word' id='word_1_16' title='bbox 861 665 1041 730; x_wconf 89' lang='lat' dir='ltr'><strong>imitatores</strong></span> <span class='ocrx_word' id='word_1_17' title='bbox 1066 662 1125 730; x_wconf 90' lang='lat' dir='ltr'><strong>boc</strong></span> <span class='ocrx_word' id='word_1_18' title='bbox 1149 682 1276 750; x_wconf 87' lang='lat' dir='ltr'><strong>quoqne</strong></span> <span class='ocrx_word' id='word_1_19' title='bbox 1300 663 1339 729; x_wconf 83' lang='lat' dir='ltr'><strong>ab</strong></span> <span class='ocrx_word' id='word_1_20' title='bbox 1364 664 1427 730; x_wconf 88' lang='lat' dir='ltr'><strong>iilis</strong></span> 
     </span>
     <span class='ocr_line' id='line_1_4' title="bbox 237 767 1425 856; baseline 0 -22"><span class='ocrx_word' id='word_1_21' title='bbox 237 771 392 835; x_wconf 85' lang='lat' dir='ltr'><strong>sumsisse</strong></span> <span class='ocrx_word' id='word_1_22' title='bbox 415 778 615 856; x_wconf 84' lang='lat' dir='ltr'><strong>opportunus</strong></span> <span class='ocrx_word' id='word_1_23' title='bbox 640 767 820 835; x_wconf 86' lang='lat' dir='ltr'><strong>scribarum</strong></span> <span class='ocrx_word' id='word_1_24' title='bbox 846 788 937 835; x_wconf 84' lang='lat' dir='ltr'><strong>error</strong></span> <span class='ocrx_word' id='word_1_25' title='bbox 957 770 989 834; x_wconf 90' lang='lat' dir='ltr'><strong>in</strong></span> <span class='ocrx_word' id='word_1_26' title='bbox 1011 769 1141 835; x_wconf 76' lang='lat' dir='ltr'><strong>Lucrino</strong></span> <span class='ocrx_word' id='word_1_27' title='bbox 1161 769 1316 835; x_wconf 87' lang='lat' dir='ltr'><strong>iudicium</strong></span> <span class='ocrx_word' id='word_1_28' title='bbox 1336 767 1425 836; x_wconf 84' lang='lat' dir='ltr'><strong>iecit.</strong></span> 
     </span>
     <span class='ocr_line' id='line_1_5' title="bbox 282 873 1426 962; baseline 0.002 -22"><span class='ocrx_word' id='word_1_29' title='bbox 282 874 317 940; x_wconf 91' lang='lat' dir='ltr'><strong>ln</strong></span> <span class='ocrx_word' id='word_1_30' title='bbox 351 878 498 962; x_wconf 86' lang='lat' dir='ltr'><strong>sequenti</strong></span> <span class='ocrx_word' id='word_1_31' title='bbox 532 875 613 941; x_wconf 89' lang='lat' dir='ltr'><strong>tibro</strong></span> <span class='ocrx_word' id='word_1_32' title='bbox 647 878 705 950; x_wconf 70' lang='lat' dir='ltr'><strong>tt,</strong></span> <span class='ocrx_word' id='word_1_33' title='bbox 739 879 781 941; x_wconf 81' lang='lat'><strong>37</strong></span> <span class='ocrx_word' id='word_1_34' title='bbox 815 873 922 942; x_wconf 84' lang='lat' dir='ltr'><strong>neseio</strong></span> <span class='ocrx_word' id='word_1_35' title='bbox 949 874 1107 961; x_wconf 87' lang='lat' dir='ltr'><strong>qucnrodo</strong></span> <span class='ocrx_word' id='word_1_36' title='bbox 1131 884 1333 962; x_wconf 80' lang='lat' dir='ltr'><strong>concoquant</strong></span> <span class='ocrx_word' id='word_1_37' title='bbox 1356 877 1370 941; x_wconf 86' lang='grc' dir='ltr'><strong><em>ί</em></strong></span> <span class='ocrx_word' id='word_1_38' title='bbox 1394 876 1426 942; x_wconf 78' lang='lat' dir='ltr'><strong>n</strong></span> 
     </span>
     <span class='ocr_line' id='line_1_6' title="bbox 237 977 1425 1067; baseline 0.002 -23"><span class='ocrx_word' id='word_1_39' title='bbox 237 979 374 1055; x_wconf 67' lang='grc' dir='ltr'><strong><em>αὐλητὴς</em></strong></span> <span class='ocrx_word' id='word_1_40' title='bbox 399 979 504 1063; x_wconf 82' lang='grc' dir='ltr'><strong><em>έΦιίσα</em></strong></span> <span class='ocrx_word' id='word_1_41' title='bbox 527 977 632 1062; x_wconf 73' lang='grc' dir='ltr'><strong><em>ὅμιλος</em></strong></span> <span class='ocrx_word' id='word_1_42' title='bbox 655 979 749 1046; x_wconf 80' lang='grc' dir='ltr'><strong><em>ἔνθεον</em></strong></span> <span class='ocrx_word' id='word_1_43' title='bbox 773 1000 831 1067; x_wconf 91' lang='lat' dir='ltr'><strong>pro</strong></span> <span class='ocrx_word' id='word_1_44' title='bbox 853 979 947 1060; x_wconf 83' lang='grc' dir='ltr'><strong><em>μέλος</em></strong></span> <span class='ocrx_word' id='word_1_45' title='bbox 971 977 1076 1048; x_wconf 80' lang='grc' dir='ltr'><strong><em>ἔνίεον.</em></strong></span> <span class='ocrx_word' id='word_1_46' title='bbox 1108 981 1198 1047; x_wconf 84' lang='lat' dir='ltr'><strong>Trita</strong></span> <span class='ocrx_word' id='word_1_47' title='bbox 1223 988 1299 1046; x_wconf 86' lang='lat' dir='ltr'><strong>sunt</strong></span> <span class='ocrx_word' id='word_1_48' title='bbox 1319 983 1425 1048; x_wconf 79' lang='grc' dir='ltr'><strong><em>αὐλεῖν</em></strong></span> 
     </span>
     <span class='ocr_line' id='line_1_7' title="bbox 236 1083 1426 1170; baseline 0.003 -21"><span class='ocrx_word' id='word_1_49' title='bbox 236 1083 347 1164; x_wconf 92' lang='grc' dir='ltr'><strong><em>μέλος,</em></strong></span> <span class='ocrx_word' id='word_1_50' title='bbox 380 1086 463 1170; x_wconf 79' lang='grc' dir='ltr'><strong><em>ᾅδειν</em></strong></span> <span class='ocrx_word' id='word_1_51' title='bbox 487 1087 600 1166; x_wconf 86' lang='grc' dir='ltr'><strong><em>μέλος,</em></strong></span> <span class='ocrx_word' id='word_1_52' title='bbox 625 1090 732 1169; x_wconf 75' lang='grc' dir='ltr'><strong><em>φυσᾶν</em></strong></span> <span class='ocrx_word' id='word_1_53' title='bbox 754 1086 848 1167; x_wconf 86' lang='grc' dir='ltr'><strong><em>μέλος</em></strong></span> <span class='ocrx_word' id='word_1_54' title='bbox 872 1085 1018 1162; x_wconf 76' lang='grc' dir='ltr'><strong><em>Ἰωνικόν,</em></strong></span> <span class='ocrx_word' id='word_1_55' title='bbox 1048 1087 1194 1170; x_wconf 74' lang='grc' dir='ltr'><strong><em>Καρικόν,</em></strong></span> <span class='ocrx_word' id='word_1_56' title='bbox 1218 1085 1290 1153; x_wconf 78' lang='lat' dir='ltr'><strong>aliu.</strong></span> <span class='ocrx_word' id='word_1_57' title='bbox 1327 1087 1426 1156; x_wconf 79' lang='grc' dir='ltr'><strong><em>Ριλτο</em></strong></span> 
     </span>
     <span class='ocr_line' id='line_1_8' title="bbox 238 1187 890 1279; baseline 0.002 -23"><span class='ocrx_word' id='word_1_58' title='bbox 238 1189 380 1257; x_wconf 74' lang='lat' dir='ltr'><strong>Comicus</strong></span> <span class='ocrx_word' id='word_1_59' title='bbox 404 1193 558 1257; x_wconf 80' lang='lat' dir='ltr'><strong>Ararnrer</strong></span> <span class='ocrx_word' id='word_1_60' title='bbox 582 1192 650 1258; x_wconf 87' lang='lat' dir='ltr'><strong>XV.</strong></span> <span class='ocrx_word' id='word_1_61' title='bbox 676 1213 704 1279; x_wconf 84' lang='lat' dir='ltr'><strong>p.</strong></span> <span class='ocrx_word' id='word_1_62' title='bbox 729 1196 804 1257; x_wconf 87' lang='grc'><strong>665.</strong></span> <span class='ocrx_word' id='word_1_63' title='bbox 831 1187 890 1256; x_wconf 51' lang='lat' dir='ltr'><strong>C)</strong></span> 
     </span>
     <span class='ocr_line' id='line_1_9' title="bbox 371 1297 1216 1382; baseline 0.006 -18"><span class='ocrx_word' id='word_1_64' title='bbox 371 1300 483 1372; x_wconf 80' lang='grc' dir='ltr'><strong><em>αὐλοὺς</em></strong></span> <span class='ocrx_word' id='word_1_65' title='bbox 507 1301 534 1364; x_wconf 78' lang='grc' dir='ltr'><strong>δ’</strong></span> <span class='ocrx_word' id='word_1_66' title='bbox 558 1297 676 1380; x_wconf 79' lang='grc' dir='ltr'><strong><em>ἔχουσαί</em></strong></span> <span class='ocrx_word' id='word_1_67' title='bbox 699 1322 747 1371; x_wconf 88' lang='grc' dir='ltr'><strong>τις</strong></span> <span class='ocrx_word' id='word_1_68' title='bbox 770 1298 891 1378; x_wconf 89' lang='grc' dir='ltr'><strong><em>κορίσκη</em></strong></span> <span class='ocrx_word' id='word_1_69' title='bbox 917 1299 1047 1382; x_wconf 76' lang='grc' dir='ltr'><strong><em>Καρικὸν</em></strong></span> <span class='ocrx_word' id='word_1_70' title='bbox 1069 1299 1164 1380; x_wconf 83' lang='grc' dir='ltr'><strong><em>μέλος</em></strong></span> <span class='ocrx_word' id='word_1_71' title='bbox 1186 1327 1216 1369; x_wconf 90' lang='grc' dir='ltr'><strong>τι</strong></span> 
     </span>
     <span class='ocr_line' id='line_1_10' title="bbox 371 1403 833 1488; baseline 0 -18"><span class='ocrx_word' id='word_1_72' title='bbox 371 1403 536 1488; x_wconf 79' lang='grc' dir='ltr'><strong><em>μελίζεται</em></strong></span> <span class='ocrx_word' id='word_1_73' title='bbox 559 1415 623 1480; x_wconf 78' lang='grc' dir='ltr'><strong><em>τοῖς</em></strong></span> <span class='ocrx_word' id='word_1_74' title='bbox 647 1404 833 1485; x_wconf 78' lang='grc' dir='ltr'><strong><em>συμπόταις.</em></strong></span> 
     </span>
     <span class='ocr_line' id='line_1_11' title="bbox 282 1509 1425 1598; baseline 0.003 -21"><span class='ocrx_word' id='word_1_75' title='bbox 282 1510 315 1577; x_wconf 88' lang='lat' dir='ltr'><strong>in</strong></span> <span class='ocrx_word' id='word_1_76' title='bbox 341 1509 472 1598; x_wconf 79' lang='grc' dir='ltr'><strong><em>ίίίσίορο</em></strong></span> <span class='ocrx_word' id='word_1_77' title='bbox 504 1517 563 1591; x_wconf 73' lang='lat'><strong>44,</strong></span> <span class='ocrx_word' id='word_1_78' title='bbox 590 1517 609 1578; x_wconf 88' lang='grc'><strong>6</strong></span> <span class='ocrx_word' id='word_1_79' title='bbox 636 1511 791 1577; x_wconf 88' lang='lat' dir='ltr'><strong>babemus</strong></span> <span class='ocrx_word' id='word_1_80' title='bbox 815 1511 976 1598; x_wconf 79' lang='lat' dir='ltr'>specimen</span> <span class='ocrx_word' id='word_1_81' title='bbox 1000 1510 1163 1578; x_wconf 80' lang='lat' dir='ltr'><strong>socordiae</strong></span> <span class='ocrx_word' id='word_1_82' title='bbox 1187 1511 1369 1580; x_wconf 82' lang='lat' dir='ltr'><strong>scribarum</strong></span> <span class='ocrx_word' id='word_1_83' title='bbox 1393 1522 1425 1580; x_wconf 89' lang='lat' dir='ltr'><strong>et</strong></span> 
     </span>
     <span class='ocr_line' id='line_1_12' title="bbox 235 1615 1425 1708; baseline 0.004 -26"><span class='ocrx_word' id='word_1_84' title='bbox 235 1615 396 1682; x_wconf 87' lang='lat' dir='ltr'><strong>editorum</strong></span> <span class='ocrx_word' id='word_1_85' title='bbox 429 1615 577 1683; x_wconf 83' lang='lat' dir='ltr'><strong>levitatis.</strong></span> <span class='ocrx_word' id='word_1_86' title='bbox 626 1617 848 1682; x_wconf 75' lang='lat' dir='ltr'><strong>convocantur</strong></span> <span class='ocrx_word' id='word_1_87' title='bbox 881 1616 930 1682; x_wconf 84' lang='lat' dir='ltr'><strong>nti</strong></span> <span class='ocrx_word' id='word_1_88' title='bbox 955 1617 987 1682; x_wconf 93' lang='lat' dir='ltr'><strong>in</strong></span> <span class='ocrx_word' id='word_1_89' title='bbox 1013 1618 1185 1685; x_wconf 81' lang='lat' dir='ltr'><strong>concilium</strong></span> <span class='ocrx_word' id='word_1_90' title='bbox 1212 1639 1269 1707; x_wconf 83' lang='lat' dir='ltr'><strong>per</strong></span> <span class='ocrx_word' id='word_1_91' title='bbox 1293 1641 1425 1708; x_wconf 84' lang='lat' dir='ltr'><strong>praeco·</strong></span> 
     </span>
     <span class='ocr_line' id='line_1_13' title="bbox 237 1722 1026 1810; baseline 0.003 -23"><span class='ocrx_word' id='word_1_92' title='bbox 237 1741 322 1788; x_wconf 87' lang='lat' dir='ltr'><strong>nem.</strong></span> <span class='ocrx_word' id='word_1_93' title='bbox 371 1723 497 1798; x_wconf 80' lang='lat' dir='ltr'><strong>Adeste,</strong></span> <span class='ocrx_word' id='word_1_94' title='bbox 525 1723 650 1808; x_wconf 85' lang='lat' dir='ltr'><strong>iuquit,</strong></span> <span class='ocrx_word' id='word_1_95' title='bbox 676 1722 731 1787; x_wconf 84' lang='lat' dir='ltr'><strong>Dii</strong></span> <span class='ocrx_word' id='word_1_96' title='bbox 753 1722 897 1810; x_wconf 79' lang='lat' dir='ltr'><strong><em>Deaeque</em></strong></span> <span class='ocrx_word' id='word_1_97' title='bbox 920 1744 1026 1790; x_wconf 79' lang='lat' dir='ltr'><strong>omnes</strong></span> 
     </span>
     <span class='ocr_line' id='line_1_14' title="bbox 371 1824 1259 1910; baseline -0.001 -15"><span class='ocrx_word' id='word_1_98' title='bbox 371 1831 413 1903; x_wconf 84' lang='grc' dir='ltr'><strong>είς</strong></span> <span class='ocrx_word' id='word_1_99' title='bbox 437 1829 567 1910; x_wconf 73' lang='grc' dir='ltr'><strong><em>ἆγορίρν,</em></strong></span> <span class='ocrx_word' id='word_1_100' title='bbox 593 1824 673 1894; x_wconf 75' lang='grc' dir='ltr'><strong><em>ὅσσοι</em></strong></span> <span class='ocrx_word' id='word_1_101' title='bbox 696 1852 732 1894; x_wconf 86' lang='grc' dir='ltr'><strong>τε</strong></span> <span class='ocrx_word' id='word_1_102' title='bbox 755 1831 873 1903; x_wconf 70' lang='grc' dir='ltr'><strong><em>κλυτὰς</em></strong></span> <span class='ocrx_word' id='word_1_103' title='bbox 898 1829 1032 1896; x_wconf 74' lang='grc' dir='ltr'><strong><em>δαίνυσθ’</em></strong></span> <span class='ocrx_word' id='word_1_104' title='bbox 1054 1827 1238 1910; x_wconf 70' lang='grc' dir='ltr'><strong><em>ἑκατόμβας</em></strong></span> <span class='ocrx_word' id='word_1_105' title='bbox 1249 1880 1259 1910; x_wconf 92' lang='grc'><strong>,</strong></span> 
     </span>
     <span class='ocr_line' id='line_1_15' title="bbox 370 1930 1200 2017; baseline -0.001 -16"><span class='ocrx_word' id='word_1_106' title='bbox 370 1931 452 2002; x_wconf 72' lang='grc' dir='ltr'><strong><em>ὅσσοι</em></strong></span> <span class='ocrx_word' id='word_1_107' title='bbox 475 1939 505 2001; x_wconf 84' lang='grc' dir='ltr'><strong>τ’</strong></span> <span class='ocrx_word' id='word_1_108' title='bbox 529 1930 570 2001; x_wconf 79' lang='grc' dir='ltr'><strong>αὖ</strong></span> <span class='ocrx_word' id='word_1_109' title='bbox 594 1935 724 2014; x_wconf 87' lang='grc' dir='ltr'><strong><em>μέσατοι</em></strong></span> <span class='ocrx_word' id='word_1_110' title='bbox 751 1937 768 2010; x_wconf 72' lang='grc' dir='ltr'><em>ἢ</em></span> <span class='ocrx_word' id='word_1_111' title='bbox 794 1934 901 2006; x_wconf 76' lang='grc' dir='ltr'><strong><em>ὅςιοτοι</em></strong></span> <span class='ocrx_word' id='word_1_112' title='bbox 925 1936 942 2013; x_wconf 80' lang='grc' dir='ltr'>ἢ</span> <span class='ocrx_word' id='word_1_113' title='bbox 968 1935 1061 2016; x_wconf 82' lang='grc' dir='ltr'><strong><em>μιίλα</em></strong></span> <span class='ocrx_word' id='word_1_114' title='bbox 1085 1935 1200 2017; x_wconf 75' lang='grc' dir='ltr'><strong><em>πιίγχυ</em></strong></span> 
     </span>
     <span class='ocr_line' id='line_1_16' title="bbox 372 2040 1079 2126; baseline 0.003 -21"><span class='ocrx_word' id='word_1_115' title='bbox 372 2043 511 2121; x_wconf 81' lang='grc' dir='ltr'><strong><em>νώνυμνοι</em></strong></span> <span class='ocrx_word' id='word_1_116' title='bbox 534 2040 667 2121; x_wconf 75' lang='grc' dir='ltr'><strong><em>βωμοῖσι</em></strong></span> <span class='ocrx_word' id='word_1_117' title='bbox 691 2043 777 2125; x_wconf 71' lang='grc' dir='ltr'><strong><em>παρὰ</em></strong></span> <span class='ocrx_word' id='word_1_118' title='bbox 801 2043 919 2126; x_wconf 83' lang='grc' dir='ltr'><strong><em>κνίσησι</em></strong></span> <span class='ocrx_word' id='word_1_119' title='bbox 940 2044 1079 2119; x_wconf 82' lang='grc' dir='ltr'><strong><em>κοίίησίε.</em></strong></span> 
     </span>
     <span class='ocr_line' id='line_1_17' title="bbox 236 2146 1422 2235; baseline 0.005 -24"><span class='ocrx_word' id='word_1_120' title='bbox 236 2166 309 2213; x_wconf 89' lang='lat' dir='ltr'><strong>vera</strong></span> <span class='ocrx_word' id='word_1_121' title='bbox 345 2148 507 2235; x_wconf 85' lang='lat' dir='ltr'><strong>scriptura</strong></span> <span class='ocrx_word' id='word_1_122' title='bbox 542 2156 591 2213; x_wconf 88' lang='lat' dir='ltr'><strong>est</strong></span> <span class='ocrx_word' id='word_1_123' title='bbox 627 2149 699 2229; x_wconf 84' lang='grc' dir='ltr'><strong><em>παρ’</em></strong></span> <span class='ocrx_word' id='word_1_124' title='bbox 722 2150 891 2229; x_wconf 71' lang='grc' dir='ltr'><strong><em>ἀκνίσοισι,</em></strong></span> <span class='ocrx_word' id='word_1_125' title='bbox 925 2169 1005 2235; x_wconf 84' lang='lat' dir='ltr'><strong>quae</strong></span> <span class='ocrx_word' id='word_1_126' title='bbox 1036 2166 1096 2214; x_wconf 90' lang='lat' dir='ltr'><strong>cor</strong></span> <span class='ocrx_word' id='word_1_127' title='bbox 1126 2146 1298 2234; x_wconf 84' lang='lat' dir='ltr'><strong>depravata</strong></span> <span class='ocrx_word' id='word_1_128' title='bbox 1324 2149 1422 2218; x_wconf 89' lang='lat' dir='ltr'><strong>inerit</strong></span> 
     </span>
     <span class='ocr_line' id='line_1_18' title="bbox 235 2251 1421 2340; baseline 0.003 -22"><span class='ocrx_word' id='word_1_129' title='bbox 235 2251 339 2340; x_wconf 85' lang='lat' dir='ltr'><strong>palaru</strong></span> <span class='ocrx_word' id='word_1_130' title='bbox 365 2262 423 2319; x_wconf 89' lang='lat' dir='ltr'><strong>est.</strong></span> <span class='ocrx_word' id='word_1_131' title='bbox 472 2252 532 2335; x_wconf 85' lang='lat' dir='ltr'><strong>Qui</strong></span> <span class='ocrx_word' id='word_1_132' title='bbox 555 2263 859 2322; x_wconf 78' lang='lat' dir='ltr'>HAPAKNICOICI</span> <span class='ocrx_word' id='word_1_133' title='bbox 884 2252 1085 2322; x_wconf 82' lang='lat' dir='ltr'><strong>describebat</strong></span> <span class='ocrx_word' id='word_1_134' title='bbox 1109 2272 1207 2338; x_wconf 85' lang='lat' dir='ltr'><strong>quarn</strong></span> <span class='ocrx_word' id='word_1_135' title='bbox 1232 2255 1322 2338; x_wconf 73' lang='grc' dir='ltr'><strong><em>παρὰ</em></strong></span> <span class='ocrx_word' id='word_1_136' title='bbox 1343 2255 1421 2321; x_wconf 89' lang='lat' dir='ltr'><strong>scri·</strong></span> 
     </span>
     <span class='ocr_line' id='line_1_19' title="bbox 237 2357 1423 2448; baseline 0.004 -25"><span class='ocrx_word' id='word_1_137' title='bbox 237 2361 374 2446; x_wconf 69' lang='lat' dir='ltr'><strong>risisset,</strong></span> <span class='ocrx_word' id='word_1_138' title='bbox 406 2358 490 2447; x_wconf 89' lang='lat' dir='ltr'><strong>quod</strong></span> <span class='ocrx_word' id='word_1_139' title='bbox 523 2370 692 2448; x_wconf 77' lang='lat' dir='ltr'><strong>supererat</strong></span> <span class='ocrx_word' id='word_1_140' title='bbox 719 2385 862 2442; x_wconf 87' lang='grc' dir='ltr'><strong><em>κνισσισι,</em></strong></span> <span class='ocrx_word' id='word_1_141' title='bbox 897 2370 931 2428; x_wconf 92' lang='lat' dir='ltr'><strong>ut</strong></span> <span class='ocrx_word' id='word_1_142' title='bbox 956 2357 1084 2447; x_wconf 76' lang='lat' dir='ltr'><strong>aliquod</strong></span> <span class='ocrx_word' id='word_1_143' title='bbox 1112 2359 1262 2425; x_wconf 84' lang='lat' dir='ltr'><strong>Graecum</strong></span> <span class='ocrx_word' id='word_1_144' title='bbox 1284 2360 1423 2428; x_wconf 84' lang='lat' dir='ltr'><strong>uocabu-</strong></span> 
     </span>
     <span class='ocr_line' id='line_1_20' title="bbox 235 2463 1424 2550; baseline 0.003 -20"><span class='ocrx_word' id='word_1_145' title='bbox 235 2465 301 2531; x_wconf 90' lang='lat' dir='ltr'><strong>iurn</strong></span> <span class='ocrx_word' id='word_1_146' title='bbox 333 2466 540 2544; x_wconf 81' lang='lat' dir='ltr'><strong>extunderet,</strong></span> <span class='ocrx_word' id='word_1_147' title='bbox 577 2467 608 2531; x_wconf 91' lang='lat' dir='ltr'><strong>in</strong></span> <span class='ocrx_word' id='word_1_148' title='bbox 634 2467 749 2550; x_wconf 85' lang='grc' dir='ltr'><strong><em>κνίσησι</em></strong></span> <span class='ocrx_word' id='word_1_149' title='bbox 774 2467 922 2544; x_wconf 84' lang='lat' dir='ltr'><strong>retinxit,</strong></span> <span class='ocrx_word' id='word_1_150' title='bbox 947 2466 1050 2532; x_wconf 87' lang='lat' dir='ltr'><strong>etsie</strong></span> <span class='ocrx_word' id='word_1_151' title='bbox 1075 2463 1252 2532; x_wconf 84' lang='lat' dir='ltr'><strong>sexcenties</strong></span> <span class='ocrx_word' id='word_1_152' title='bbox 1278 2467 1308 2532; x_wconf 89' lang='lat' dir='ltr'><strong>iu</strong></span> <span class='ocrx_word' id='word_1_153' title='bbox 1332 2466 1424 2534; x_wconf 87' lang='lat' dir='ltr'><strong>tibris</strong></span> 
     </span>
     <span class='ocr_line' id='line_1_21' title="bbox 233 2571 1423 2655; baseline 0.002 -17"><span class='ocrx_word' id='word_1_154' title='bbox 233 2593 324 2638; x_wconf 89' lang='lat' dir='ltr'><strong>error</strong></span> <span class='ocrx_word' id='word_1_155' title='bbox 355 2593 496 2639; x_wconf 86' lang='lat' dir='ltr'><strong>errorem</strong></span> <span class='ocrx_word' id='word_1_156' title='bbox 523 2571 633 2638; x_wconf 81' lang='lat' dir='ltr'><strong>trahit.</strong></span> <span class='ocrx_word' id='word_1_157' title='bbox 682 2572 856 2640; x_wconf 84' lang='lat' dir='ltr'><strong>Leuissime</strong></span> <span class='ocrx_word' id='word_1_158' title='bbox 882 2573 1041 2638; x_wconf 85' lang='lat' dir='ltr'><strong>Bnnnrnos</strong></span> <span class='ocrx_word' id='word_1_159' title='bbox 1063 2571 1149 2655; x_wconf 83' lang='grc' dir='ltr'><strong><em>παριὶ</em></strong></span> <span class='ocrx_word' id='word_1_160' title='bbox 1173 2581 1290 2652; x_wconf 74' lang='grc' dir='ltr'><strong><em>κνισιῑσι</em></strong></span> <span class='ocrx_word' id='word_1_161' title='bbox 1317 2575 1423 2641; x_wconf 86' lang='lat' dir='ltr'><strong>conio.</strong></span> 
     </span>
     <span class='ocr_line' id='line_1_22' title="bbox 232 2679 1423 2765; baseline 0.001 -20"><span class='ocrx_word' id='word_1_162' title='bbox 232 2681 329 2745; x_wconf 88' lang='lat' dir='ltr'><strong>citet</strong></span> <span class='ocrx_word' id='word_1_163' title='bbox 350 2680 381 2745; x_wconf 91' lang='lat' dir='ltr'><strong>in</strong></span> <span class='ocrx_word' id='word_1_164' title='bbox 405 2688 526 2746; x_wconf 84' lang='lat' dir='ltr'><strong>textum</strong></span> <span class='ocrx_word' id='word_1_165' title='bbox 549 2679 690 2765; x_wconf 76' lang='lat' dir='ltr'><strong>recepit;</strong></span> <span class='ocrx_word' id='word_1_166' title='bbox 717 2698 809 2759; x_wconf 89' lang='lat' dir='ltr'><strong>nam,</strong></span> <span class='ocrx_word' id='word_1_167' title='bbox 831 2679 959 2746; x_wconf 89' lang='lat' dir='ltr'><strong>etiamsi</strong></span> <span class='ocrx_word' id='word_1_168' title='bbox 979 2687 1082 2754; x_wconf 76' lang='grc' dir='ltr'><strong><em>κνισῆς</em></strong></span> <span class='ocrx_word' id='word_1_169' title='bbox 1100 2698 1158 2765; x_wconf 91' lang='lat' dir='ltr'><strong>pro</strong></span> <span class='ocrx_word' id='word_1_170' title='bbox 1169 2679 1299 2754; x_wconf 79' lang='grc' dir='ltr'><strong><em>κνισηεις</em></strong></span> <span class='ocrx_word' id='word_1_171' title='bbox 1314 2680 1345 2746; x_wconf 94' lang='lat' dir='ltr'><strong>iu</strong></span> <span class='ocrx_word' id='word_1_172' title='bbox 1360 2699 1423 2746; x_wconf 90' lang='lat' dir='ltr'><strong>usu</strong></span> 
     </span>
     <span class='ocr_line' id='line_1_23' title="bbox 233 2784 1256 2872; baseline 0.001 -22"><span class='ocrx_word' id='word_1_173' title='bbox 233 2784 365 2865; x_wconf 83' lang='lat' dir='ltr'><strong>inisset,</strong></span> <span class='ocrx_word' id='word_1_174' title='bbox 392 2786 549 2853; x_wconf 87' lang='lat' dir='ltr'><strong>sententia</strong></span> <span class='ocrx_word' id='word_1_175' title='bbox 575 2785 634 2851; x_wconf 88' lang='lat' dir='ltr'><strong>ioci</strong></span> <span class='ocrx_word' id='word_1_176' title='bbox 660 2785 865 2872; x_wconf 79' lang='lat' dir='ltr'><strong>apertissime</strong></span> <span class='ocrx_word' id='word_1_177' title='bbox 889 2784 1079 2850; x_wconf 85' lang='lat' dir='ltr'><strong>contrarium</strong></span> <span class='ocrx_word' id='word_1_178' title='bbox 1105 2784 1256 2869; x_wconf 75' lang='lat' dir='ltr'><strong>postulat.</strong></span> 
     </span>
     <span class='ocr_line' id='line_1_24' title="bbox 277 2890 1421 2980; baseline -0.001 -23"><span class='ocrx_word' id='word_1_179' title='bbox 277 2891 313 2957; x_wconf 90' lang='lat' dir='ltr'><strong>ln</strong></span> <span class='ocrx_word' id='word_1_180' title='bbox 338 2891 448 2958; x_wconf 87' lang='lat' dir='ltr'><strong>eodem</strong></span> <span class='ocrx_word' id='word_1_181' title='bbox 474 2891 608 2980; x_wconf 69' lang='lat' dir='ltr'><strong>Dioioqu</strong></span> <span class='ocrx_word' id='word_1_182' title='bbox 632 2896 694 2966; x_wconf 76' lang='lat' dir='ltr'><strong>ii,</strong></span> <span class='ocrx_word' id='word_1_183' title='bbox 723 2897 739 2956; x_wconf 77' lang='lat' dir='ltr'><strong>i</strong></span> <span class='ocrx_word' id='word_1_184' title='bbox 765 2892 844 2957; x_wconf 77' lang='grc' dir='ltr'><strong><em>δυοῖν</em></strong></span> <span class='ocrx_word' id='word_1_185' title='bbox 869 2890 990 2972; x_wconf 84' lang='grc' dir='ltr'><strong><em>ίιίτερον</em></strong></span> <span class='ocrx_word' id='word_1_186' title='bbox 1012 2890 1030 2967; x_wconf 73' lang='lat' dir='ltr'><strong>ii</strong></span> <span class='ocrx_word' id='word_1_187' title='bbox 1056 2893 1269 2972; x_wconf 74' lang='grc' dir='ltr'><strong><em>παρεωρᾶσίοιι</em></strong></span> <span class='ocrx_word' id='word_1_188' title='bbox 1293 2892 1421 2971; x_wconf 73' lang='grc' dir='ltr'><strong><em>σίνιίμκη</em></strong></span> 
     </span>
     <span class='ocr_line' id='line_1_25' title="bbox 232 2998 1420 3080; baseline 0 -18"><span class='ocrx_word' id='word_1_189' title='bbox 232 2998 249 3073; x_wconf 73' lang='grc' dir='ltr'><strong><em>ἢ</em></strong></span> <span class='ocrx_word' id='word_1_190' title='bbox 280 2999 432 3078; x_wconf 78' lang='grc' dir='ltr'><strong><em>τιμᾶσίαι</em></strong></span> <span class='ocrx_word' id='word_1_191' title='bbox 462 3002 501 3070; x_wconf 77' lang='grc' dir='ltr'><strong>ὥς</strong></span> <span class='ocrx_word' id='word_1_192' title='bbox 533 3003 663 3080; x_wconf 85' lang='grc' dir='ltr'><strong><em>προτοῦ,</em></strong></span> <span class='ocrx_word' id='word_1_193' title='bbox 699 2998 849 3064; x_wconf 86' lang='lat' dir='ltr'><strong>vitiosuru</strong></span> <span class='ocrx_word' id='word_1_194' title='bbox 882 3005 932 3063; x_wconf 92' lang='lat' dir='ltr'><strong>est</strong></span> <span class='ocrx_word' id='word_1_195' title='bbox 966 2998 1197 3078; x_wconf 78' lang='grc' dir='ltr'><strong><em>παρεωρῖισίαι,</em></strong></span> <span class='ocrx_word' id='word_1_196' title='bbox 1230 3017 1341 3063; x_wconf 88' lang='lat' dir='ltr'><strong>verum</strong></span> <span class='ocrx_word' id='word_1_197' title='bbox 1371 3008 1420 3064; x_wconf 90' lang='lat' dir='ltr'><strong>est</strong></span> 
     </span>
     <span class='ocr_line' id='line_1_26' title="bbox 230 3101 1421 3191; baseline 0.003 -24"><span class='ocrx_word' id='word_1_198' title='bbox 230 3104 414 3184; x_wconf 72' lang='grc' dir='ltr'><strong><em>παρεῶσθαι.</em></strong></span> <span class='ocrx_word' id='word_1_199' title='bbox 463 3103 573 3168; x_wconf 76' lang='lat' dir='ltr'><strong>siden</strong></span> <span class='ocrx_word' id='word_1_200' title='bbox 606 3103 682 3169; x_wconf 85' lang='lat' dir='ltr'><strong>iacit</strong></span> <span class='ocrx_word' id='word_1_201' title='bbox 714 3104 781 3189; x_wconf 81' lang='lat' dir='ltr'><strong>ipse</strong></span> <span class='ocrx_word' id='word_1_202' title='bbox 816 3103 964 3168; x_wconf 60' lang='lat' dir='ltr'><strong>iiucrnnus</strong></span> <span class='ocrx_word' id='word_1_203' title='bbox 995 3104 1026 3166; x_wconf 91' lang='lat' dir='ltr'><strong>iu</strong></span> <span class='ocrx_word' id='word_1_204' title='bbox 1059 3101 1083 3191; x_wconf 67' lang='lat' dir='ltr'>S</span> <span class='ocrx_word' id='word_1_205' title='bbox 1119 3107 1139 3167; x_wconf 88' lang='lat'>9</span> <span class='ocrx_word' id='word_1_206' title='bbox 1169 3102 1336 3185; x_wconf 73' lang='grc' dir='ltr'><strong><em>ἀνέχεσθαι</em></strong></span> <span class='ocrx_word' id='word_1_207' title='bbox 1359 3103 1421 3185; x_wconf 76' lang='grc' dir='ltr'><strong>χρη</strong></span> 
     </span>
     <span class='ocr_line' id='line_1_27' title="bbox 230 3207 1420 3289; baseline 0.004 -18"><span class='ocrx_word' id='word_1_208' title='bbox 230 3207 442 3288; x_wconf 86' lang='grc' dir='ltr'><strong><em>παρεωσμένον</em></strong></span> <span class='ocrx_word' id='word_1_209' title='bbox 474 3209 526 3274; x_wconf 80' lang='grc' dir='ltr'><strong>καί</strong></span> <span class='ocrx_word' id='word_1_210' title='bbox 563 3210 607 3287; x_wconf 75' lang='grc' dir='ltr'><strong>μη</strong></span> <span class='ocrx_word' id='word_1_211' title='bbox 641 3212 835 3288; x_wconf 69' lang='grc' dir='ltr'><strong><em>ἀγανακτεῖν</em></strong></span> <span class='ocrx_word' id='word_1_212' title='bbox 871 3209 900 3276; x_wconf 80' lang='grc' dir='ltr'><strong>εί</strong></span> <span class='ocrx_word' id='word_1_213' title='bbox 928 3232 976 3281; x_wconf 90' lang='grc' dir='ltr'><strong>τις</strong></span> <span class='ocrx_word' id='word_1_214' title='bbox 1012 3210 1239 3289; x_wconf 87' lang='grc' dir='ltr'><strong><em>προτετίμηταί</em></strong></span> <span class='ocrx_word' id='word_1_215' title='bbox 1271 3233 1334 3276; x_wconf 82' lang='grc' dir='ltr'><strong><em>σου.</em></strong></span> <span class='ocrx_word' id='word_1_216' title='bbox 1383 3209 1420 3276; x_wconf 83' lang='lat' dir='ltr'><strong>itt</strong></span> 
     </span>
     <span class='ocr_line' id='line_1_28' title="bbox 232 3313 1419 3402; baseline 0.001 -23"><span class='ocrx_word' id='word_1_217' title='bbox 232 3314 442 3380; x_wconf 83' lang='lat' dir='ltr'><strong>Dnnosrannrs</strong></span> <span class='ocrx_word' id='word_1_218' title='bbox 468 3313 654 3400; x_wconf 76' lang='lat' dir='ltr'><strong>Olyntbioco</strong></span> <span class='ocrx_word' id='word_1_219' title='bbox 678 3315 702 3381; x_wconf 92' lang='lat' dir='ltr'><strong>l.</strong></span> <span class='ocrx_word' id='word_1_220' title='bbox 728 3337 758 3402; x_wconf 78' lang='lat' dir='ltr'><strong>p.</strong></span> <span class='ocrx_word' id='word_1_221' title='bbox 784 3321 845 3394; x_wconf 71' lang='lat'><strong>25,</strong></span> <span class='ocrx_word' id='word_1_222' title='bbox 874 3319 910 3381; x_wconf 76' lang='lat' dir='ltr'><strong>rt</strong></span> <span class='ocrx_word' id='word_1_223' title='bbox 937 3313 1008 3379; x_wconf 92' lang='lat' dir='ltr'><strong>boui</strong></span> <span class='ocrx_word' id='word_1_224' title='bbox 1034 3313 1106 3379; x_wconf 87' lang='lat' dir='ltr'><strong>iibri</strong></span> <span class='ocrx_word' id='word_1_225' title='bbox 1131 3324 1276 3381; x_wconf 70' lang='lat' dir='ltr'><strong>seruant:</strong></span> <span class='ocrx_word' id='word_1_226' title='bbox 1300 3322 1419 3397; x_wconf 80' lang='grc' dir='ltr'><strong><em>παρεῶ-</em></strong></span> 
     </span>
     <span class='ocr_line' id='line_1_29' title="bbox 230 3417 1420 3504; baseline 0.004 -20"><span class='ocrx_word' id='word_1_227' title='bbox 230 3420 298 3485; x_wconf 86' lang='grc' dir='ltr'><strong><em>οίαι</em></strong></span> <span class='ocrx_word' id='word_1_228' title='bbox 329 3421 381 3485; x_wconf 83' lang='grc' dir='ltr'><strong>καί</strong></span> <span class='ocrx_word' id='word_1_229' title='bbox 412 3421 443 3485; x_wconf 80' lang='grc' dir='ltr'><strong>ἐν</strong></span> <span class='ocrx_word' id='word_1_230' title='bbox 473 3420 587 3494; x_wconf 74' lang='grc' dir='ltr'><strong><em>οὐδενὸς</em></strong></span> <span class='ocrx_word' id='word_1_231' title='bbox 620 3417 696 3487; x_wconf 72' lang='grc' dir='ltr'><strong><em>εἶναι</em></strong></span> <span class='ocrx_word' id='word_1_232' title='bbox 727 3421 811 3504; x_wconf 83' lang='grc' dir='ltr'><strong><em>μέρει</em></strong></span> <span class='ocrx_word' id='word_1_233' title='bbox 840 3422 892 3489; x_wconf 73' lang='grc' dir='ltr'><strong>τὸν</strong></span> <span class='ocrx_word' id='word_1_234' title='bbox 922 3427 1068 3494; x_wconf 83' lang='grc' dir='ltr'><strong><em>τοιοῦτον,</em></strong></span> <span class='ocrx_word' id='word_1_235' title='bbox 1105 3420 1280 3487; x_wconf 82' lang='lat' dir='ltr'><strong>deteriores</strong></span> <span class='ocrx_word' id='word_1_236' title='bbox 1308 3441 1420 3489; x_wconf 82' lang='lat' dir='ltr'><strong>omnes</strong></span> 
     </span>
     <span class='ocr_line' id='line_1_30' title="bbox 229 3525 1418 3608; baseline 0.001 -16"><span class='ocrx_word' id='word_1_237' title='bbox 229 3529 453 3608; x_wconf 74' lang='grc' dir='ltr'><strong><em>παρεωροῖσίαι.</em></strong></span> <span class='ocrx_word' id='word_1_238' title='bbox 502 3525 685 3593; x_wconf 80' lang='lat' dir='ltr'><strong>lirunonrrus</strong></span> <span class='ocrx_word' id='word_1_239' title='bbox 724 3528 844 3594; x_wconf 88' lang='lat' dir='ltr'><strong>indicat</strong></span> <span class='ocrx_word' id='word_1_240' title='bbox 878 3527 961 3593; x_wconf 90' lang='lat' dir='ltr'><strong>idem</strong></span> <span class='ocrx_word' id='word_1_241' title='bbox 996 3527 1110 3592; x_wconf 87' lang='lat' dir='ltr'><strong>vitium</strong></span> <span class='ocrx_word' id='word_1_242' title='bbox 1143 3528 1353 3594; x_wconf 80' lang='lat' dir='ltr'><strong>comunissum</strong></span> <span class='ocrx_word' id='word_1_243' title='bbox 1385 3529 1418 3594; x_wconf 92' lang='lat' dir='ltr'><strong>in</strong></span> 
     </span>
     <span class='ocr_line' id='line_1_31' title="bbox 229 3629 1418 3719; baseline 0.002 -21"><span class='ocrx_word' id='word_1_244' title='bbox 229 3633 436 3699; x_wconf 80' lang='lat' dir='ltr'><strong>Aristocraten</strong></span> <span class='ocrx_word' id='word_1_245' title='bbox 469 3653 497 3719; x_wconf 84' lang='lat' dir='ltr'><strong>p.</strong></span> <span class='ocrx_word' id='word_1_246' title='bbox 529 3637 615 3710; x_wconf 80' lang='lat'><strong>635,</strong></span> <span class='ocrx_word' id='word_1_247' title='bbox 644 3637 682 3698; x_wconf 80' lang='lat'><strong>13</strong></span> <span class='ocrx_word' id='word_1_248' title='bbox 707 3629 783 3706; x_wconf 71' lang='grc' dir='ltr'><strong><em>ὅλως</em></strong></span> <span class='ocrx_word' id='word_1_249' title='bbox 808 3634 871 3716; x_wconf 73' lang='grc' dir='ltr'><strong>γὰρ</strong></span> <span class='ocrx_word' id='word_1_250' title='bbox 895 3635 1064 3712; x_wconf 69' lang='grc' dir='ltr'><strong><em>ἡγήσονται</em></strong></span> <span class='ocrx_word' id='word_1_251' title='bbox 1087 3636 1261 3714; x_wconf 82' lang='grc' dir='ltr'><strong><em>παρεῶσίαι</em></strong></span> <span class='ocrx_word' id='word_1_252' title='bbox 1284 3635 1342 3715; x_wconf 76' lang='grc' dir='ltr'><strong>μὲν</strong></span> <span class='ocrx_word' id='word_1_253' title='bbox 1365 3639 1418 3701; x_wconf 82' lang='grc' dir='ltr'><strong>αὖ·</strong></span> 
     </span>
     <span class='ocr_line' id='line_1_32' title="bbox 227 3737 1420 3821; baseline 0 -15"><span class='ocrx_word' id='word_1_254' title='bbox 227 3740 295 3816; x_wconf 78' lang='grc' dir='ltr'><strong><em>τοί,</em></strong></span> <span class='ocrx_word' id='word_1_255' title='bbox 326 3739 398 3821; x_wconf 76' lang='grc' dir='ltr'><strong><em>πρὸς</em></strong></span> <span class='ocrx_word' id='word_1_256' title='bbox 423 3739 661 3821; x_wconf 76' lang='grc' dir='ltr'><strong><em>Κερσοβλέπτην</em></strong></span> <span class='ocrx_word' id='word_1_257' title='bbox 689 3737 716 3804; x_wconf 75' lang='grc' dir='ltr'><strong>δ’</strong></span> <span class='ocrx_word' id='word_1_258' title='bbox 741 3740 919 3807; x_wconf 77' lang='grc' dir='ltr'><strong><em>σίτοκλίνειν</em></strong></span> <span class='ocrx_word' id='word_1_259' title='bbox 944 3741 1044 3820; x_wconf 80' lang='grc' dir='ltr'><strong><em>ὑμῖις,</em></strong></span> <span class='ocrx_word' id='word_1_260' title='bbox 1070 3739 1122 3805; x_wconf 91' lang='lat' dir='ltr'><strong>ubi</strong></span> <span class='ocrx_word' id='word_1_261' title='bbox 1148 3740 1180 3804; x_wconf 86' lang='lat' dir='ltr'><strong>in</strong></span> <span class='ocrx_word' id='word_1_262' title='bbox 1206 3739 1355 3806; x_wconf 84' lang='lat' dir='ltr'><strong>ornrubus</strong></span> <span class='ocrx_word' id='word_1_263' title='bbox 1378 3739 1420 3806; x_wconf 87' lang='lat' dir='ltr'><strong>li·</strong></span> 
     </span>
     <span class='ocr_line' id='line_1_33' title="bbox 228 3844 1420 3932; baseline 0.001 -22"><span class='ocrx_word' id='word_1_264' title='bbox 228 3845 296 3911; x_wconf 88' lang='lat' dir='ltr'><strong>bris</strong></span> <span class='ocrx_word' id='word_1_265' title='bbox 318 3855 366 3912; x_wconf 88' lang='lat' dir='ltr'><strong>est</strong></span> <span class='ocrx_word' id='word_1_266' title='bbox 390 3849 618 3928; x_wconf 82' lang='grc' dir='ltr'><strong><em>παρεωρῖοσίαι,</em></strong></span> <span class='ocrx_word' id='word_1_267' title='bbox 645 3849 677 3910; x_wconf 90' lang='lat' dir='ltr'><strong>in</strong></span> <span class='ocrx_word' id='word_1_268' title='bbox 705 3849 825 3932; x_wconf 86' lang='lat' dir='ltr'><strong>optimo</strong></span> <span class='ocrx_word' id='word_1_269' title='bbox 849 3849 993 3914; x_wconf 86' lang='lat' dir='ltr'><strong>onrniurn</strong></span> <span class='ocrx_word' id='word_1_270' title='bbox 1019 3845 1164 3912; x_wconf 79' lang='lat' dir='ltr'><strong>Parisino</strong></span> <span class='ocrx_word' id='word_1_271' title='bbox 1188 3844 1304 3911; x_wconf 86' lang='lat' dir='ltr'><strong>Svera</strong></span> <span class='ocrx_word' id='word_1_272' title='bbox 1325 3845 1420 3912; x_wconf 88' lang='lat' dir='ltr'><strong>tectio</strong></span> 
     </span>
     <span class='ocr_line' id='line_1_34' title="bbox 228 3947 1419 4038; baseline 0 -22"><span class='ocrx_word' id='word_1_273' title='bbox 228 3952 260 4016; x_wconf 91' lang='lat' dir='ltr'><strong>in</strong></span> <span class='ocrx_word' id='word_1_274' title='bbox 287 3952 432 4036; x_wconf 79' lang='lat' dir='ltr'><strong>margine</strong></span> <span class='ocrx_word' id='word_1_275' title='bbox 457 3951 618 4038; x_wconf 80' lang='lat' dir='ltr'><strong>adscripta</strong></span> <span class='ocrx_word' id='word_1_276' title='bbox 643 3958 702 4017; x_wconf 80' lang='lat' dir='ltr'><strong>est.</strong></span> <span class='ocrx_word' id='word_1_277' title='bbox 738 3953 878 4018; x_wconf 81' lang='lat' dir='ltr'><strong>Priorem</strong></span> <span class='ocrx_word' id='word_1_278' title='bbox 906 3955 1116 4019; x_wconf 82' lang='lat' dir='ltr'><strong>Denosrnsnrs</strong></span> <span class='ocrx_word' id='word_1_279' title='bbox 1135 3947 1244 4016; x_wconf 89' lang='lat' dir='ltr'><strong>iooruu</strong></span> <span class='ocrx_word' id='word_1_280' title='bbox 1268 3951 1419 4017; x_wconf 77' lang='lat' dir='ltr'><strong>imitatur</strong></span> 
     </span>
     <span class='ocr_line' id='line_1_35' title="bbox 228 4054 1417 4146; baseline 0 -26"><span class='ocrx_word' id='word_1_281' title='bbox 228 4057 274 4124; x_wconf 85' lang='lat' dir='ltr'><strong>rei</strong></span> <span class='ocrx_word' id='word_1_282' title='bbox 308 4059 414 4145; x_wconf 88' lang='lat' dir='ltr'><strong>potius</strong></span> <span class='ocrx_word' id='word_1_283' title='bbox 445 4056 615 4144; x_wconf 81' lang='lat' dir='ltr'><strong>descripsit</strong></span> <span class='ocrx_word' id='word_1_284' title='bbox 645 4057 807 4124; x_wconf 82' lang='lat' dir='ltr'><strong>bnrsrrnns</strong></span> <span class='ocrx_word' id='word_1_285' title='bbox 839 4059 862 4125; x_wconf 93' lang='grc' dir='ltr'><strong>ί.</strong></span> <span class='ocrx_word' id='word_1_286' title='bbox 892 4081 921 4146; x_wconf 79' lang='grc' dir='ltr'><strong>ῃ.</strong></span> <span class='ocrx_word' id='word_1_287' title='bbox 949 4063 990 4124; x_wconf 76' lang='lat'><strong>62</strong></span> <span class='ocrx_word' id='word_1_288' title='bbox 1016 4056 1285 4139; x_wconf 61' lang='lat' dir='ltr'><strong>eneruauerunt</strong></span> <span class='ocrx_word' id='word_1_289' title='bbox 1310 4057 1361 4122; x_wconf 81' lang='grc' dir='ltr'><strong>καί</strong></span> <span class='ocrx_word' id='word_1_290' title='bbox 1387 4054 1417 4120; x_wconf 83' lang='grc' dir='ltr'><strong>έν</strong></span> 
     </span>
     <span class='ocr_line' id='line_1_36' title="bbox 226 4160 1418 4245; baseline -0.003 -14"><span class='ocrx_word' id='word_1_291' title='bbox 226 4163 340 4238; x_wconf 77' lang='grc' dir='ltr'><strong><em>οὐδενὸς</em></strong></span> <span class='ocrx_word' id='word_1_292' title='bbox 374 4163 456 4236; x_wconf 74' lang='grc' dir='ltr'><strong><em>ὄντος</em></strong></span> <span class='ocrx_word' id='word_1_293' title='bbox 490 4165 574 4245; x_wconf 81' lang='grc' dir='ltr'><strong><em>μέρει</em></strong></span> <span class='ocrx_word' id='word_1_294' title='bbox 610 4165 725 4237; x_wconf 80' lang='grc' dir='ltr'><strong><em>παντὸς</em></strong></span> <span class='ocrx_word' id='word_1_295' title='bbox 755 4170 808 4230; x_wconf 78' lang='grc' dir='ltr'><strong>τοῦ</strong></span> <span class='ocrx_word' id='word_1_296' title='bbox 840 4169 1035 4242; x_wconf 78' lang='grc' dir='ltr'><strong><em>Ἑλληνικοῦ,</em></strong></span> <span class='ocrx_word' id='word_1_297' title='bbox 1071 4166 1123 4231; x_wconf 83' lang='lat' dir='ltr'><strong>ubi</strong></span> <span class='ocrx_word' id='word_1_298' title='bbox 1156 4163 1230 4228; x_wconf 85' lang='lat' dir='ltr'><strong>oiim</strong></span> <span class='ocrx_word' id='word_1_299' title='bbox 1261 4160 1418 4227; x_wconf 81' lang='lat' dir='ltr'><strong>edebatur</strong></span> 
     </span>
     <span class='ocr_line' id='line_1_37' title="bbox 224 4269 1419 4357; baseline -0.003 -19"><span class='ocrx_word' id='word_1_300' title='bbox 224 4270 497 4355; x_wconf 85' lang='grc' dir='ltr'><strong><em>παρεωρασμένσο,</em></strong></span> <span class='ocrx_word' id='word_1_301' title='bbox 522 4290 579 4357; x_wconf 88' lang='lat' dir='ltr'><strong>pro</strong></span> <span class='ocrx_word' id='word_1_302' title='bbox 603 4289 666 4357; x_wconf 88' lang='lat' dir='ltr'><strong>quo</strong></span> <span class='ocrx_word' id='word_1_303' title='bbox 689 4269 802 4336; x_wconf 82' lang='lat' dir='ltr'><strong>iinrsun</strong></span> <span class='ocrx_word' id='word_1_304' title='bbox 826 4270 1061 4355; x_wconf 78' lang='grc' dir='ltr'><strong><em>παρεωραμένον</em></strong></span> <span class='ocrx_word' id='word_1_305' title='bbox 1079 4270 1185 4349; x_wconf 87' lang='lat' dir='ltr'><strong>dedit,</strong></span> <span class='ocrx_word' id='word_1_306' title='bbox 1215 4269 1419 4335; x_wconf 73' lang='lat' dir='ltr'><strong>brococussi</strong></span> 
     </span>
     <span class='ocr_line' id='line_1_38' title="bbox 225 4374 1417 4466; baseline -0.007 -20"><span class='ocrx_word' id='word_1_307' title='bbox 225 4378 316 4446; x_wconf 87' lang='lat' dir='ltr'><strong>codd.</strong></span> <span class='ocrx_word' id='word_1_308' title='bbox 340 4377 550 4460; x_wconf 83' lang='grc' dir='ltr'><strong><em>παρεωσμένον</em></strong></span> <span class='ocrx_word' id='word_1_309' title='bbox 575 4376 769 4445; x_wconf 83' lang='lat' dir='ltr'><strong>emendarit.</strong></span> <span class='ocrx_word' id='word_1_310' title='bbox 821 4379 920 4448; x_wconf 87' lang='lat' dir='ltr'><strong>Viden</strong></span> <span class='ocrx_word' id='word_1_311' title='bbox 941 4380 1104 4466; x_wconf 81' lang='lat' dir='ltr'><strong>rutgataur</strong></span> <span class='ocrx_word' id='word_1_312' title='bbox 1128 4396 1168 4444; x_wconf 80' lang='lat' dir='ltr'><strong>en</strong></span> <span class='ocrx_word' id='word_1_313' title='bbox 1191 4374 1313 4462; x_wconf 82' lang='lat' dir='ltr'><strong>duplici</strong></span> <span class='ocrx_word' id='word_1_314' title='bbox 1334 4374 1417 4440; x_wconf 88' lang='lat' dir='ltr'><strong>scri·</strong></span> 
     </span>
    </p>
   </div>
   <div class='ocr_carea' id='block_1_3' title="bbox 223 4483 909 4615">
    <p class='ocr_par' dir='ltr' id='par_1_3' title="bbox 223 4483 909 4615">
     <span class='ocr_line' id='line_1_39' title="bbox 223 4483 909 4615; baseline -0.003 -20"><span class='ocrx_word' id='word_1_315' title='bbox 223 4537 320 4615; x_wconf 88' lang='lat' dir='ltr'><strong>ptura</strong></span> <span class='ocrx_word' id='word_1_316' title='bbox 345 4535 453 4594; x_wconf 87' lang='lat' dir='ltr'><strong>natam</strong></span> <span class='ocrx_word' id='word_1_317' title='bbox 477 4546 547 4596; x_wconf 80' lang='lat' dir='ltr'><strong>esse</strong></span> <span class='ocrx_word' id='word_1_318' title='bbox 571 4523 648 4593; x_wconf 89' lang='lat' dir='ltr'><strong>bac:</strong></span> <span class='ocrx_word' id='word_1_319' title='bbox 674 4483 909 4610; x_wconf 55' lang='grc' dir='ltr'><strong><em>παρεέέμένοοί</em></strong></span> 
     </span>
    </p>
   </div>
   <div class='ocr_carea' id='block_1_4' title="bbox 0 0 1580 4972">
    <p class='ocr_par' dir='ltr' id='par_1_4' title="bbox 0 0 1580 4972">
     <span class='ocr_line' id='line_1_40' title="bbox 0 0 1580 4972; baseline 0 4"><span class='ocrx_word' id='word_1_320' title='bbox 0 0 1580 4972; x_wconf 95' lang='lat' dir='ltr'><strong> </strong></span> 
     </span>
    </p>
   </div>
  </div>
 </body>
</html>
