3204 4978
768 343 839 415 280

214 546 304 619 utar,
329 541 362 608 in
396 541 542 610 Dronrstu
578 539 685 605 nitro.
722 537 806 605 Vltl.
846 541 896 606 ta.
933 534 1043 622 <odolen
1078 533 1145 616 πρὶν
1182 533 1399 616 ἐπιρραχθῆναι

212 647 273 720 τὰς
298 648 403 725 σύλας
435 646 667 728 ἐκβιασάμενος
690 645 733 718 εἷς
756 645 791 712 τὸ
822 653 929 729 τεῖχος
956 663 1013 732 pro
1041 639 1319 720 εἰσβιασάμενος,
1344 648 1402 706 ant

211 751 270 820 tlt.
307 757 362 820 51.
399 752 650 835 ἔκβεβλνιιδσας
685 752 728 826 εἰς
761 751 815 826 τὴν
846 749 1003 831 Ῥωμαίων
1032 755 1091 829 γῆν
1123 768 1180 834 pru
1214 745 1400 826 εἰσβεβλη-

211 857 331 933 drus?
367 859 452 928 idem
493 859 689 947 aequissimo
732 860 861 937 aninlo,
905 855 1019 934 credo,
1062 855 1143 921 leret
1179 855 1209 919 in
1247 855 1402 919 brunnam

213 963 334 1032 Eurum
367 987 396 1054 p.
421 971 474 1034 sb.
518 990 545 1032 c.
579 963 748 1038 εῐσνιιὸνσες
794 963 935 1054 (κύλικα)
973 982 1031 1049 pro
1071 959 1226 1034 ἐκπιόντες
1260 961 1400 1026 Poasonr.

211 1071 308 1153 ’Τσέρ
335 1069 385 1138 bis
420 1073 453 1138 in
489 1073 620 1138 buccano
645 1089 702 1157 pro
731 1069 791 1136 ὑπό
821 1069 952 1156 irrepsit
983 1089 1057 1135 curn
1090 1067 1269 1134 sententiae
1302 1067 1401 1132 exitio

215 1181 277 1258 17,
309 1180 363 1244 40.
397 1179 470 1262 ὑπὲρ
499 1184 552 1245 τοῦ
576 1176 672 1256 μηδὲν
695 1176 846 1257 χρήσιμον
871 1173 980 1242 εἰδέναι
1012 1184 1044 1240 et
1070 1178 1130 1250 20,
1157 1179 1223 1251 54,
1249 1173 1322 1253 ὑπὲρ
1345 1177 1399 1240 σοῦ

210 1283 256 1362 aab
280 1286 484 1366 πεπειρᾶσθαι
507 1283 606 1351 ἄλλον
629 1283 753 1365 ἀνδρός,
776 1292 952 1369 utrumqne
974 1280 1078 1348 locurn
1102 1280 1273 1368 occuparit
1293 1299 1397 1346 ernen-

211 1386 288 1455 dare
320 1389 489 1458 berennus.
538 1389 607 1456 lluo
638 1390 910 1477 praepositionum
943 1387 1033 1476 paria
1065 1384 1180 1453 addant
1215 1405 1296 1473 quas
1326 1405 1397 1473 per·

212 1497 333 1561 mutari
354 1497 385 1562 iu
406 1495 498 1562 libris
517 1495 639 1563 videbis
656 1494 743 1562 κατα
763 1503 795 1561 et
811 1494 916 1574 αισα,
940 1495 971 1559 ἐν
990 1504 1022 1560 et
1041 1493 1105 1562 ἐπί.
1142 1493 1230 1574 Quae
1243 1494 1284 1559 sit
1298 1491 1397 1558 lorum

210 1603 457 1690 praepositionis
480 1603 583 1681 κατα,
608 1623 690 1690 quae
712 1602 820 1667 minus
843 1599 969 1668 ocrrlato
993 1611 1025 1667 et
1046 1599 1261 1686 incogitantes
1279 1597 1400 1664 descri-

209 1705 299 1774 benti
334 1711 473 1796 speciem
511 1709 757 1798 praepositionis
796 1707 881 1787 μετά
922 1705 1071 1774 videatur
1114 1703 1234 1772 relerre
1270 1705 1401 1770 Bisrms

210 1813 355 1882 cateridet
382 1817 414 1881 in
441 1817 609 1884 Conament.
632 1814 795 1903 Palaeogr.
822 1835 851 1902 p.
876 1817 953 1881 285.
1000 1813 1065 1878 Cur
1084 1813 1115 1878 ἐν
1137 1811 1401 1899 videaturscrip·

211 1928 283 1986 tum
307 1941 376 1988 esse
409 1920 463 1988 nbi
495 1923 549 1988 ἔνι’
579 1922 736 2008 scriptum
762 1919 878 1987 situel
911 1915 1055 1997 coutra‚'
1072 1920 1192 2006 aperiet
1231 1916 1289 1984 tibi
1314 1916 1399 1983 idem

213 2044 245 2112 p.
260 2030 337 2093 742.
375 2023 513 2094 Omnino
537 2026 709 2094 utilissima
722 2037 798 2094 sunt
812 2047 895 2114 qnae
909 2026 1036 2092 llnsrrns
1057 2024 1096 2092 de
1109 2024 1197 2091 omui
1209 2022 1270 2091 lroo
1282 2043 1402 2112 genere

212 2132 345 2218 scripsit
375 2142 407 2201 et
444 2135 627 2214 verissima,
663 2132 743 2201 adeo
776 2143 810 2200 ut
847 2154 908 2200 uon
940 2133 1143 2199 meminerint
1179 2151 1230 2198 ma
1268 2133 1401 2198 Basanon

211 2255 365 2324 umquam
398 2240 431 2306 iu
457 2239 730 2328 palaeograplricis
753 2239 863 2306 nidere
895 2249 1070 2306 errantem.
1119 2239 1181 2305 lliu
1203 2247 1236 2304 et
1260 2236 1399 2304 multum

211 2342 244 2408 in
269 2343 320 2411 bis
350 2354 497 2413 uersatus
519 2355 607 2414 certa
636 2355 668 2412 et
701 2343 863 2433 explorata
888 2345 949 2410 sini
972 2342 1113 2411 delibare
1137 2342 1217 2410 solet
1242 2351 1277 2410 ut
1297 2343 1400 2410 errori

211 2469 274 2516 non
307 2450 404 2520 detur
432 2451 531 2520 locus.
578 2451 665 2520 Nihil
690 2451 722 2517 in
748 2452 802 2517 illo
825 2450 1043 2518 desiderarem
1069 2452 1095 2516 si
1120 2458 1246 2517 tautum
1271 2450 1401 2537 ingenio

210 2575 307 2643 qnam
333 2567 403 2625 arte
434 2558 554 2627 valeret
586 2568 618 2627 et
646 2579 715 2625 sese
748 2578 785 2625 ex
812 2556 961 2624 sordibus
984 2568 1017 2624 et
1050 2559 1145 2643 nugis
1168 2556 1399 2624 Graeculorum

209 2660 382 2750 aliquando
415 2665 565 2754 explodire
598 2665 765 2754 potuisset.
815 2665 910 2732 Nunc
941 2673 1029 2733 totus
1060 2666 1091 2730 in
1124 2662 1187 2730 illis
1216 2663 1401 2750 quisquiliis

211 2769 487 2857 ineptissimorum
502 2771 668 2847 bominum
686 2772 710 2861 ¹)
734 2773 906 2839 immersus
920 2791 981 2838 non
996 2771 1100 2858 potuit
1112 2773 1237 2858 erigere
1254 2771 1399 2838 animum

211 2875 252 2941 ad
270 2875 397 2943 illorum
418 2877 695 2958 emendationem,
720 2898 858 2965 qnorum
880 2897 977 2945 causa
1001 2878 1099 2945 etiam
1114 2877 1192 2944 istos
1208 2895 1402 2964 cognoscere

212 3001 275 3047 raon
299 2982 529 3070 dedignamur:
554 2985 582 3051 si
607 2983 735 3072 quando
760 2983 876 3050 inillis
900 2981 975 3051 lacit
989 2984 1198 3051 correctionis
1220 2981 1401 3072 pericnlum

211 3087 431 3175 perimbecillo
462 3091 542 3158 solet
574 3109 706 3178 parere,
735 3090 767 3155 in
799 3090 869 3156 istis
901 3089 977 3157 solis
1009 3089 1120 3156 sollers
1143 3097 1176 3156 et
1201 3087 1295 3168 felix,
1321 3107 1402 3174 quos

211 3192 277 3259 alto
299 3193 472 3279 supercilio
495 3193 734 3275 fastidirernus‚
767 3197 829 3262 nisi
862 3195 903 3262 ad
926 3203 1071 3263 veterum
1097 3194 1342 3282 intelligentiam
1369 3201 1402 3260 et

212 3298 307 3380 apion
333 3299 462 3386 egregia
487 3301 623 3368 subinde
647 3301 808 3390 praesidia
827 3300 1082 3389 suppeditarent.
1129 3301 1163 3368 Si
1188 3303 1261 3389 quis
1285 3301 1400 3368 critica

211 3400 366 3472 facultate
403 3408 519 3474 erinna
551 3408 716 3495 praeditus
756 3416 787 3474 et
829 3409 860 3473 in
893 3409 1108 3495 Antiquorum
1145 3409 1223 3476 crisi
1261 3407 1398 3474 rrrultum

211 3513 409 3580 exercitatus
453 3514 554 3580 llasrn
594 3517 890 3602 praestantissimas
936 3515 1173 3582 observationes
1215 3514 1401 3582 lectissimis

211 3617 367 3707 exemplis
392 3627 536 3687 veterum
557 3619 750 3688 confirmare
773 3631 806 3688 et
830 3641 946 3690 ornare
971 3621 1072 3702 nolet,
1100 3624 1126 3689 is
1150 3621 1293 3710 prolecto
1317 3619 1400 3688 banc

211 3721 394 3792 litterarum
418 3737 561 3815 partem,
581 3746 664 3814 quae
685 3747 770 3793 nnnc
793 3729 876 3795 iacet
891 3739 921 3794 et
936 3726 1052 3814 friget,
1072 3731 1178 3816 quiaa
1196 3728 1402 3815 paucissimis

213 3833 433 3916 cognoscitur,
452 3833 485 3899 in
511 3833 598 3900 clara
623 3832 696 3942 ln'ce
716 3841 813 3921 ponet
830 3843 863 3901 et
883 3833 1030 3902 ardentia
1051 3835 1225 3902 multorum
1246 3833 1402 3903 excitabit

246 4132 271 4198 l)
288 4131 348 4183 Non
370 4134 444 4185 credo
469 4149 588 4202 umquem
610 4137 637 4189 in
659 4139 731 4190 terris
755 4140 837 4204 magia
862 4139 1021 4206 nugatorium
1046 4147 1070 4191 et
1086 4138 1159 4193 futile
1177 4141 1253 4193 llalase
1269 4141 1403 4196 bominum

208 4227 302 4279 ροηιιε,
327 4230 404 4282 quem
428 4217 472 4283 qul
497 4217 716 4286 Constantinopoli
740 4231 783 4272 snt
806 4222 833 4272 iu
858 4223 1017 4273 monasteriis
1041 4229 1139 4274 veterae
1166 4224 1403 4290 interpretabantur.

208 4295 269 4346 Fuit
285 4297 328 4362 qul
352 4297 530 4352 Hnuonorurr
554 4313 580 4352 et
602 4301 788 4355 Tnuornrbsar
813 4305 900 4369 legens
922 4305 987 4354 banc
1003 4307 1176 4368 quaestionem
1201 4307 1266 4358 serio
1282 4317 1402 4373 poneret:

209 4375 259 4428 διὸ
275 4380 306 4427 τί
323 4375 502 4447 umectata<
518 4382 588 4449 ἔχων
605 4385 638 4434 τὸ
656 4383 742 4448 ὄνομα
764 4383 819 4436 dard
832 4387 882 4436 rod
898 4389 922 4437 θ
936 4389 963 4452 η’
980 4385 1403 4462 (ὀκνῆσννιρρόφσισσὶςορίας,

205 4458 220 4511 d
240 4458 274 4513 dl
294 4460 452 4533 Ἡρόδοτος
467 4463 536 4532 ἔχειν
552 4464 607 4518 ἀπὸ
624 4469 674 4518 σοῦ
692 4485 710 4533 g
729 4470 760 4519 θ’
780 4469 899 4539 (turta),
916 4485 981 4537 quas
998 4471 1117 4525 Basrrur
1134 4474 1249 4526 mutarit
1265 4489 1290 4539 p.
1308 4479 1366 4526 980.
