3178 4972
838 428 939 474 xxxiv

291 609 355 679 est,
386 603 442 667 ubi
477 601 576 666 simul
617 606 650 666 et
689 599 918 666 Demosthenes
953 599 1116 662 acerrimis
1150 596 1257 661 verbis
1295 589 1477 676 Philippum

290 725 464 788 insectatur
490 725 522 787 et
544 721 770 809 ludimagister
798 718 959 785 inficetum
982 714 1292 784 observatiunculam
1313 711 1478 796 interponit

291 843 330 909 de
352 863 427 922 su0,
451 844 703 920 ύνκοσύνσούμεν.
748 840 829 908 Vide
857 841 941 905 mihi
969 839 1077 906 locum
1114 841 1149 903 in
1178 838 1317 903 oratione
1340 831 1405 912 περὶ
1428 833 1477 896 τού

291 961 428 1044 ςεφύνου
458 984 489 1050 p.
514 961 590 1028 239.
622 961 713 1048 540.
744 962 802 1027 ubi
833 963 974 1029 recitatis
997 959 1142 1046 Philippi
1170 959 1273 1025 literis
1300 956 1411 1024 Orator
1431 973 1478 1018 ex-

292 1085 422 1151 clamat:
447 1083 568 1149 ύκούού
598 1085 636 1155 ola
666 1089 777 1164 σοφῶς
809 1082 897 1158 δηλοῖ
917 1080 969 1147 κού
1000 1081 1159 1165 διορίζεται
1191 1081 1221 1146 ἐν
1245 1087 1283 1162 σῇ
1307 1076 1379 1158 πρὸς
1402 1075 1478 1153 ὑμᾶς

292 1207 420 1287 ε’ποςολῡ
453 1205 617 1286 epicactis
643 1205 750 1270 ἑαυτοῦ
783 1203 974 1283 συμμάχους
999 1202 1045 1268 dri
1071 1205 1176 1282 ,fuya
1200 1207 1307 1268 τοῦτον
1330 1195 1478 1269 πεποίηκα
1556 1177 1557 1216 3

295 1325 449 1406 ,,ύκο’ντων
480 1323 646 1401 ’Λύηνοούων
681 1326 734 1390 κού
769 1325 985 1404 λυπουμένων,
1020 1323 1103 1401 ὥστ’,
1141 1324 1225 1403 εἴπερ
1258 1318 1291 1388 εὖ
1325 1325 1477 1403 φρονεῖτε,

294 1443 336 1526 „ci
359 1447 492 1524 Θηβαῖοι
516 1446 569 1511 κού
591 1447 748 1513 &errasti
759 1497 767 1524 ‚
800 1447 925 1519 τούτους
947 1447 1005 1524 μὲν
1028 1445 1153 1528 ἐχθρούς
1177 1443 1392 1524 ὑπολήψεσθε,
1417 1437 1478 1517 ἐμοὶ
1556 1435 1557 1472 ³

295 1567 347 1647 „dl
371 1566 575 1637 ποςεύσετε.”
607 1569 640 1634 ού
672 1568 788 1642 τούτοις
815 1576 878 1640 τοῖς
902 1570 1016 1651 isiacos
1041 1565 1172 1650 γρύψμς
1203 1565 1292 1632 raddo
1322 1565 1354 1630 δὲ
1376 1555 1479 1642 βονλύ·

294 1713 382 1769 μενος
411 1689 572 1756 δεικνύναι.
617 1689 655 1756 In
684 1691 735 1756 his
764 1694 832 1776 ipse
865 1689 1094 1756 Demosthenes
1127 1708 1248 1776 magna
1280 1707 1357 1755 voce
1386 1684 1478 1750 dixit:
1556 1669 1557 1754 l

292 1811 411 1877 ύκούεύ·
435 1813 473 1884 cic
497 1816 606 1893 σοοφῶς
631 1849 673 1860 -
699 1811 767 1888 ἐμοὶ
792 1813 823 1876 δὲ
847 1811 1031 1886 πνςεύσετε,
1052 1816 1124 1876 tum
1147 1831 1225 1876 vocs
1248 1811 1338 1876 tenui
1362 1814 1393 1874 et
1415 1805 1481 1871 stri·

293 1932 370 1999 dula
398 1932 623 2020 ludimagister
651 1931 795 2017 loquitur
824 1939 857 1998 et
885 1935 932 1998 ita
962 1933 1054 1998 dicit:
1087 1934 1119 1997 ού
1144 1930 1259 2006 τούτοις
1283 1939 1344 2003 τοῖς
1371 1928 1481 2010 ῥύμασι

294 2053 425 2134 opacae
454 2058 543 2119 τοῦτο
574 2053 606 2119 δὲ
634 2053 819 2132 βουλόμενος
852 2052 1012 2119 δεοκνύνοιο.
1068 2053 1198 2119 Similia
1226 2053 1279 2119 his
1306 2053 1424 2138 passim
1451 2051 1481 2111 to

293 2177 377 2241 iuter
408 2174 582 2262 legendum
616 2176 678 2240 nisi
720 2177 846 2241 cavebis
879 2174 1142 2253 ludificabuntur,
1177 2175 1231 2240 sed
1273 2177 1348 2261 quia
1379 2169 1481 2237 nullus

295 2293 435 2362 Graecus
463 2298 597 2381 scriptor
630 2295 690 2361 hoc
718 2295 909 2361 mendorum
941 2316 1055 2384 genere
1088 2298 1194 2383 magis
1224 2301 1273 2360 est
1305 2295 1484 2379 inquinatus

294 2436 392 2502 quam
413 2417 603 2494 Aeschines,
627 2417 725 2482 huius
746 2418 952 2503 potissimum
976 2422 1039 2482 tres
1058 2416 1180 2482 nobiles
1200 2419 1357 2482 orationes
1369 2413 1481 2500 delegi,

294 2539 329 2601 in
351 2537 467 2622 quibua
489 2545 693 2604 communem
720 2537 812 2604 illam
840 2543 986 2604 veterum
1014 2537 1172 2603 librorum
1199 2535 1308 2604 labem
1336 2534 1482 2623 patefaee
1556 2583 1557 2608 q

295 2677 363 2722 rem
387 2663 419 2723 et
443 2663 481 2723 ut
509 2661 543 2723 in
571 2661 780 2745 apertissimis
810 2658 976 2724 fraudibus
1006 2658 1210 2726 confutarem.
1258 2659 1332 2726 Non
1355 2658 1482 2723 arbitror
1556 2699 1557 2702 ,

294 2779 360 2845 iore
389 2785 427 2844 ut
460 2783 568 2846 omnis
594 2780 709 2846 multis
737 2781 869 2867 probem
899 2785 931 2846 et
965 2799 1128 2846 assensum
1162 2783 1381 2864 extorqueam:
1413 2777 1482 2840 sunt
1556 2831 1557 2874 1

293 2907 402 2967 tamen
429 2903 463 2966 in
485 2904 527 2968 iis
550 2902 715 2990 complura
740 2907 809 2967 tam
832 2907 918 2968 certa
940 2907 972 2967 et
995 2902 1108 2982 taceri
1130 2907 1169 2966 ut
1189 2903 1289 2966 mirer
1312 2921 1374 2988 quo
1396 2899 1482 2985 pacto
1556 2877 1557 2970 l

293 3022 427 3109 infringi
449 3021 658 3110 redarguique
681 3025 819 3109 possint,
845 3023 899 3089 sed
922 3024 960 3089 de
983 3045 1020 3090 ea
1035 3045 1069 3089 re
1093 3022 1399 3090 aliommiudiciurn
1410 3021 1480 3083 esto.

294 3140 383 3207 Malo
404 3143 491 3208 hisce
513 3144 662 3209 omuibus
684 3165 787 3210 unum
809 3150 937 3210 tantum
961 3144 1120 3210 emblema
1142 3143 1256 3210 addere
1283 3165 1325 3210 ex
1346 3137 1484 3206 Platonis

296 3263 422 3344 Gorgia,
446 3283 508 3348 quo
529 3266 635 3352 magis
652 3264 828 3331 mirificum
847 3271 879 3331 et
894 3263 1067 3331 ridiculum
1085 3265 1213 3332 lectoris
1234 3264 1483 3330 additamentum
1556 3269 1557 3290 ¹

293 3386 350 3449 rix
372 3383 463 3450 credo
485 3386 520 3448 in
544 3387 675 3451 caeteris
698 3387 846 3451 omnibus
865 3387 982 3452 Atticis
1002 3386 1208 3473 scriptoribus
1219 3387 1360 3472 reperiri.
1385 3381 1483 3448 Locus
1556 3413 1557 3474 q

294 3509 342 3570 est
357 3525 430 3592 pag.
452 3503 516 3570 505
537 3502 572 3571 O.
592 3506 649 3570 ubi
669 3502 817 3572 Callicles
839 3506 1038 3573 ineluctabili
1057 3505 1195 3573 Socratis
1214 3504 1483 3594 argumentatione

294 3625 334 3691 ad
355 3627 469 3692 incitas
491 3625 636 3692 redactus
659 3627 949 3692 stomachabundus
972 3627 1143 3714 erclamat:
1172 3627 1226 3691 οὐκ
1250 3621 1306 3692 οἶδ’
1329 3623 1414 3692 ύσσυ
1437 3617 1482 3686 λε’·

293 3769 377 3823 γενς,
403 3742 425 3810 d
452 3747 631 3828 Σύκροοπες,
663 3747 738 3813 ἄλλ’
772 3746 869 3814 ἄλλον
899 3748 970 3814 τινὰ
999 3749 1114 3828 ἐρύκοι,
1148 3747 1214 3815 ctat
1244 3749 1284 3827 γέ
1317 3771 1369 3826 μοι
1400 3741 1484 3824 μέλει
1556 3803 1557 3842 q

294 3866 375 3932 cotto
404 3861 443 3930 ύν
475 3865 512 3931 σὺ
550 3867 653 3946 λέγεις
684 3869 736 3934 κού
765 3869 870 3936 rebrat
903 3894 948 3936 σον
985 3871 1110 3949 Γοργίου
1138 3867 1231 3952 χύμν
1260 3865 1483 3949 &reservationis
1556 3903 1557 3956 3

294 4008 374 4073 quae
401 4008 502 4074 quum
535 3987 613 4056 olim
644 3993 749 4057 nescio
779 3993 850 4076 quis
876 3990 998 4080 legeret
1027 3991 1201 4058 delectatus
1234 3988 1373 4056 Socratis
1397 4001 1484 4073 argu·
1556 3995 1557 4084 J

293 4111 488 4176 mentatione
510 4115 542 4175 et
565 4107 708 4176 Calliclis
724 4109 958 4178 intolerabilem
980 4114 1195 4200 arrogantiam
1207 4118 1239 4177 et
1254 4109 1484 4198 impudentiam

293 4236 361 4296 tam
383 4231 480 4318 probe
509 4233 660 4320 castigari
683 4233 825 4319 impense
855 4233 998 4321 gaudens
1025 4235 1059 4297 in
1090 4231 1166 4298 libri
1195 4235 1246 4299 sui
1266 4233 1412 4318 margine
1435 4225 1484 4292 ad·
1556 4297 1557 4306 χ

294 4353 433 4438 scripsit:
460 4347 546 4424 οὗτος
578 4353 650 4434 ἀνὴρ
681 4355 741 4434 οὐχ
772 4354 915 4433 ὑπομένον
945 4353 1158 4436 ὠφελούμενος
1188 4353 1240 4418 κού
1276 4349 1369 4425 μύσος
1399 4350 1484 4413 τοῦτο

294 4473 428 4554 πύσχων
454 4473 520 4554 περὶ
546 4469 579 4538 ού
604 4474 618 4536 ὃ
643 4473 735 4553 λόγος
764 4474 807 4542 st
837 4474 1050 4556 κολαζόμενος.
1097 4473 1178 4541 Vide
1207 4497 1291 4540 nunc
1322 4471 1399 4556 quid
1428 4487 1486 4532 usu
1556 4541 1557 4566 ἶ
