3178 4972
765 402 808 470 bl

177 589 227 656 Ex
255 591 383 658 illorum
410 591 512 676 igitur
536 594 687 681 opinione
711 600 781 658 tuto
805 590 913 658 licebit
939 610 1105 676 reponere:
1131 589 1167 658 ἵν’
1192 588 1377 658 έπιιιένδυνου

177 698 236 776 μὲν
260 697 295 762 τὸ
318 697 469 779 ε’λεῦέερου
492 699 559 765 xri.
600 705 616 784 §
641 705 692 766 10.
721 699 764 764 σοὶ
788 700 818 763 ἐν
840 706 911 772 ‘roric
935 699 1050 770 οιῦλυῖς
1075 697 1294 781 intotonat:
1320 715 1374 762 su-

178 803 286 888 spinor
306 802 428 885 ἄφθονοι
449 806 628 888 genuinum
652 825 732 870 esse.
770 807 787 889 §
816 811 866 868 11.
891 805 982 870 noluo
1003 801 1128 884 υἵρεσιυς
1153 807 1179 868 si
1204 805 1274 868 sine
1295 802 1374 868 vitio

178 917 229 974 est
261 909 395 994 impegit
423 910 610 988 Auerruncus,
643 919 679 976 ut
712 911 742 974 in
776 909 971 989 θεσμοθέταις
1002 909 1250 988 κενισσινμέυοις,
1292 927 1373 994 quos

177 1027 283 1100 myrto
314 1023 482 1080 coronatus
510 1014 609 1081 luisse
640 1017 719 1081 satis
749 1025 893 1092 constat,
928 1034 988 1080 non
1015 1014 1139 1080 dedero.
1187 1015 1297 1100 ipsum
1323 1037 1373 1080 κε-

176 1119 365 1198 κισσιιμένοε
402 1119 485 1186 uude
520 1121 695 1207 arripuerit
733 1141 793 1186 non
836 1121 989 1208 comperi.
1038 1119 1249 1187 Athenienses
1278 1120 1372 1202 κισσῷ

176 1224 348 1304 ἐπερομένοις
372 1224 519 1292 dicebaut
543 1225 591 1293 rel
613 1225 856 1310 έςεφοινοομένος.
906 1229 924 1311 §
947 1229 1000 1294 12.
1025 1227 1067 1300 εἰς
1087 1225 1372 1304 intromittite

175 1329 291 1414 χρυσὸν
314 1331 481 1410 nuileio:
506 1339 631 1398 veteres
654 1331 839 1416 ληψόμενος.
864 1331 941 1398 ibid.
965 1334 1077 1414 χρυσὸν
1101 1332 1216 1410 λαβεῖν
1240 1333 1292 1399 aad
1315 1331 1371 1412 ἄρ·
1413 1407 1414 1410 ¹

176 1461 267 1519 γυρον
290 1437 344 1503 νου)
379 1442 530 1503 πλοῦτουι
566 1439 648 1505 mire
684 1437 816 1503 additur
846 1437 898 1504 ιιιοέ
932 1441 1084 1503 πλοῦτονι
1124 1436 1206 1504 male
1242 1436 1371 1504 metulla

177 1545 326 1610 nominat
356 1543 470 1623 χρυσδν
499 1545 551 1610 uel
583 1543 712 1626 ἄργυρον
744 1563 803 1631 pru
826 1544 964 1608 normanis
991 1542 1117 1626 χρυσέου
1141 1543 1193 1609 κοῦ
1218 1543 1370 1625 ῦργῦριον.

176 1647 255 1736 quid
283 1648 408 1714 inulta?
446 1647 565 1715 llbetor
589 1646 757 1714 bosculum
796 1648 994 1716 Platonicum
1029 1647 1251 1735 decerpserat,
1274 1667 1370 1736 quem

175 1755 303 1821 librarii
322 1753 544 1841 interpolando
564 1753 779 1822 sustulerunt.
816 1753 950 1841 Legitur
967 1755 999 1820 in
1021 1753 1158 1842 Lepidus
1175 1754 1241 1821 vlt.
1259 1775 1291 1842 p.
1304 1758 1367 1820 801

179 1859 217 1926 B.
248 1859 319 1928 οῦτε
355 1861 503 1942 ἀργυροῦν
536 1859 584 1926 δεῖ
610 1864 743 1926 πλοῦτον
772 1861 842 1928 odra
872 1865 1005 1943 χρυσοῦν
1037 1860 1068 1926 έν
1098 1860 1186 1928 πόλει
1218 1859 1370 1942 ἱδρυμένον

175 1967 320 2045 ἐνοικεῖν,
355 1973 453 2051 atque
484 1985 539 2033 eae
570 1964 703 2032 divitiae
731 1985 805 2032 oum
832 1975 996 2032 conterntu
1032 1965 1134 2032 solent
1157 1966 1259 2033 animi
1284 1967 1370 2052 inpe-

176 2072 290 2158 niique
322 2070 446 2137 divitiis
484 2071 569 2138 reris
605 2073 734 2158 opponi.
783 2071 865 2138 Hine
896 2073 999 2158 igilur
1027 2072 1208 2139 nonnum:
1238 2076 1372 2155 χρυσοῦν

174 2179 292 2257 λαβεῖν
324 2177 377 2243 nal
409 2179 724 2258 apopulatione.
769 2182 786 2264 §
818 2183 869 2246 16.
894 2179 946 2246 σὸν
976 2177 1118 2244 Ἀττικὸν
1145 2179 1194 2246 olel
1218 2177 1370 2261 ςέφεσέιιι

175 2281 302 2350 κισσένι
329 2289 453 2348 veteres
476 2283 626 2368 ςέφεσέυι
646 2285 741 2366 κισσῷ
763 2282 812 2350 vel
835 2289 949 2351 κιττοῦ.
967 2285 1203 2364 -οὶγιινιῦνσοι
1230 2283 1296 2373 [κυνὶ
1313 2291 1370 2365 Φο·

175 2388 362 2477 βοῦμενον];
394 2387 552 2456 emblema
591 2397 640 2457 est
673 2387 892 2457 manifestum.
930 2393 1030 2476 §¹7-
1070 2387 1154 2468 ῦξιος
1186 2390 1370 2476 τοιοῦτον

175 2497 317 2574 dreini:
344 2494 465 2560 rectius
487 2495 639 2562 ποσοῦπου.
1292 2527 1293 2530 “

224 2601 328 2687 Epist.
356 2607 388 2668 1.
424 2604 499 2688 Η.
536 2603 569 2668 σέ
599 2600 681 2683 ripa,
715 2601 754 2668 rl
784 2625 849 2668 ror:
885 2600 1072 2688 legendum:
1105 2602 1139 2668 σι’
1160 2599 1222 2684 atne
1245 2624 1301 2668 σοι.
1325 2637 1370 2650 -

173 2706 359 2788 οὶλλοιοπέροο
392 2713 443 2774 νῦν
468 2711 541 2786 ἡμῖν
571 2730 633 2782 πιο
665 2707 825 2789 πέφνυοιςι
850 2731 896 2782 τις
921 2708 1055 2774 retineri
1081 2727 1141 2773 non
1167 2715 1289 2794 polest,
1313 2704 1369 2772 sed

174 2811 350 2879 delendum
375 2822 435 2881 est.
483 2811 680 2880 Obversatur
704 2813 835 2879 lllretori
860 2813 1006 2880 Housnos
1034 2812 1145 2900 otyor.
1169 2815 1298 2880 π.181ε

350 2919 493 2992 Ἀλλοῒέε
516 2942 585 2998 μοι,
609 2917 707 2996 ξεῖνε,
730 2917 832 3002 φάνης
856 2919 918 2986 νέου
941 2920 974 2996 ἦέ
998 2918 1156 3000 πιέροιέευ,

176 3043 281 3109 neque
306 3024 432 3098 deuotio
456 3050 501 3098 εις
526 3024 590 3090 diei
616 3033 736 3111 potest,
765 3034 800 3091 ut
824 3024 906 3098 σοῑέι
930 3049 997 3104 ric,
1023 3045 1126 3111 neque
1148 3023 1176 3090 si
1201 3023 1261 3091 boo
1285 3031 1370 3092 esset

178 3127 350 3208 Graecum,
382 3129 493 3196 dirimi
526 3128 604 3196 bueo
634 3138 783 3216 possent,
817 3131 880 3197 nisi
912 3130 1070 3219 particula
1099 3131 1307 3218 interposita,
1334 3141 1370 3196 ut

173 3243 261 3308 ποῖος
284 3235 348 3317 γάρ
370 3260 430 3310 τις.
466 3239 537 3322 §b
562 3236 703 3318 έφροισιιυ
730 3239 848 3302 iterum
874 3236 967 3303 cedat
992 3235 1138 3322 vulgatae
1158 3235 1302 3320 ἔφορον,
1321 3236 1371 3302 in·

174 3343 244 3429 quit
275 3351 324 3406 est
357 3341 418 3425 ἔφη
444 3361 504 3407 nun
528 3341 659 3424 ἔφρασε.
697 3345 766 3428 54.
790 3342 975 3421 Αἰγυπτίοις
999 3343 1281 3422 οῦσσιιιισριοῖςτ
1308 3361 1369 3407 non

174 3455 306 3514 tantum
327 3449 502 3532 pessimum
524 3445 584 3513 hoo
604 3456 653 3514 est
673 3451 862 3527 οὶσσιιιισροῦυ
882 3468 1005 3533 genus,
1026 3448 1081 3514 sed
1101 3446 1278 3514 absurdum
1291 3456 1321 3514 et
1338 3448 1370 3512 in

172 3551 384 3619 librariorum
407 3551 539 3621 cerebro
558 3563 682 3620 natum.
715 3553 796 3640 Lege
809 3555 981 3633 ῦςεϊσροοῖς.
996 3554 1188 3621 -οὶδύνοτιι
1207 3551 1371 3622 σπουδοέ·

174 3657 276 3740 (erut
304 3667 427 3725 veteres
450 3659 591 3725 σπεύδειν
611 3659 775 3738 οῦδῦνοιποι,
800 3659 957 3726 οέδυνῦτυν
980 3661 1049 3742 epoto
1074 3669 1102 3726 el
1129 3660 1198 3741 περιΙ
1220 3682 1251 3724 τι
1273 3682 1371 3726 σπου·

175 3762 280 3846 δέξειν
310 3762 413 3830 solent
444 3763 562 3830 dicere.
599 3771 616 3853 §
640 3769 672 3831 6.
697 3765 1029 3845 ἐυσκννοβοσουροέυουι
1061 3763 1247 3831 huiusmodi
1275 3763 1371 3832 rerba

177 3868 305 3954 lingunt
338 3869 487 3938 Graeculi
518 3877 549 3935 et
577 3880 684 3938 tamen
716 3889 750 3937 se
781 3871 1011 3945 οὶτσιυοσοὶσουο
1044 3891 1113 3937 esse
1137 3881 1262 3958 putant.
1296 3875 1371 3959 §9.

175 3983 357 4057 πορεῖσοι
380 3979 435 4050 rin
458 3974 751 4056 ρονσέροι-ἔσομοι
771 3977 1049 4056 συμπλέουσοέ
1070 3999 1135 4043 σοιι
1156 3985 1292 4060 πορεῖσοι
1313 3995 1371 4062 pro

176 4085 401 4148 ιιοιτοιλιποῦσοι
435 4083 634 4148 dautrnnonrs
664 4102 755 4148 errur
786 4093 851 4160 est,
882 4083 1090 4162 συμπλέουσιν
1121 4101 1179 4168 pru
1208 4082 1370 4160 σύμπλους

177 4187 399 4253 librariorum.
413 4185 542 4268 -ῦπερ
565 4187 679 4265 μέτοινε
707 4187 821 4254 melius
844 4188 945 4268 μέσον.
983 4193 1072 4278 510.
1102 4187 1370 4267 dpnnuxdpaeroe:

177 4292 219 4358 ab
243 4291 429 4358 huiusmodi
451 4294 596 4359 oratione
615 4293 756 4360 alienum
784 4293 914 4361 uerbum
944 4297 1102 4382 priscum,
1127 4295 1306 4381 poeticum:
1331 4292 1371 4360 de

177 4399 271 4463 cuius
303 4418 378 4464 vera
412 4397 513 4464 lorma
536 4399 609 4464 ride
632 4399 810 4466 Eleusinion
830 4399 869 4465 ad
894 4399 1036 4468 Medeam
1064 4421 1111 4467 rs.
1138 4405 1212 4466 115.
1230 4398 1369 4465 -οῦδέν

178 4503 288 4584 χιιρέον
320 4505 402 4584 ἡμῶν
434 4505 504 4578 ποῦς
537 4501 648 4586 {puras
680 4506 751 4588 οὐχὶ
783 4504 903 4585 δέξεποιι
937 4507 1078 4592 antipam:
1106 4503 1212 4588 έροιπες
1242 4503 1367 4584 πλήρεις
1452 4530 1457 4541 ·
