3208 4972
725 361 801 438 etr.

175 557 318 638 οἰόμενον.
366 558 504 624 lreonrrz
536 576 574 624 ex
605 556 706 626 Godd.
740 557 834 624 ΔΤΥ.
869 556 1018 644 imperite
1050 555 1175 642 recepit
1203 551 1367 636 πράξειεν,

176 663 262 752 quod
296 663 375 730 bene
409 664 570 740 Bosporus
601 663 795 730 exturbavit.
851 662 886 730 ln
921 661 1097 728 ‘l'nuernrorr
1126 659 1216 728 loeur
1247 668 1295 727 est
1331 658 1368 723 V.

177 775 232 838 90.
265 771 384 838 δυνατά
416 771 449 838 δὲ
480 771 506 838 οἱ
538 771 725 852 προῦχοντες
757 767 926 851 πράσσουσι
956 769 1009 834 καὶ
1032 771 1058 834 οἱ
1081 770 1217 841 ἀσθενεῖς
1240 765 1369 847 ξυγχω-

178 882 278 959 ροῦσι,
311 897 405 963 quern
441 897 536 944 nemo
568 879 673 962 capiet
698 878 752 964 qui
779 895 840 942 non
870 877 1028 952 Burseni,
1049 875 1087 940 ,si
1114 874 1193 941 liene
1217 871 1370 948 memini,
1407 861 1409 866 ’

178 984 397 1050 coniecturam
424 983 649 1066 προστάσσουσι
676 981 838 1069 probabit:
865 981 1076 1048 haerentem
1101 981 1129 1045 si
1149 979 1269 1068 ubique
1292 997 1370 1044 eon·

178 1087 268 1156 lundi
303 1089 445 1167 videbis,
477 1090 555 1177 quid
588 1088 675 1155 aliud
708 1109 825 1156 causae
856 1109 926 1155 esre
951 1086 1039 1154 dices
1063 1107 1160 1174 qnam
1187 1086 1368 1172 neglectum

178 1195 449 1284 eornpeudiolum.
500 1195 693 1262 Procedente
727 1207 868 1283 {empore
901 1192 1010 1281 plures
1038 1212 1165 1280 semper
1188 1192 1315 1260 eodioes
1338 1198 1372 1258 et

179 1301 308 1369 tandem
335 1301 565 1390 propemodum
590 1323 701 1368 ornnes
726 1323 742 1368 a
769 1299 1000 1390 taohygraplris
1025 1299 1124 1366 scribi
1150 1299 1253 1385 coepti
1276 1305 1370 1375 sunl,
1436 1343 1441 1370 ,

180 1412 234 1498 qui
261 1422 367 1479 vetera
393 1413 583 1500 compendia
607 1412 791 1480 retinebant
815 1415 941 1479 ornnia:
967 1415 1019 1496 θσ,
1045 1436 1135 1495 ανοσ,
1161 1436 1265 1490 ουνοσ,
1290 1435 1369 1493 πηρ,

233 1505 280 1518 -
380 1507 426 1519 -
541 1510 599 1520 —
840 1508 968 1520 --
1049 1510 1084 1519 -
1200 1509 1237 1518 -

179 1525 321 1614 (πρωιοσ,
356 1547 464 1607 πριοσ,
501 1525 683 1614 Φιλοπρισ),
717 1551 797 1608 μηρ,
834 1551 889 1603 υσ,
928 1551 982 1612 τηρ
1017 1529 1132 1614 (σηρια)
1168 1551 1249 1605 πνα,
1283 1549 1370 1608 ςρος,

182 1640 358 1730 (spurtus
360 1639 482 1729 ραμα),
514 1636 577 1704 alia
610 1635 787 1726 quaedam,
819 1657 876 1722 pro
908 1638 991 1719 θοθς,
1027 1638 1197 1722 ἀνθρωπος,
1228 1634 1369 1718 οθρανθς,

180 1747 283 1829 πατήρ
309 1747 481 1837 (πατρῷος,
513 1743 657 1828 πάτριος,
686 1741 888 1830 Φιλθπατρις)
920 1747 1039 1828 μήτηρ,
1065 1744 1146 1823 vide,
1177 1744 1275 1823 σοοτιθρ
1300 1744 1369 1832 (ou-

180 1853 297 1942 τηρθα),
315 1857 467 1930 πνεῦμα,
493 1849 602 1932 ςαυρθς
629 1849 814 1939 (reundum,
840 1852 1015 1940 ταύροιμα).
1053 1850 1182 1918 Nullum
1208 1848 1274 1914 vidi
1300 1867 1371 1913 urn-

178 1977 275 2046 quam
306 1958 448 2026 codicem
481 1966 538 2023 aut
569 1956 690 2023 codicis
714 1956 914 2042 scripturam
949 1959 1002 2024 ulri
1029 1978 1090 2023 non
1117 1965 1173 2023 aut
1198 1947 1276 2021 liaeo
1302 1955 1369 2041 ipsa

178 2073 388 2152 apparerent,
414 2072 470 2130 aut
493 2065 570 2129 vitia
591 2063 667 2128 hine
687 2071 836 2148 suscepta
857 2072 892 2128 ut
914 2064 945 2128 in
968 2083 1077 2131 errore
1098 2064 1231 2149 antiqua
1253 2079 1369 2126 manus

179 2170 362 2258 pelluoeret.
387 2169 508 2237 Horum
523 2172 666 2236 omnium
681 2177 768 2233 certa
782 2177 830 2236 est
843 2169 1025 2236 emendatio
1040 2178 1075 2236 ut
1089 2167 1246 2235 ridiculus
1259 2169 1301 2233 sit
1314 2167 1369 2252 qrri

181 2295 243 2343 non
267 2277 475 2343 assentiatur.
522 2275 558 2341 ln
592 2277 718 2364 Αιιιιιιι
747 2273 781 2338 V.
807 2273 847 2340 H.
875 2275 928 2342 lll.
954 2281 1007 2343 26.
1033 2276 1155 2359 dieitur
1178 2293 1235 2339 rex
1259 2295 1370 2338 omont

176 2389 300 2475 patriae
321 2389 495 2473 φιλόπαις,
518 2406 575 2474 pro
602 2367 748 2469 φιλθιιρῖς
773 2387 795 2455 i.
822 2407 850 2454 e.
871 2389 1077 2472 φιλθιιατρις,
1102 2384 1156 2451 ubi
1178 2381 1371 2460 Gnororrus,

179 2497 235 2583 qul
267 2515 305 2562 ex
338 2498 546 2562 norsrrenrro
578 2491 671 2558 aliert
704 2493 905 2560 simillimum
935 2491 1120 2578 φιλόπαιδας
1144 2487 1288 2572 γυναιιιθς
1314 2508 1371 2575 pro

180 2601 423 2687 Φιλοπάτριδος,
456 2610 565 2666 tamen
598 2598 709 2665 abiicit
740 2600 956 2666 certissimum
990 2597 1266 2673 emendationem,
1294 2595 1371 2681 quia

180 2708 325 2795 orginem
350 2707 471 2774 erroris
495 2727 558 2772 nnn
582 2713 799 2794 perspexerat.
825 2705 860 2771 ln
888 2706 967 2772 lsrer
989 2703 1171 2788 fragmento
1193 2708 1211 2768 5
1233 2700 1369 2786 legitur:

182 2815 358 2896 ἠβουλόμην
383 2814 460 2893 μὲν,
490 2809 511 2878 ὦ
532 2811 636 2895 ἀνδρες
660 2811 806 2890 irroret,
831 2814 876 2892 μη
900 2813 973 2878 λίαν
996 2809 1089 2884 οὕτως
1113 2807 1370 2888 ἀγνοηθέντα

182 2920 255 3002 πρὸς
290 2921 432 3003 χρήματ’
468 2916 552 3000 ἔχειν
591 2920 726 3000 αἰσχρῶς
762 2915 819 2988 ὥτε
854 2925 917 2992 τοῖς
953 2916 1125 3000 ἀλλοτρίοις
1160 2911 1372 2994 ἐπιβουλεύειν

183 3029 235 3093 καὶ
268 3026 357 3102 δίκας
386 3024 534 3098 τοιαύτας
563 3024 752 3107 λαγχάυιιν.
779 3023 950 3090 admodum
978 3011 1151 3090 ridiculum
1177 3021 1291 3087 vitium
1321 3026 1371 3083 est

102 3203 105 3208 ,
183 3136 216 3201 in
248 3138 457 3217 ἀγνοηθένταε
501 3126 637 3204 emenda
669 3134 847 3215 Ἀγυθθεον,
879 3135 963 3222 quod
998 3136 1156 3224 seriptum
1188 3113 1370 3201 ΑΓΝΟόᾖ

182 3240 262 3308 abiit
296 3243 326 3308 in
360 3243 584 3330 participium:
616 3240 805 3307 laeillimum
830 3250 901 3309 erat
923 3244 973 3309 rto
998 3243 1187 3322 ἀγνοηθέντα
1210 3241 1370 3320 Ἃγνθθιον

182 3348 353 3417 extrahere
384 3367 422 3418 er
458 3349 509 3416 his
538 3347 669 3414 latebris
692 3347 812 3413 indicio
837 3349 1095 3414 Hrnroemrroms
1121 3370 1148 3416 ν.
1173 3348 1370 3426 inconprehe-

114 3533 120 3540 ,
183 3456 252 3521 σθαι
276 3454 437 3523 laudantis
461 3459 571 3523 Ἰσαῖον
592 3455 622 3519 ἕν
642 3463 681 3538 τῇ
705 3453 778 3535 πρὸς
793 3453 963 3535 ,Ἃγνθθεον
984 3456 1154 3540 ἀπολογίᾳ.
1201 3452 1371 3520 Eiusdem·

184 3559 269 3627 modi
294 3581 440 3628 errorum
463 3561 554 3651 plena
577 3569 653 3627 sunt
670 3561 779 3625 omnia
799 3569 831 3626 et
852 3561 885 3625 in
908 3560 1179 3647 Lucrinoquoque
1192 3569 1239 3624 sat
1255 3579 1371 3645 magna

183 3675 233 3733 est
256 3670 360 3754 eopia.
399 3668 519 3736 Deinde
545 3664 758 3756 laelrygraplri
783 3685 842 3752 pro
866 3665 1007 3753 qualibet
1031 3667 1257 3732 terminatione
1278 3663 1373 3753 paulo

184 3770 401 3861 frequentiore
423 3783 530 3841 notum
552 3771 725 3862 quamdam
747 3779 868 3839 oertanr
890 3781 1132 3850 assumserunt,
1156 3770 1371 3839 lormaslitte-

182 3898 296 3946 rarum
330 3881 546 3968 complurium
577 3877 725 3960 ‚breviore
756 3878 858 3945 ductu
892 3877 1085 3965 copularunt
1115 3887 1148 3947 et
1183 3899 1241 3967 pro
1275 3877 1374 3945 sertis
1458 3875 1462 3882 '

183 3983 323 4073 denique
346 3986 454 4054 verbis
478 3987 577 4076 siglas
600 3987 667 4053 sive
688 3994 780 4050 nolas
800 3993 904 4051 sertas
927 4005 1044 4071 ponere
1068 3993 1254 4074 coeperunt.
1282 3985 1373 4052 Prae·

184 4101 272 4158 terea
300 4093 425 4160 vocales
456 4095 488 4160 in
521 4090 693 4160 scribendo
725 4091 881 4156 omittunt
912 4098 943 4157 et
977 4090 1115 4179 syllabas
1144 4090 1373 4158 vocabulorum

185 4195 317 4264 ultimas
347 4207 495 4266 resecant
525 4220 542 4266 a
574 4199 693 4266 lectore
723 4194 936 4284 supplendae,
970 4205 1001 4263 et
1034 4197 1147 4264 multis
1174 4197 1247 4265 aliis
1271 4195 1374 4263 modis

184 4302 347 4370 scribendi
373 4307 537 4391 negotium
561 4305 752 4373 aocelerant.
779 4302 815 4368 ln
837 4301 887 4368 lis
907 4301 1058 4369 omnibus
1077 4303 1124 4370 ita
1145 4302 1375 4380 versabantur,

182 4417 221 4475 ul
243 4407 321 4496 quid
343 4422 427 4478 esset
448 4412 606 4498 seriptum
620 4418 675 4476 ant
689 4409 910 4495 significatum
927 4408 1044 4496 ubique
1058 4408 1180 4497 liquido
1192 4416 1376 4496 appareret,

186 4513 227 4580 iis
250 4523 339 4583 uerte
362 4518 418 4604 qni
443 4517 565 4586 Graece
584 4518 705 4585 seirent
726 4525 758 4583 et
781 4513 840 4582 hoe
860 4524 1008 4602 agerent,
1035 4535 1098 4584 non
1111 4515 1249 4584 indoctis
1261 4513 1378 4582 scribis
