3208 4972
748 369 819 444 268

170 580 202 634 ιι.
229 563 366 632 cundem
393 565 559 643 trahente,
586 573 622 633 ιιι
646 566 680 631 in
703 561 858 633 vocabulo
881 562 1049 632 decurtato
1075 566 1175 632 moris
1199 573 1268 633 est:
1292 567 1362 654 ipsa

170 673 329 738 seutentie
352 679 409 738 eut
433 669 592 740 articulus
613 669 770 738 iudicium
794 669 872 737 iecit
892 670 1052 757 quomodo
1071 671 1113 738 sit
1134 691 1279 758 quaeque
1299 671 1360 740 lor-

169 797 221 843 me
255 775 428 864 explenda:
462 795 525 844 non
560 775 652 844 iecile
686 784 839 863 peccetur
868 777 1085 854 incaeteris,
1117 778 1148 842 in
1175 779 1359 844 accusativo

167 881 320 950 solemnis
344 903 437 950 error
460 891 519 950 est.
566 881 674 950 liabeo
697 882 736 948 ob
759 881 869 950 oculos
888 883 1067 969 scripturas
1087 883 1207 950 codicis
1227 883 1357 964 Floren-

167 990 246 1069 tiro',
289 1007 354 1077 quo
396 989 551 1056 Ιιιιιιιιιιιι
593 991 657 1056 cito
691 987 891 1076 Pythoporoe
925 989 1128 1068 continetur,
1169 989 1225 1076 qui
1259 989 1357 1068 liber,

166 1102 203 1162 ut
233 1114 333 1182 supra
365 1093 523 1174 diximus,
553 1096 737 1162 communis
764 1093 813 1162 e'st
836 1096 926 1180 origo
949 1103 983 1161 et
1006 1093 1076 1162 lons
1098 1095 1356 1183 apographorum

164 1202 332 1280 omnium,
366 1201 451 1268 unde
482 1198 515 1265 id
547 1219 628 1288 opus
658 1207 692 1268 et
719 1199 842 1268 editum
867 1211 899 1268 et
923 1209 1105 1268 correctum
1130 1211 1190 1269 est.
1240 1201 1357 1268 llorret

165 1315 253 1373 totus
285 1306 367 1373 liber
398 1303 597 1393 compendiis
621 1315 653 1372 et
677 1306 842 1373 vocabulis
866 1308 1047 1386 truncatis,
1075 1307 1106 1372 in
1132 1308 1249 1394 quibus
1273 1308 1354 1376 bene

165 1414 289 1481 Graece
312 1412 489 1479 scientibus
514 1410 593 1478 nihil
618 1419 668 1478 est
693 1412 932 1500 impedimenti,
966 1422 998 1480 et
1024 1411 1175 1480 videntur
1199 1413 1285 1482 lreud
1309 1416 1354 1482 ita

164 1517 259 1586 multi
284 1539 354 1586 esse
378 1526 434 1585 eut
457 1516 576 1598 luisse,
600 1519 656 1605 qui
676 1518 757 1586 bene
778 1519 900 1586 Graece
919 1519 1035 1586 scient.
1061 1519 1352 1588 lieoeeteriscom·

164 1625 291 1713 pendiis
314 1625 428 1712 optimi
451 1623 525 1689 libri
549 1631 581 1690 et
605 1625 784 1692 verissimis
805 1624 997 1692 lectionibus
1021 1635 1053 1692 et
1076 1625 1265 1693 lacunarum
1280 1649 1353 1715 sup

164 1731 337 1818 plementis
368 1728 586 1816 compluscula
617 1751 714 1819 supro
747 1731 899 1819 opposui,
932 1739 1058 1799 caetere
1089 1732 1169 1798 elias
1198 1731 1352 1803 daturus:

163 1858 252 1905 nunc
274 1858 373 1904 unum
396 1843 522 1902 tentum
544 1857 750 1924 expromam,
777 1839 852 1924 quia
877 1837 1075 1924 praeclarum
1089 1848 1180 1906 estet
1195 1839 1352 1927 praeclari

161 1944 327 2023 elucteris,
353 1947 557 2020 Aersroxmr,
582 1948 600 2030 §
621 1947 696 2010 254.
721 1943 776 2010 ubi
802 1944 943 2031 primurn
967 1965 1025 2031 pro
1044 1945 1072 2012 εί
1093 1969 1140 2022 τις
1164 1947 1352 2030 concisore

159 2052 277 2124 αὐτοὺς
312 2052 354 2124 sis
385 2049 485 2132 φορὰν
518 2047 586 2138 (ulii
618 2049 794 2139 συμφοράν)
830 2047 998 2130 ἀξιόχρεον
1030 2053 1062 2117 in
1095 2053 1271 2144 archetypo
1302 2065 1350 2121 est

160 2160 203 2232 si,-
230 2157 331 2240 φίβον
353 2154 531 2240 ἀξιόχρεον.
557 2154 751 2244 Syllanam
776 2153 876 2224 hebet'
895 2159 1148 2245 superscriptam
1174 2158 1351 2228 litterulam

158 2265 182 2344 β
215 2263 425 2350 perexiguum
460 2282 496 2328 ee
521 2260 642 2339 torma,
674 2283 756 2350 quoe
780 2285 802 2328 ιι
825 2261 924 2330 relert
948 2282 1022 2328 eum
1048 2273 1183 2332 accentu
1208 2269 1298 2351 greci
1323 2292 1354 2334 ον

160 2369 381 2456 significante:
408 2368 485 2434 hino
507 2377 602 2434 nutus
627 2389 717 2436 error
740 2376 800 2436 est.
849 2367 970 2435 Deinde
995 2390 1052 2456 pro
1072 2375 1282 2454 sussexiensis
1302 2375 1352 2446 ἐντί
1410 2430 1412 2436 .

160 2477 231 2550 τοὺς
266 2475 333 2558 περί
365 2475 490 2542 Φανίαν
521 2475 654 2541 ἐναντίον
681 2475 716 2542 ιε’
739 2499 810 2542 τινα
833 2482 892 2542 νῶν
916 2475 1093 2558 αατνγίοαν
1117 2479 1352 2558 αὐνοῡιίπεῒν,

159 2581 267 2648 Codex
296 2585 479 2648 tersroxsn
512 2599 645 2648 menum
677 2582 815 2647 servavit
847 2580 946 2650 benc:
973 2585 1183 2667 συνταχθῆναι
1208 2587 1259 2654 ε’νοί
1282 2589 1353 2662 τοὺς

160 2688 229 2770 περὶ
270 2687 395 2754 Φιντίαν
430 2687 537 2770 δρᾶμα
565 2687 686 2754 τοιόνδε.
723 2687 1017 2768 μεταπεμψάμενος
1053 2689 1067 2755 ί
1103 2692 1257 2766 Διονιίνιος
1292 2693 1354 2778 ἔφη

160 2794 212 2860 τὸν
246 2793 373 2860 Φιντίαν
401 2795 424 2881 ¹)
458 2793 592 2860 ε’ναννίον
621 2793 657 2860 τί
686 2816 757 2860 τινα
786 2799 845 2861 τῶν
875 2793 1073 2876 uovorum,
1106 2797 1225 2883 quibus
1247 2799 1354 2868 verbis

160 2899 298 2966 historie
325 2898 522 2965 rrobilissime
549 2900 686 2966 uirens
708 2907 740 2966 et
763 2901 906 2966 Pururrse
926 2919 996 2966 cern
1017 2899 1155 2990 iocorum!
1175 2903 1295 2984 induit,
1315 2916 1352 2974 ut

159 3026 232 3074 eum
268 3025 375 3073 verum
407 3026 477 3074 esse
509 3004 744 3090 intelligemus,
774 3026 876 3093 oeque
908 3009 975 3093 ipse
999 3008 1208 3076 Amsroxeuus
1232 3013 1249 3097 ς
1275 3016 1352 3082 155.

159 3112 353 3191 διακναοέναι
389 3113 468 3196 φησί
504 3112 662 3179 Διονυσίου
695 3117 748 3180 τοῦ
785 3113 931 3186 Σικελίας
963 3112 1105 3196 ννροίννου
1138 3111 1188 3181 dre
1217 3118 1353 3188 ἐκπεσὼν

160 3229 216 3298 τῆς
248 3218 425 3302 μοναρχίας
457 3217 639 3300 γράμματα
669 3220 700 3285 ἐν
731 3219 856 3301 Κορίνίῳ
889 3219 1066 3302 ἐδίδασκεν,
1099 3242 1163 3308 quo
1187 3224 1351 3295 meliorem

162 3335 280 3394 testem
307 3345 400 3392 nemo
424 3326 577 3411 requiret.
625 3325 662 3390 ln
687 3323 745 3392 hoc
771 3326 872 3411 igitur
897 3324 1034 3407 Codice,
1063 3337 1097 3394 ut
1119 3329 1150 3394 in
1172 3329 1244 3398 eliis
1261 3335 1354 3420 paule

159 3431 416 3520 antiquioribus,
437 3430 683 3518 compendium,
704 3431 788 3518 quod
802 3432 889 3513 dixi,
910 3431 1080 3520 aliquoties
1092 3445 1239 3523 apparet,
1261 3439 1354 3507 modo

162 3549 251 3606 reete
275 3539 393 3606 lectum
418 3537 624 3614 Ἀπόλλωνα,
649 3535 742 3604 modo
766 3537 967 3624 negligenter
987 3537 1143 3607 Ἀπόλλω.
1179 3543 1350 3630 Perperem

163 3651 229 3732 57.
256 3645 470 3731 descriptores
498 3642 657 3710 dederunt
681 3653 719 3728 cp·
744 3645 901 3726 nauem
925 3644 995 3712 τίνι
1016 3657 1148 3726 μιγῆναι
1168 3647 1219 3714 τὸν
1240 3651 1353 3716 Ἀννί-

161 3767 205 3818 λιι
231 3761 264 3819 et
290 3755 387 3836 §52,
410 3757 473 3831 53,
502 3755 586 3830 135,
615 3755 697 3829 140,
723 3760 809 3818 reule
833 3755 940 3836 §lou
956 3753 1164 3831 μαντεύεσθαι
1175 3755 1227 3820 τὸν
1238 3757 1353 3824 ’Λαίλ-

160 3873 266 3934 eece,
302 3857 418 3943 ubique
450 3859 482 3923 in
517 3855 631 3923 Codice
660 3857 770 3923 eedem
803 3867 853 3924 est
876 3857 1058 3944 scriptura,
1088 3879 1170 3948 quae
1197 3862 1273 3930 item
1299 3885 1355 3952 ep-

162 3973 256 4052 peret
288 3967 306 4050 §
344 3969 417 4032 136.
452 3969 505 4031 τοῦ
537 3963 567 4030 ἐν
598 3965 808 4047 ’Ὑπερβορέοις
840 3953 963 4045 droti,
995 3968 1026 4032 in
1053 3987 1115 4054 que
1141 3969 1266 4055 peccari
1292 3991 1355 4037 non

162 4079 301 4158 poteret.
350 4071 447 4139 littici
483 4078 670 4136 constanter
705 4069 856 4136 dicebant
891 4074 925 4150 νὴ
958 4073 1010 4139 νίν
1042 4075 1210 4155 Ἀονίοιο,
1240 4081 1274 4154 νίν
1306 4080 1358 4144 τὸν

161 4175 315 4254 Ποσειδῶ,
339 4182 431 4243 extre
456 4176 681 4244 iusiurandum
707 4174 774 4245 iere
798 4179 986 4247 Ἀπίιιιιυνα
1009 4189 1041 4248 et
1066 4183 1253 4263 Ποσειδῶνα,
1278 4205 1359 4270 ques

162 4281 287 4348 iorrnes
310 4282 442 4350 Lucrino
464 4282 583 4370 ubique
608 4283 785 4351 reddendas
806 4305 876 4352 esse
900 4306 1023 4354 censeo.

199 4429 226 4496 ι)
245 4429 319 4479 neec
334 4437 372 4480 ee
387 4431 467 4496 prom
482 4438 507 4482 α
523 4433 634 4497 murno
650 4435 732 4486 ιοιιιι
744 4435 834 4486 eroon
851 4436 975 4496 nomine,
992 4437 1112 4502 quorun
1126 4437 1200 4491 ιιιιοι
1213 4441 1360 4506 repravant.
1473 4411 1485 4430 '

160 4512 197 4566 Iu
215 4511 300 4564 Lumo
317 4511 397 4565 XXI.
418 4519 457 4590 tlt.
475 4514 502 4566 ln
520 4514 649 4567 Φαντίαν
665 4517 741 4580 obiit,
759 4518 800 4570 eui
817 4517 938 4570 Φιντίαν
954 4519 1118 4574 reddendum.
