3150 4972
742 399 812 472 165

179 596 304 666 ιίπιίναν
328 593 482 678 προσίκει.
532 595 722 662 dmrrumus
746 615 808 662 uon
834 591 893 662 hoe
916 594 1042 663 uolebat
1065 595 1186 665 dicere:
1211 599 1246 666 τί
1270 600 1369 684 γῆριίς

180 706 243 776 ίςιν
266 699 323 770 οίον
343 699 521 784 ίργατιίριόν
543 725 593 779 τι,
617 699 673 768 sed
686 699 948 784 καόιίπερὲκασοε
962 701 1165 782 ἧμῶνείίιςαι
1179 710 1368 789 προσφοιτᾶν

181 812 196 876 ί
227 812 284 890 μὲν
315 809 389 891 πρός
417 813 643 887 μοροπιιλεῖον,
672 808 686 873 ό
720 809 751 874 δὲ
775 810 847 892 πρός
871 817 1017 889 κουρεῖον,
1040 809 1054 874 ί
1078 809 1110 875 δὲ
1133 808 1207 891 πρός
1230 834 1370 879 σκυτοτο-

181 925 287 998 μεῖον,
318 917 333 981 ί
365 914 397 980 δὲ
426 913 498 996 πρός
535 912 553 980 δ’
575 940 606 981 τι
630 915 671 982 δν
692 915 778 998 τύχη
800 914 992 996 ίργατιίριον,
1018 913 1106 1003 (udor
1128 913 1236 982 verbis
1258 917 1370 984 Lusus

182 1023 296 1090 xxiv.
329 1021 385 1106 20)
416 1017 511 1095 οὕτως
539 1018 668 1089 ι’ίπαντα
698 1022 889 1103 τιίνόριίπεια
920 1021 1005 1087 κακοὶ
1036 1026 1208 1108 προσφοιτᾷ
1240 1024 1313 1106 πρός
1335 1026 1370 1092 τδ

181 1137 293 1210 γῆρας.
340 1126 373 1193 Si
407 1125 465 1192 ime
497 1127 641 1207 tenebis,
671 1126 756 1215 quud
784 1137 849 1194 iem
874 1126 1080 1213 perspicuum
1105 1136 1153 1193 esi
1179 1147 1275 1215 quem
1299 1151 1372 1198 eer-

184 1245 275 1313 ium,
309 1251 469 1319 nusquam
499 1232 557 1299 tibi
582 1234 747 1320 imponent
771 1233 977 1300 librariorum
1002 1231 1133 1299 fraudes
1155 1242 1188 1301 et
1211 1236 1372 1321 magistel-

182 1341 286 1407 lorum
310 1337 438 1405 indeete
461 1337 695 1405 eddiinmemn.
745 1339 898 1425 Experire
924 1338 1005 1405 ίιειιο
1026 1339 1183 1406 rationem
1205 1341 1238 1406 iu
1260 1342 1373 1408 Ριετο·

183 1467 232 1514 ms
257 1444 486 1532 Εηίίιηρίενονο
509 1464 539 1531 p.
565 1449 595 1510 2.
614 1443 658 1512 'G.
682 1446 737 1520 την
759 1445 836 1524 ἐμίγη
858 1444 999 1523 σίμαίίαν
1021 1446 1151 1512 κατιδὼν
1173 1448 1212 1521 είς
1232 1446 1372 1530 διαφίεί·

184 1575 282 1636 ροντοο
323 1551 394 1625 τοὺς
438 1549 603 1628 ἡλικιώταις
636 1553 731 1618 αὐτοῦ
766 1549 894 1635 ἔρχεται
928 1553 1145 1633 κατηγορήσων
1180 1577 1239 1632 μιν
1274 1550 1373 1635 ὥσπερ

185 1660 258 1742 πρός
282 1657 404 1737 μητέρα
429 1659 501 1739 πρός
524 1659 580 1732 rire
602 1655 692 1723 πόλιν
717 1655 786 1748 (uhi
809 1656 922 1744 opiimi
946 1656 1072 1724 codices
1095 1661 1134 1733 ιίς
1155 1658 1225 1741 πρός
1252 1659 1373 1742 μητίρα

185 1763 356 1840 exhibent.
381 1761 464 1849 qued
488 1761 722 1848 recipiendum)
743 1772 775 1830 es
799 1763 919 1830 semies
936 1765 975 1836 cie
994 1763 1066 1847 τρίς
1085 1765 1206 1846 μητέρα
1217 1766 1272 1841 τίην
1284 1765 1375 1832 πόλιν

187 1891 248 1938 nnn
275 1876 401 1936 lanium
426 1868 591 1955 aliquante
614 1867 751 1935 facetius
774 1887 843 1934 esse
862 1880 894 1935 es
914 1869 1058 1936 morderi
1079 1869 1226 1937 Pesroms
1246 1872 1374 1958 ingenie

186 1977 334 2064 dignius,
358 1973 414 2042 sed
438 1992 570 2062 prorsus
595 1974 813 2041 necessarium
838 1993 876 2040 ee
895 1992 1019 2042 verum.
1041 1974 1199 2043 Similiter
1218 1977 1251 2043 in
1275 1978 1375 2045 Piae·

186 2084 264 2150 dene
295 2101 328 2170 p.
366 2085 408 2147 67
438 2081 475 2147 l).
507 2082 603 2148 ίόίσαι
637 2083 692 2156 τίην
722 2083 831 2164 ψοχδρν
858 2083 950 2150 oiseis
973 2081 1067 2162 μόνην
1090 2083 1158 2149 καί
1182 2083 1279 2159 αὐτην
1308 2085 1376 2175 (ex-

190 2209 294 2276 pungo
317 2185 423 2275 μόνην)
448 2186 633 2266 ἐκλοομένην
656 2184 754 2269 ὥσπερ
782 2190 815 2253 ἐκ
839 2187 957 2267 δεσμῶν
979 2189 1015 2255 ἐκ
1037 2193 1091 2254 τοῦ
1115 2190 1278 2270 σώματος,
1299 2191 1374 2279 quia

188 2303 320 2382 apparet
344 2293 408 2358 dici
432 2292 467 2358 τό
491 2299 583 2373 σῶμα
605 2290 682 2360 είναι
706 2289 763 2360 οίον
786 2294 890 2373 δεσμὰ
912 2300 969 2368 τῆς
991 2299 1099 2376 ψυχῆς
1123 2295 1257 2362 emenda
1276 2294 1376 2378 ίίστερ

189 2403 223 2468 ἐκ
250 2403 370 2479 δεσμῶν
400 2404 455 2466 τοῦ
488 2401 648 2479 σώματος,
679 2398 797 2466 adiecit
828 2401 935 2467 nescio
960 2402 1035 2488 quis
1057 2399 1191 2469 alteram
1217 2405 1378 2490 praeposi·

190 2508 326 2585 tionem,
350 2525 391 2572 ne
414 2505 517 2586 δεσμὰ
540 2511 594 2571 τοῦ
618 2506 761 2585 σώματος
785 2504 850 2571 dici
876 2506 1071 2575 viderentur.
1097 2507 1178 2575 ibid.
1202 2529 1234 2597 p.
1259 2513 1314 2575 82.
1336 2509 1377 2578 Ε.

189 2613 423 2696 παραλαβοῦσα
456 2614 511 2688 τίην
541 2612 650 2695 φοχίην
681 2615 699 2690 ἡ
729 2614 903 2695 φιλοσοφία
936 2615 1076 2695 ατεχνῶς
1109 2613 1322 2693 διαδεδεμένον
1345 2616 1376 2680 ἐν

189 2721 230 2803 τῷ
264 2720 388 2798 σώμασι
421 2718 474 2784 καὶ
509 2718 829 2799 προσκεκολλημίνην.
860 2717 1117 2799 ἀναγκαζομένην
1147 2720 1178 2785 δὲ
1208 2715 1307 2800 ὥσπερ
1338 2720 1377 2787 δι’

190 2828 318 2910 είργμοῦ
345 2825 398 2891 διὰ
420 2825 530 2890 τούτου
552 2826 731 2890 σκοπεῖσθαι
755 2825 799 2889 τὰ
821 2821 897 2890 όνπα
920 2825 984 2890 κτὲ.
1008 2823 1118 2891 eadem
1145 2823 1183 2891 de
1206 2843 1304 2890 eausa
1326 2844 1378 2891 re·

191 2911 395 3000 seribendnin
427 2939 475 2997 est
501 2928 602 3010 ὥσπερ
625 2930 662 2995 δι’
686 2931 816 3010 εἱργμοῦ
836 2929 954 2995 τούτου.
1004 2930 1148 2996 Tertium
1173 2928 1214 2996 ad
1237 2928 1376 2998 eundem

191 3037 326 3126 lapidem
352 3035 555 3103 oiieuderuut
579 3036 611 3101 iu
635 3034 744 3102 eodem
767 3031 896 3122 'disingu
920 3057 939 3124 ρ
976 3042 1036 3102 115
1059 3036 1095 3103 Β.
1116 3037 1170 3102 ἐὰν
1187 3037 1249 3117 μην
1267 3037 1378 3113 ίίλητε

190 3141 287 3226 ίίσπερ
318 3147 390 3209 κατ’
419 3145 492 3224 ίχνη
524 3142 609 3208 κατὰ
633 3143 676 3207 τόν
701 3144 752 3206 νῦν
774 3165 809 3207 τε
833 3141 977 3223 εἰρημένα
998 3142 1053 3209 καί
1076 3143 1120 3210 τοὶ
1143 3145 1176 3211 ἐν
1198 3146 1240 3228 τῷ
1263 3141 1378 3227 ἔμπρο-

190 3252 256 3316 σόεν
285 3248 383 3331 χρόνῳ
416 3248 487 3331 ζῆν,
513 3246 567 3312 uhi
594 3245 800 3334 philosophus
823 3249 999 3334 scripserat
1021 3246 1121 3331 ὥσπερ
1143 3252 1216 3316 κατ’
1239 3249 1311 3332 ίχνη
1334 3251 1378 3318 τα

190 3362 240 3424 νῦν
268 3357 299 3422 τ’
323 3355 469 3434 είρημίνα
501 3355 566 3419 eri.
614 3354 651 3419 iu
683 3352 906 3439 superioribus
939 3355 1001 3420 inm
1035 3354 1243 3424 iibererimus
1266 3357 1377 3425 eodem

192 3463 268 3527 viiie
301 3461 455 3527 eximium
493 3458 598 3525 iocum
630 3460 664 3524 in
697 3456 778 3523 iibrn
808 3459 848 3524 de
879 3457 956 3546 iiep.
988 3460 1069 3527 vui.
1100 3481 1130 3548 p.
1156 3467 1221 3529 553
1248 3463 1280 3530 ii.
1304 3461 1380 3531 όταν

191 3568 283 3635 αὐτόν
310 3567 359 3648 ise
388 3564 537 3647 ἐξαίφνης
561 3565 744 3630 παίσαντα
768 3562 867 3647 ίίσπερ
891 3567 963 3647 τρδς
987 3563 1099 3647 ἕρματι
1121 3569 1193 3649 πρός
1217 3579 1255 3652 τῇ
1279 3567 1379 3637 πόλει.

192 3673 258 3760 ipra
288 3691 373 3758 resp.
406 3670 529 3737 dieitur
558 3691 629 3737 esse
661 3669 758 3737 veluti
794 3670 962 3758 scopulus,
994 3671 1034 3738 ud
1063 3692 1158 3760 quem
1191 3675 1380 3763 impegerit,

191 3779 298 3866 iisque
332 3775 431 3861 ὥσπερ
468 3779 540 3858 πρδσ
576 3774 687 3857 ἕρμασι
723 3786 761 3861 πη
798 3776 888 3844 πόλει
921 3778 1099 3864 genuinum
1136 3789 1197 3848 esi.
1246 3779 1382 3849 Simiiii·

192 3904 264 3951 mus
297 3884 373 3949 huie
408 3885 439 3948 iu
474 3883 606 3949 Lucieno
639 3882 727 3948 inens
756 3893 806 3949 esi
830 3889 890 3956 70,
920 3885 1174 3966 4σννπριβέντοι
1198 3888 1303 3964 αὐτοῖς
1327 3893 1380 3956 τοῦ

190 3990 329 4074 σκόφονς
372 3989 439 4071 περί
483 3986 558 4055 οὕτω
599 3993 695 4070 μικρῷ
730 3985 840 4068 ἕρματι
875 3991 917 4072 τῷ
953 3990 1050 4072 κύβῳ.
1106 3992 1260 4080 Superest
1297 4015 1382 4063 nnus

191 4095 279 4163 inens
314 4093 510 4161 nitidissime
545 4095 688 4181 scriptus
720 4095 751 4160 in
785 4095 929 4161 Phaedro
961 4117 990 4182 ρ.
1022 4101 1098 4165 250.
1125 4097 1182 4177 u,
1207 4119 1302 4186 quem
1327 4121 1381 4168 ee-

190 4200 262 4269 dem
298 4201 386 4268 lsbes
424 4199 579 4268 obfuscat.
613 4199 713 4282 ὥσπερ
748 4202 779 4266 ἐν
813 4201 977 4285 κατόπτρῳ
1012 4204 1043 4268 ἐν
1065 4204 1108 4286 τῷ
1138 4205 1239 4286 ἐρῶντι
1274 4207 1383 4274 ἑαυτόν

190 4309 258 4390 δρῶν
281 4307 427 4384 λίληόεν,
453 4305 555 4372 muido
578 4306 695 4374 melius
718 4317 750 4374 et
774 4308 906 4374 suevius
930 4308 1029 4376 i‘mre
1048 4311 1116 4396 ipse
1133 4309 1265 4379 dederet
1283 4310 1382 4395 ὥσπερ

191 4415 221 4480 όν
243 4413 407 4496 κατόπτρῳ
429 4415 472 4495 τῷ
497 4413 608 4493 ἐρῶντι.
635 4415 694 4493 λι,
718 4412 837 4480 dixerit
861 4413 996 4500 uliquis,
1022 4425 1087 4482 lem
1108 4414 1249 4504 despicis
1271 4423 1305 4483 et
1324 4438 1381 4505 pro

191 4519 291 4588 nihilo
321 4518 415 4587 ducis
446 4528 647 4587 constantem
680 4520 826 4588 omnium
861 4518 1018 4589 librorum
1050 4520 1145 4590 iidem
1175 4531 1208 4590 et
1246 4521 1327 4589 nihil
1351 4529 1384 4589 le
