3086 4974
820 368 891 442 574
1010 413 1015 424 ι

308 563 480 653 Sophocles
505 565 537 630 in
563 563 695 630 Electra
720 582 765 628 vs.
791 569 867 632 470.

443 673 481 744 cie
509 671 534 736 εί
559 669 629 736 τάδ’
654 671 671 745 ή
695 674 829 737 τεκοῦσα
853 669 1004 738 πεύσεται
1027 669 1139 752 πικράν

445 774 521 842 δοκῶ
540 799 582 855 με
605 784 714 859 πεῖραν
737 776 827 854 τήνδε
850 775 1017 857 τολμήσειν
1039 775 1098 844 ἔτι.

308 882 480 973 Euripides
508 880 620 948 Trooti.
646 903 694 948 vs.
720 887 796 948 442.

442 983 478 1056 αί
501 987 603 1072 σάρκα
625 990 810 1072 φωνήεσσαν
834 985 954 1064 ήσουσίν
977 1011 1064 1055 ποτε.

441 1095 553 1178 πικράν
572 1095 722 1162 Ὀδυσσεῖ
742 1101 849 1176 ριήρυν.

261 1213 293 1274 et
317 1207 350 1272 io
375 1202 531 1271 Aieertide
555 1204 632 1268 266.

443 1307 534 1388 οίμοι·
560 1307 672 1390 πικράν
694 1331 735 1387 γε
758 1307 848 1385 τήνδε
872 1331 924 1388 μοι
947 1309 1132 1391 ναυκληρίαν

443 1413 567 1493 ἔλεξας.

261 1533 294 1592 et
318 1525 351 1591 in
377 1521 510 1590 Βοοοίνίο
535 1541 579 1586 vs.
606 1525 682 1588 667.

443 1629 556 1712 πικράν
578 1625 756 1707 βάκχευσιν
779 1626 810 1692 ἐν
834 1626 958 1706 Θήβαις
982 1627 1059 1696 ίδιίν.

261 1745 294 1804 et
314 1737 347 1803 in
367 1735 496 1802 Electra
520 1754 565 1800 vs.
590 1735 670 1800 686.

442 1840 505 1908 όόεν
524 1842 558 1921 ρι’
581 1836 649 1906 ίδόν
671 1861 706 1904 τε
729 1837 810 1905 δαιτί
834 1839 968 1906 κοινανόν
990 1848 1094 1908 καλεῖ.

392 1969 418 2015 ιι.
442 1945 547 2030 πικρόν
569 1971 610 2026 γε
634 1943 844 2028 συνθοινάτορ’,
869 1946 904 2023 ήν
927 1945 991 2021 όεός
1014 1947 1095 2030 atre.

160 2065 163 2072 ’
265 2053 319 2122 ubi
343 2075 402 2143 pro
424 2049 488 2120 όίεν
511 2077 551 2132 γε
572 2053 771 2140 reposuerim
797 2051 942 2118 ἐνθένδ’
964 2051 1031 2119 ίδάν
1050 2077 1096 2120 σε.
1121 2051 1194 2121 att.
1226 2053 1310 2122 Μοιί.
1336 2059 1399 2122 406
1419 2063 1448 2122 et

265 2166 362 2231 1577.
391 2158 503 2225 Ττοοιί.
528 2162 584 2227 66.
610 2159 789 2245 Corruptus
813 2155 902 2224 ioe'os
925 2165 975 2224 est
999 2157 1031 2224 io
1057 2157 1179 2226 Ηοίοιιιι
1203 2179 1249 2226 ιε.
1279 2165 1356 2228 449.

443 2264 567 2348 πικροὺς
591 2263 630 2332 ee
650 2260 740 2344 οίριαί
762 2267 796 2344 ρ’
820 2265 975 2344 syrenen
995 2265 1066 2340 τοὺς
1090 2266 1160 2341 τοὺς
1183 2263 1313 2346 λόγους.

308 2373 393 2442 Haeo
425 2372 533 2438 omnia
565 2367 658 2457 piana
690 2377 767 2435 sunt
797 2379 828 2436 at
864 2371 1055 2459 perspicua,
1082 2371 1138 2438 sed
1161 2373 1314 2440 omniurn
1338 2375 1448 2463 optimo

262 2479 366 2563 πικρός
396 2477 475 2566 quid
505 2477 548 2544 sit
578 2484 710 2564 apparet
744 2475 777 2542 in
810 2474 1037 2563 Aristophanis
1062 2477 1221 2548 reraieoio
1244 2478 1334 2568 opud
1360 2477 1447 2548 Athe·

263 2605 379 2653 naeuos
408 2606 437 2673 p.
464 2587 546 2663 466,
570 2604 602 2650 n.

194 2685 195 2689 ¹
443 2689 626 2774 πικρότατον
650 2683 724 2754 οίνον
744 2687 873 2769 τήμερον
897 2688 960 2755 πίει
985 2688 1088 2774 τάχα.

261 2820 354 2866 ‚erm
384 2818 497 2884 mopno
528 2807 579 2861 too
607 2793 691 2860 mole
720 2804 749 2860 et
779 2792 952 2881 infortunio
986 2795 1096 2862 νίιιυιιι
1121 2793 1246 2882 potabis
1271 2795 1397 2873 hotto„
1420 2803 1446 2860 ei

260 2904 307 2970 sie
330 2904 362 2970 in
385 2902 522 2968 caeteris
546 2899 585 2968 ad
610 2920 711 2966 unum
733 2897 902 2974 omnibus:
926 2899 979 2966 set
1007 2917 1068 2968 non
1093 2911 1142 2968 est
1162 2922 1259 2969 ovone
1287 2923 1347 2969 ovo
1367 2901 1445 2968 siroi-

260 3011 323 3077 iius
353 3028 450 3097 quani
482 3007 558 3074 huie
587 3004 813 3092 Aristophanis
844 3004 1001 3073 versieuio
1033 3008 1151 3074 sinniiis
1183 3017 1232 3076 est
1256 3007 1445 3098 Euripideos

259 3117 293 3182 in
319 3115 452 3202 Cyclope
474 3134 520 3180 rs.
547 3117 622 3181 664.

439 3221 537 3301 οίμοι·
564 3218 747 3302 πικρότατον
771 3213 846 3285 otro
870 3217 987 3299 όήιοριαι
1010 3219 1114 3303 τάχα.

307 3326 489 3394 i'raeiverat
512 3327 608 3393 etiam
635 3343 721 3390 none
741 3321 891 3389 omnibus
916 3324 1082 3392 Homeros.
1115 3325 1151 3394 ln
1173 3324 1290 3416 Odyss.
1320 3327 1352 3392 P.
1375 3329 1442 3394 447.

260 3433 313 3501 uiri
339 3432 472 3522 Ulysses
502 3431 629 3498 dixerat

394 3547 479 3616 εήσα
502 3540 529 3605 δ’
552 3541 583 3606 ἓν
608 3536 762 3624 Αἰγύπτῳ
785 3537 917 3620 ποταμῷ
939 3537 1013 3612 νίας
1036 3538 1269 3623 άριφιελίισαι.

257 3655 289 3714 et
312 3655 529 3734 postpauca:

395 3752 497 3835 αὐτάρ
522 3753 573 3832 ἔμ’
598 3754 627 3824 ἕο
651 3753 772 3837 Κάπρον
791 3751 877 3837 ξείνῳ
900 3753 993 3821 δόσαν
1011 3752 1206 3821 άντιάααντι.

257 3861 383 3925 intonat
406 3860 578 3926 Antinous:

415 3969 481 4043 ςήό
505 3963 599 4041 οὕτως
623 3966 654 4041 ἕρ
678 3967 792 4047 μίοοον
814 3967 890 4048 teir
914 3965 1068 4034 Andronis
1091 3967 1265 4052 τραπέζης,

418 4074 462 4152 μή
487 4072 581 4156 τάχα
604 4077 751 4155 πικρήν
776 4072 936 4154 Αἴγυπτον
955 4072 1008 4140 καί
1034 4073 1153 4157 Κάπρον
1174 4075 1268 4152 ίκιραι.

301 4176 355 4245 Sic
382 4178 544 4246 Beirkeros
566 4178 688 4260 etiitiit,
716 4182 746 4247 io
776 4181 950 4250 liarlaiano
973 4178 1082 4248 codiee
1107 4180 1302 4270 adscriptum
1325 4186 1372 4246 est
1392 4200 1438 4256 γρ.

254 4286 347 4363 itaer.
397 4285 481 4351 Haeo
505 4283 635 4352 ιίειιιιιιιι
662 4305 738 4353 vera
761 4285 856 4354 lentio
878 4295 947 4354 est:

411 4393 457 4471 μή
480 4389 574 4474 τάχα
596 4394 703 4474 πικρήν
726 4393 888 4474 Αἴγυπτον
911 4394 964 4461 καί
992 4395 1111 4476 Κάπρον
1130 4397 1278 4464 'tenne

257 4505 291 4563 ut
313 4499 423 4578 πικράν
436 4499 562 4576 Ἐλίνιρν
583 4498 599 4565 ό
605 4504 673 4580 ψει
693 4498 801 4583 τάχα,
821 4510 853 4568 oi
872 4499 1057 4584 πικρότατον
1070 4497 1386 4584 οίνονάήιοριαιτάχῦι
1405 4501 1436 4560 θί
