3160 4972
683 355 756 428 427

168 555 254 624 boos
285 560 410 623 tantum
443 549 494 618 bis
518 549 603 616 locos
625 548 740 618 addam
766 570 804 618 cx
829 551 910 619 libro
933 552 1084 620 secundo.
1134 555 1250 622 Editur
1273 559 1313 622 ll.

125 669 155 732 1.
187 671 243 739 τῆς
276 659 542 743 προαποθανούσης
575 661 668 739 Κῦρος
701 658 795 732 atinde
826 684 862 726 οε
896 661 988 740 μένον
1019 659 1123 734 πένθος
1150 662 1315 740 trocleam

123 768 175 836 cat
206 776 284 835 roim
316 766 440 832 ἄλλοισι
468 770 594 846 προεῖπε
618 767 696 832 ποῖον
720 771 779 830 τῶν
800 763 877 848 ἦρχε
905 765 1025 853 [πένθος
1049 767 1230 856 collected.
1279 768 1316 835 ln

124 873 183 941 hac
200 873 457 960 compositionis
489 871 591 936 lorrna
623 869 746 955 ellipsis
777 880 825 938 cst
858 893 936 939 non.
954 883 1079 939 tantum
1105 875 1236 961 elegans
1261 872 1315 940 sed

121 981 269 1054 omnium
296 986 448 1066 perpetuo
473 996 534 1044 usu
558 975 738 1054 celebrata,
763 976 835 1048 cide
854 999 936 1066 quae
957 979 1316 1067 nuperadllenophon·

125 1089 167 1158 tia
196 1085 356 1157 Acaborin
386 1082 544 1170 adscripsi
577 1087 644 1158 llll.
677 1091 706 1156 1.
741 1088 794 1154 21.
826 1088 860 1154 ln
893 1087 1043 1173 cepitet
1077 1086 1148 1156 ride
1172 1107 1213 1154 an
1238 1085 1316 1156 bace

124 1211 324 1279 concoquere
355 1191 472 1278 possis:
504 1191 703 1272 Ψονμμθνοπος
735 1189 766 1258 δὲ
797 1192 836 1264 ὡς
867 1193 920 1258 οὐκ
944 1192 1069 1260 ἐδθνοοτο
1093 1194 1317 1272 πννθοονθμενος

124 1298 213 1381 ordene
243 1296 347 1368 οθθθνο
380 1305 560 1364 ΤΟΤΤΟΤ
592 1298 726 1380 θνενρεῖν
760 1289 801 1384 [οἳ
831 1300 972 1376 recolere
1001 1305 1110 1380 erpeium
1140 1299 1313 1387 ἀνθρώπων]

125 1405 333 1487 ἐπιτεχνᾶται
363 1410 576 1480 ΤΟΙΟΝΔΕ.
615 1401 794 1473 Pronomcn
824 1401 933 1476 τούτου
967 1404 1064 1472 ueluti
1095 1404 1197 1490 digito
1225 1425 1318 1472 mon·

125 1522 208 1584 strat
241 1510 273 1580 id
307 1509 390 1596 quad
424 1508 584 1595 praecedit
610 1506 738 1584 tillem
762 1508 870 1578 eiblmu
894 1509 1000 1585 οἵτινες
1024 1512 1166 1592 pauciore
1189 1517 1318 1593 πρῶτον,

126 1617 335 1706 quomobrem
361 1613 450 1686 nullo
474 1623 566 1701 pacto
589 1615 697 1684 τούτου
716 1614 795 1701 quid
816 1618 859 1682 sit
882 1617 983 1703 repeti
1004 1626 1109 1704 potest
1130 1619 1161 1684 in
1183 1619 1319 1706 iisquae

126 1726 280 1796 continuo
309 1728 504 1809 sequuutur.
555 1722 722 1790 Praeterea
755 1723 787 1790 in
823 1721 873 1792 bis
903 1723 1053 1792 omnibus
1077 1725 1167 1793 auris
1191 1743 1319 1811 quoque

109 1814 247 1902 ¹iudicio
277 1829 370 1914 longo
400 1846 461 1900 usu
491 1835 636 1893 veterum
658 1829 913 1926 ,conspositionis
944 1829 1095 1900 subactae
1124 1830 1245 1925 aliquid
1269 1839 1320 1898 cst

126 1935 348 2008 tribuendum.
396 1933 457 2020 Qui
488 1931 583 2000 babet
613 1953 725 2006 eurem
758 1933 956 2013 offendetur,
990 1946 1041 2004 sat
1071 1939 1160 2017 scio,
1191 1938 1224 2006 in
1251 1936 1318 2008 bis:

126 2043 219 2118 νοθπθς
250 2069 285 2114 νε
316 2040 407 2124 elce
438 2040 542 2112 πθνθος
572 2040 736 2122 ἐπθοθοοοπο
765 2041 818 2111 eei
842 2049 919 2110 reim
942 2039 1065 2114 dedocet
1088 2053 1214 2127 προεῖπε
1239 2047 1318 2114 nior

125 2154 185 2220 oric
216 2144 291 2230 θςκε
323 2155 500 2220 ΠΘΝΘΟΟ
531 2156 777 2220 ssoteectittl.
823 2144 885 2227 Qui
920 2167 982 2217 uon
1015 2149 1130 2229 babet,
1161 2149 1319 2218 etiamid

129 2253 189 2324 bac
214 2253 338 2328 musica
362 2261 395 2328 et
418 2252 470 2326 his
494 2253 639 2326 curareris
665 2253 849 2324 mendnmit
873 2254 992 2326 veteris
1016 2255 1194 2342 proverbii:

399 2357 474 2442 θςθον
497 2383 544 2434 νος
569 2353 603 2434 ἣν
626 2355 736 2434 ἔκανον
762 2359 853 2435 sidric
877 2360 1002 2446 τέκνον,

276 2485 370 2553 quem
390 2466 520 2554 quisque
543 2466 626 2536 uorat
649 2475 771 2548 artem,
793 2465 828 2537 in
851 2465 911 2539 dcc
933 2489 965 2539 ee
989 2476 1139 2539 exerceat.

173 2682 240 2750 Iam
272 2678 433 2752 Herodoto
456 2679 495 2748 de
520 2637 668 2747 manibus
692 2679 836 2765 deposito
859 2679 900 2748 ad
924 2679 1146 2780 Thucydidem
1173 2689 1318 2750 transea·
1347 2720 1349 2724 .
1429 2745 1431 2748 .

129 2805 212 2856 mus.
244 2785 388 2854 Mirabile
411 2786 500 2854 dictu
524 2796 573 2854 est
596 2796 625 2854 et
650 2785 760 2856 multis
781 2806 843 2853 non
865 2785 900 2852 lit
920 2786 1073 2854 credibile
1094 2786 1315 2877 Thucydidem

129 2893 332 2981 potissimum
359 2893 489 2960 insulsis
512 2892 678 2960 hominum
707 2891 798 2960 nihili
821 2893 1097 2962 annotatiunculis
1122 2904 1225 2962 totum
1247 2913 1317 2962 esse

127 3009 337 3088 coopertum,
370 2999 612 3088 Thucydidem,
648 3000 797 3086 inquam,
830 3001 925 3066 cuius
955 3002 1155 3071 succinctam
1185 3009 1218 3070 et
1241 3021 1317 3068 con·
1429 3043 1433 3050 -

128 3110 275 3174 strictam
306 3105 531 3191 βραχυλογίαν
561 3107 709 3174 πολύνοον
738 3115 832 3192 putes
860 3116 892 3176 et
916 3107 1135 3177 additamenta
1159 3105 1318 3178 eiusmodi

128 3233 281 3302 respuere
320 3216 459 3281 maxime
496 3221 527 3280 et
562 3222 685 3280 attente
721 3211 901 3299 legentibus
936 3215 1089 3282 continuo
1124 3214 1315 3304 patefecere.

128 3320 237 3408 Neque
269 3329 376 3390 temen
411 3318 442 3387 id
471 3339 531 3388 usu
557 3320 666 3388 venire
690 3318 792 3386 uideo.
841 3320 898 3386 Est
923 3318 1058 3390 tortasse
1083 3323 1115 3390 in
1141 3341 1238 3392 causa
1265 3320 1318 3387 illo

129 3429 302 3494 reuerentia
324 3426 537 3514 antiquitatis,
564 3445 661 3512 quam
688 3424 834 3494 nonrmlli
857 3425 986 3494 Celticis
1010 3426 1119 3496 deesse
1143 3429 1318 3497 crirninen·

130 3542 203 3610 tur,
227 3554 328 3620 quum
353 3532 446 3621 plane
466 3534 509 3600 sit
530 3515 652 3602 contra.
679 3532 831 3600 decentio
852 3552 889 3598 ac
915 3535 1038 3606 nocicla
1064 3544 1140 3601 sunt
1160 3535 1221 3602 iota
1242 3556 1318 3615 ποορ-

131 3639 333 3720 ομβλήμνοτοο
353 3641 478 3714 cornia.
509 3647 541 3705 et
563 3640 594 3704 in
615 3637 734 3726 quibus
754 3647 801 3704 est
821 3639 1034 3726 Antiquitatis
1054 3641 1151 3728 probe
1170 3641 1319 3726 cognitae

130 3754 164 3816 et
185 3747 313 3834 penitus
334 3755 519 3834 perspectae
541 3765 615 3813 uera
636 3754 669 3812 et
688 3745 814 3812 sincera
836 3749 1034 3826 reuerentia,
1056 3746 1099 3812 illi
1115 3747 1318 3832 potissimum

57 3903 74 3924 .
129 3873 186 3922 eas
211 3852 349 3938 ineptias
372 3863 403 3922 et
428 3851 599 3922 sciolorum
621 3850 731 3918 sordes
753 3849 1009 3937 praeclarissimo
1028 3853 1146 3941 cuique
1166 3855 1320 3940 Antiqua·

12 4021 16 4036 ,
129 3979 205 4034 rum
231 3957 345 4028 stolide
368 3957 493 4030 affictas
517 3957 604 4028 nullo
628 3956 723 4026 modo
749 3955 833 4028 lerre
857 3966 1002 4046 possunt.

176 4067 379 4153 Quemquam
404 4067 485 4137 satis
509 4067 577 4138 scio
602 4084 699 4152 quam
723 4064 788 4133 sint
809 4063 953 4151 plerique
975 4066 1165 4153 praesentim
1187 4066 1219 4135 in
1234 4063 1321 4134 rhu·
1355 4155 1357 4160 Ι

129 4172 246 4264 cydide
279 4171 490 4240 cornaculando
515 4170 750 4259 pertinaceset
773 4169 925 4240 obstinati
954 4173 1091 4261 nequid
1116 4181 1322 4263 expungatur

129 4299 169 4349 ex
194 4280 234 4347 iis
258 4299 341 4369 quae
365 4278 497 4348 Codices
521 4277 609 4346 MSS.
631 4277 781 4344 omnibns
804 4277 907 4346 tundis
925 4281 1068 4368 corrupti
1089 4289 1122 4348 et
1138 4277 1321 4366 interpolati

129 4407 244 4456 omnes
274 4407 433 4456 consensu
457 4384 629 4465 exhibent,
655 4392 762 4456 tamen
789 4405 850 4452 non
875 4385 1054 4475 despondeo
1076 4388 1241 4462 animum.
1265 4387 1322 4452 cat·

131 4495 220 4572 nnete
254 4494 318 4577 etp
349 4493 472 4577 ἰσχυρὸν
502 4492 625 4577 τρέφω,
657 4500 689 4560 et
716 4489 874 4578 quidquid
900 4503 1102 4571 permulcet,
1136 4503 1169 4566 ul
1194 4491 1232 4562 dc
1257 4490 1321 4557 sole
