3086 4974
742 350 811 421 565

188 541 344 628 Equidem
379 542 482 610 mullo
515 547 617 632 magis
650 545 777 612 illorum
804 544 901 631 proho
926 545 1118 612 seutentiam
1145 544 1198 630 qui
1226 541 1303 609 haec
1329 563 1379 608 re·

187 647 409 736 prehendunt,
433 671 529 736 quam
557 651 671 717 horum
696 651 751 737 qui
778 660 935 717 excusant
959 659 991 716 ct
1016 649 1163 716 Hecubae
1180 647 1378 735 [cruperihus

187 753 357 821 conuenire
383 754 538 822 iudicant.
570 755 631 824 Sed
657 757 735 844 quin
762 755 802 822 ah
824 757 892 842 ipso
913 762 1004 842 pocla
1031 754 1169 842 prolecla
1196 755 1261 820 sinl
1285 773 1379 820 nemo

187 858 325 928 duhilal.
373 861 433 927 Sed
468 882 530 927 non
565 863 672 929 minus
702 871 826 928 cerium
853 871 903 928 esl
927 859 1047 928 alienos
1069 861 1109 927 ah
1132 859 1257 927 Hecube
1282 859 1379 925 Euri·

189 967 279 1052 pidea
303 973 376 1032 csse
396 965 477 1034 duos
500 971 644 1036 senarios
668 973 745 1034 814.
770 988 818 1054 sq.

397 1073 432 1138 ἐκ
456 1077 510 1139 σοῦ
533 1073 643 1141 σκότον
666 1099 702 1140 τε
726 1081 784 1138 τῶν
807 1099 842 1140 τε
858 1074 1007 1155 ννκσὲοων
1030 1074 1149 1155 βροτοῖς

398 1180 534 1262 Φίλσρων
557 1180 675 1259 mylen
698 1182 845 1260 plevem
869 1181 988 1261 βροτοῖς
1013 1177 1117 1262 κάρος.

188 1301 270 1368 quae
295 1282 401 1349 nescio
424 1283 508 1358 uude
532 1295 639 1352 sumla
660 1288 827 1353 aricolauil
849 1286 965 1373 aliquis
988 1286 1017 1349 in
1039 1287 1202 1372 margine,
1224 1286 1375 1372 quoniam

188 1375 380 1455 seulenliam
412 1389 618 1456 continebant
650 1391 690 1456 iis
720 1412 802 1477 quae
835 1391 960 1458 llccuha
993 1391 1071 1456 dixil
1099 1390 1190 1479 plane
1215 1391 1374 1469 similem,

190 1505 222 1561 ul
248 1497 280 1560 in
306 1494 455 1584 Aeschyli
479 1495 663 1562 Prometheo
689 1481 748 1564 uhi
766 1497 938 1570 Nereidum
964 1485 1082 1564 chor'us
1103 1500 1148 1564 ila
1173 1499 1270 1565 canil:

487 1604 579 1680 σύθην
603 1602 629 1666 δ’
652 1602 797 1677 οὶπέδολος
818 1604 881 1685 ὄχῳ
906 1605 1058 1684 πτερωτῷ.

188 1706 220 1773 in
244 1707 317 1773 iibri
342 1728 397 1776 ora
423 1706 622 1795 adscriptum
648 1716 715 1775 esi:
741 1710 877 1788 γείτονες
901 1708 1012 1791 ἄζοςοο
1037 1708 1122 1780 ἔκιον.
1148 1709 1265 1796 legendi
1291 1709 1376 1774 euim

187 1814 364 1905 Aeschylon
390 1815 572 1880 nesciocui
598 1814 630 1878 in
654 1825 795 1895 meulem
824 1816 909 1880 venii
936 1814 1087 1882 uersiculi
1111 1814 1274 1882 Hesiodei:

416 1922 551 2000 γείτονες
576 1918 685 2002 ἄζωςοο
710 1919 805 2000 ἔκιον,
827 1920 961 2003 ζώσοοντο
984 1921 1015 1987 δὲ
1040 1921 1121 1996 πηοί.

235 2027 427 2114 Expromam
454 2026 594 2112 primum
620 2023 705 2092 locos
728 2027 921 2114 Euripideos
942 2026 1188 2115 complusculos,
1210 2045 1378 2113 quosquo-

190 2134 251 2199 lies
283 2132 388 2219 relego
419 2151 546 2218 semper
576 2130 655 2198 mihi
688 2133 795 2219 gravis
828 2132 1085 2220 inlerpolaliouis
1116 2134 1258 2220 suspicio
1291 2130 1379 2198 suhil

189 2241 345 2306 animum.

237 2345 270 2411 ln
304 2342 474 2431 Hippolyto
504 2363 550 2410 vs.
586 2347 683 2410 leae.
702 2402 710 2419 .
728 2343 828 2410 Diana
850 2346 913 2410 οέσο
937 2351 1083 2426 μηχανῆς
1106 2343 1145 2410 ad
1168 2343 1375 2434 Hippolytum

189 2451 407 2538 exspiraulem
434 2451 476 2515 ila
501 2447 597 2515 dicit:

371 2556 423 2622 κοοὶ
449 2555 493 2622 ool
518 2561 654 2639 σοροννῶ
679 2554 801 2637 euripo
825 2559 869 2636 μὴ
894 2565 1003 2637 sepeio
1025 2557 1187 2637 σέθεν,-

371 2661 424 2728 κοοὶ
448 2662 554 2745 χονῖο’·
581 2661 647 2740 ἐμοὶ
673 2661 735 2742 γὰρ
758 2662 791 2728 οὖ
813 2661 897 2742 olon
922 2664 1047 2747 φθνσοὺς
1071 2664 1142 2747 ὁρᾶν

371 2769 431 2836 οὐδ’
453 2767 545 2848 duee
566 2768 702 2850 χραίνειν
724 2767 934 2848 δονοσίμοοσον
957 2770 1110 2844 democle.

191 2875 298 2942 omnia
325 2873 444 2942 hahent
466 2874 585 2960 oplime
609 2883 640 2940 el
664 2876 807 2959 graviter
829 2882 862 2940 el
885 2875 1055 2960 magnifice
1079 2875 1164 2942 dicta
1189 2883 1277 2941 sunl.
1316 2872 1378 2940 Sed

191 3001 267 3048 ecce
279 2980 401 3048 accedi!
416 2981 499 3048 alius
511 3000 624 3046 versus
638 2978 787 3046 inficetus
799 2989 830 3045 el
844 2981 1061 3067 insulsus,qui
1072 2981 1377 3067 corrumpilonmla:

353 3165 357 3171 Ι
463 3087 516 3169 δρῶ
539 3086 571 3152 ll
594 3087 623 3151 σ’
647 3085 701 3162 ἤδη
724 3085 811 3151 τοῦδε
835 3086 962 3163 πλησίον
986 3092 1093 3154 κοινοῦ.

194 3193 303 3280 arguit
326 3189 470 3259 fraudem
498 3192 610 3258 vitiosa
635 3191 812 3258 Graeoilas:
844 3190 985 3258 dixisset¹
1002 3192 1140 3262 sallern:

419 3297 472 3378 ὁρῶ
496 3296 528 3361 δέ
552 3300 579 3361 σ’
601 3299 740 3363 '‘ONTA
765 3297 851 3364 τοῦδε
873 3287 1002 3374 ντλνσίον
1027 3305 1134 3366 κοινοῦ.

194 3401 248 3470 sed
273 3403 437 3489 sequiores
461 3401 608 3469 Graeculi
634 3403 853 3468 necessarium
878 3423 947 3470 esse
970 3403 1043 3470 lere
1071 3423 1173 3490 neque
1198 3401 1378 3469 seuliehaul

195 3529 297 3596 neque
320 3507 473 3575 sciebant.
506 3508 632 3589 Quanlo
656 3507 771 3589 melius
795 3518 918 3576 resecto
942 3509 1131 3578 emblemate
1147 3529 1278 3596 prorsus
1295 3506 1379 3572 idom

194 3615 326 3682 diciturl

145 3804 150 3814 .
238 3720 276 3786 lu
299 3718 409 3788 eadem
436 3718 541 3786 lalmla
566 3740 611 3786 vs.
634 3723 708 3786 906.
734 3721 878 3813 animose
901 3723 1028 3809 quaerit
1049 3741 1087 3789 ex
1114 3720 1235 3788 Theseo
1257 3717 1354 3787 irlhrs:

374 3826 407 3892 τί
425 3834 537 3908 χρῆμα
560 3825 696 3909 πάσχεο;
718 3827 761 3908 τῷ
784 3825 883 3910 τρόπῳ
907 3829 1088 3908 deluderem

195 3939 369 4000 assuerunt
393 3951 535 4019 pannum
561 3931 666 3998 huno:
1080 3942 1084 3949 ·

420 4037 538 4121 orclem,
562 4036 707 4106 evolvam
730 4037 886 4116 βούλομαι
906 4039 990 4105 σέθεν
1011 4038 1108 4121 colpe.

196 4153 271 4210 sunl
291 4143 369 4222 haec
391 4144 546 4230 Gregorio
565 4141 764 4210 Nazianzeno
783 4163 879 4229 quam
901 4142 1056 4231 Euripide
1076 4142 1234 4228 digniora.
1265 4141 1379 4229 llippo·

196 4248 284 4338 lydus
312 4249 417 4336 paullo
448 4257 524 4318 aule
546 4246 683 4320 dixerat:
706 4249 874 4328 βουλοίμην
897 4251 923 4316 δ’
947 4249 986 4315 ἂν
1009 4251 1045 4314 ἐκ
1065 4249 1148 4316 σέθεν
1169 4248 1282 4316 κλύειν.
1316 4249 1378 4314 Ex·

196 4365 316 4444 puuolo
335 4354 554 4422 additamento
575 4352 679 4439 relege
699 4351 803 4418 locum
824 4362 881 4419 aul
901 4373 918 4418 a
941 4354 1020 4420 hono
1041 4354 1196 4422 histrione
1216 4356 1266 4439 agi
1288 4360 1379 4439 pulo,
1412 4337 1419 4347 ’

196 4471 228 4526 el
252 4461 373 4527 senlies
397 4460 473 4547 quid
502 4459 622 4525 distent
648 4477 722 4524 aera
747 4457 876 4546 lupinis.
