3178 4972
731 399 777 472 la

148 604 210 668 τοῦ
233 618 304 666 esse
327 599 455 684 arguit,
488 597 536 662 siu
560 597 719 683 scriptus:
752 593 886 678 ἐννόμιζε
911 595 964 662 καὶ
989 593 1101 677 σέβου,
1126 597 1210 681 ζήτει
1235 599 1267 666 δὲ
1290 600 1346 678 μὴ.

150 705 298 773 Videsne
322 694 554 772 {NNOMIZG
574 703 595 768 i.
621 723 648 768 e.
670 704 733 769 άεδν
753 693 855 784 ν’άμιζε
875 701 1034 788 quomodo
1054 705 1088 770 in
1110 704 1244 789 ἕννάμιζε
1264 704 1349 772 abic-

154 813 214 879 rit.
262 811 330 878 Nun
363 809 504 896 simplici
533 807 616 874 malo
640 807 762 875 laborat
786 808 967 876 versiculus
989 811 1060 877 sine
1083 821 1195 899 poetae
1219 813 1351 880 nomine

153 916 310 985 laudatus
331 937 362 1004 p.
387 920 465 982 717.

296 1022 341 1089 σὺ
365 1023 393 1088 δ’
417 1023 457 1088 οὐ
482 1021 552 1088 τάδ’
575 1017 667 1094 εἷται
691 1023 736 1100 μδ
760 1021 866 1101 λέγειν
890 1019 913 1087 ά
936 1045 983 1095 τις
1004 1027 1119 1106 φρονεῖ.

154 1139 196 1196 tu
221 1149 338 1217 repone
356 1149 396 1195 ex
420 1129 576 1195 Euarnnrs
601 1125 782 1194 Phoenissis
807 1149 851 1194 rs.
878 1130 956 1194 592.

296 1235 443 1302 δούλου
464 1235 529 1302 τάδ’
552 1229 643 1309 εἶπας
668 1235 734 1300 sai.

155 1342 279 1408 omissa
300 1340 442 1409 litterula
464 1351 492 1406 Δ
515 1349 647 1427 apparet
669 1350 817 1409 οΤΛΟΤ
839 1342 873 1407 in
892 1344 931 1411 σὺ
952 1342 977 1408 δ’
991 1343 1023 1410 οὐ
1036 1341 1349 1430 essedepraratum,

157 1447 247 1514 unde
267 1447 400 1534 calligas
420 1447 545 1513 litteras
566 1447 707 1514 initiales
729 1467 790 1514 non
813 1447 912 1516 luisse
926 1447 1121 1535 adscriptas,
1135 1458 1191 1516 aut
1205 1469 1267 1516 nnn
1282 1453 1351 1520 ubi·

157 1573 242 1640 quc,
262 1555 295 1619 in
318 1555 417 1620 reteri
440 1552 538 1628 libro,
566 1552 649 1619 unde
672 1553 872 1622 Florentinus
888 1554 1071 1641 descriptus
1083 1563 1142 1622 est.
1164 1557 1199 1624 ln
1221 1567 1352 1625 senten·

156 1661 226 1738 tia,
258 1679 341 1746 quae
375 1661 573 1726 Parnassum
604 1657 763 1726 tribuitur
793 1681 821 1746 p.
856 1665 919 1726 703
953 1661 1139 1729 ἐπιδείκνυσι
1163 1665 1207 1742 μὴ
1233 1666 1264 1729 ἐν
1288 1673 1352 1738 τοῖς

156 1765 266 1846 λάροις
294 1761 317 1833 ά
340 1771 459 1849 Φρονεῖν
482 1768 558 1831 ἀλλ’
582 1767 613 1830 ἐν
633 1774 697 1838 τοῖς
720 1765 819 1848 ἔργοις
840 1763 863 1833 ἃ
885 1776 1000 1846 ποιεῖν,
1031 1767 1157 1855 decepit
1181 1768 1350 1837 librarium

158 1891 265 1938 nexus
298 1873 431 1959 quidam
463 1871 604 1961 syllabae
636 1897 688 1948 ευ,
720 1873 776 1959 qui
809 1874 987 1940 oscitanter
1010 1872 1128 1959 legenti
1152 1895 1171 1941 a
1197 1875 1305 1944 littera
1329 1903 1352 1945 α

157 1977 244 2046 nilril
274 1977 454 2066 disceptat,
489 1988 524 2044 ut
554 1980 596 2045 sit
631 1977 800 2064 legendum
825 1976 859 2047 εὗ
881 1985 1003 2063 Φρονιῑν
1024 1989 1057 2046 et
1080 1976 1114 2046 εὖ
1137 1991 1243 2049 ποιεῖν.
1291 1983 1352 2050 llu-

158 2084 234 2152 dem
268 2085 362 2153 mma
389 2110 411 2153 α
435 2095 466 2152 et
490 2111 523 2152 εο
548 2087 667 2172 passim
692 2086 929 2171 permiscentur
951 2094 983 2152 et
1007 2105 1204 2174 quamquam
1229 2109 1267 2156 ex
1293 2088 1352 2158 hcc

157 2211 272 2260 errore
301 2194 491 2259 centrarium
522 2211 615 2278 saepe
647 2191 769 2258 dicitur
797 2211 893 2279 quam
919 2189 1003 2278 quad
1028 2191 1155 2261 dixerat
1179 2194 1297 2282 aliquia
1320 2205 1353 2264 et

159 2319 256 2366 mens
278 2319 356 2366 sana
382 2298 539 2386 postulat,
574 2296 758 2365 diutissime
781 2299 879 2364 ctiam
904 2295 963 2364 hae
989 2298 1128 2385 ineptiae
1149 2301 1351 2369 eruditorum

158 2407 271 2474 oculus
294 2406 489 2474 leiellerunt.
538 2403 605 2472 Non
631 2404 731 2472 ieram
756 2403 881 2471 diutius
906 2403 1045 2472 Soccuau
1070 2407 1117 2473 sic
1142 2409 1350 2496 ineptientem

159 2512 248 2600 apud
270 2513 473 2578 Paurancuuu
497 2511 529 2577 in
556 2513 621 2578 rita
644 2531 715 2596 cap.
743 2509 870 2578 xxvlt.
898 2513 1066 2588 Ἕλλησιν,
1092 2508 1194 2590 εἶτεν,
1219 2511 1352 2595 cilium

159 2624 218 2688 λεῦ
241 2619 368 2697 Λυδῶν,
393 2618 466 2700 τορός
489 2643 525 2684 τε
548 2613 660 2684 τάλλα
681 2616 811 2699 μετρίας
832 2613 916 2696 ἔχειν
936 2618 949 2682 ὃ
971 2619 1034 2692 θεὸς
1053 2617 1145 2685 ἔδακε
1165 2619 1218 2687 καὶ
1239 2623 1351 2706 σοφίας

158 2726 241 2800 τινὸς
265 2725 444 2807 clamosae,
470 2727 508 2796 aie
528 2723 624 2802 ἔοικε,
649 2721 910 2802 aeliasanctia,
934 2725 967 2789 οὐ
986 2723 1155 2803 βασιλικῆς
1180 2726 1246 2793 οὐδὲ
1268 2743 1351 2808 λαμ·

159 2836 242 2915 τρῖις
268 2833 327 2899 rial
349 2829 544 2912 μετριότητος
569 2832 642 2909 ἡμῖν
666 2827 812 2910 placen,
838 2830 911 2915 quis
935 2827 1123 2898 admonitus
1147 2851 1209 2897 neu
1232 2832 1352 2901 videbit

158 2940 309 3020 ἀθαρσοῦς
336 2956 447 3003 uerum
472 2935 560 3002 esse?

207 3043 242 3111 ln
267 3042 450 3129 fragmento
475 3041 639 3108 Saracenis
664 3061 693 3129 p.
716 3043 783 3107 699
806 3039 1000 3122 Σοφοκλέους
1024 3042 1186 3128 Ἐριφύλῃ.

390 3151 553 3226 ..paese
578 3147 608 3213 ἐν
628 3142 735 3213 οἷσιν
760 3146 903 3228 άνδράσιν
926 3149 1020 3228 τιμὴν
1043 3145 1111 3229 ἔχει

389 3251 462 3320 ὅτου
485 3253 573 3334 λάγοι
597 3253 729 3320 retrone
752 3259 811 3318 τῶν
835 3249 929 3334 ἔργον
952 3252 1056 3320 πλέον.

160 3380 238 3428 care
268 3360 420 3428 exilimcs
451 3359 490 3426 ab
514 3360 608 3426 initio
629 3357 806 3446 quidquam
831 3358 961 3437 rleesse,
992 3368 1027 3426 ut
1053 3361 1196 3445 passim,
1223 3364 1352 3433 rubrica

159 3465 392 3556 supplendum.
442 3464 477 3533 ln
502 3464 588 3532 hunc
613 3463 744 3531 mudum
769 3463 923 3530 damnum
946 3467 1082 3534 resarcit

350 3575 469 3652 ynasc'
493 3573 524 3638 iv
548 3581 727 3639 κενοῖσιν
749 3570 892 3652 άνδράσιν
913 3573 1005 3650 τιμδςν
1029 3569 1108 3654 ἔχει.

160 3677 317 3746 Eiusdem
350 3686 463 3766 petiae
494 3677 583 3745 lucus
614 3698 646 3765 p.
678 3680 743 3744 726
775 3677 913 3743 nimium
938 3676 995 3744 din
1020 3678 1172 3746 mendum
1196 3679 1278 3748 aluit
1303 3685 1354 3772 (ex

161 3785 258 3854 Λνοοο
281 3805 330 3850 rs.
354 3783 446 3874 964.)

347 3893 374 3957 ol
398 3892 461 3973 γάρ
482 3890 569 3957 κακοὶ
592 3890 746 3970 μνάμαισι
770 3887 959 3969 τάγαθὸν
980 3897 1083 3973 χεροῖν

348 3995 474 4078 ἔχοντες
496 3999 550 4063 οὐκ
569 3995 655 4063 ἴσασι
680 3996 818 4077 spinare
844 3993 978 4078 ἐκβάλῃ.
1032 4053 1035 4061 ι

166 4101 278 4170 eadem
302 4101 400 4170 lectio
424 4103 456 4168 in
482 4101 646 4170 Scrnccns
669 4100 761 4168 codd.
787 4101 908 4178 fertur,
935 4109 971 4167 ut
995 4109 1087 4169 retus
1111 4123 1180 4171 esse
1204 4105 1356 4176 mendum

167 4217 331 4296 appareat.
381 4207 499 4295 Nempe
523 4208 662 4288 τάγαθόν
688 4209 718 4272 in
742 4207 792 4273 lris
814 4206 920 4274 verbis
939 4205 1094 4274 alrsnnum
1114 4219 1179 4277 est:
1203 4232 1268 4299 quc
1284 4234 1357 4281 sen-

168 4333 206 4379 su
229 4312 370 4394 τάγαθόν
391 4313 521 4382 dicatur
541 4315 661 4403 optimc
681 4313 795 4380 sentiri
817 4323 921 4401 potest
943 4333 980 4380 cx
1004 4312 1062 4380 lmc
1084 4315 1181 4382 nubili
1201 4318 1358 4390 Euarrrms

168 4417 255 4487 luco:
