3208 4972
731 365 800 440 235

165 566 291 649 λέγειν,
328 559 462 630 emenda
493 559 577 628 οὐδὲν
607 560 715 642 δέομαι
750 562 875 642 λέγειν,
911 571 946 628 nt
981 563 1013 627 in
1049 564 1195 630 Petronis
1230 565 1361 653 Apotop.

167 693 200 762 p.
217 678 271 739 21.
307 693 335 737 e.
366 667 492 747 ἀυίματι
522 669 553 734 δὲ
586 667 667 734 οὐδὲν
698 666 806 748 δέομαι
840 666 945 748 λέγειν
976 679 1009 734 et
1038 671 1084 736 sin
1120 690 1231 736 omnes
1263 671 1361 737 tttiai

107 767 117 790 ⁸
168 781 358 866 loquuntur.
382 773 479 842 xttV.
511 777 544 840 2.
574 774 685 853 tiniae
716 768 738 842 ἀ
767 776 819 842 καί
846 779 895 840 νῦν
919 775 1024 859 ἔχεις,
1049 775 1118 844 dele
1143 777 1207 843 καί.
1234 777 1362 845 xxvtr.

170 887 241 951 αὖ
275 883 420 964 ἡμέτερος
454 881 631 968 requiritur
662 891 803 960 nostras,
844 881 1033 962 Thebanus,
1062 885 1171 971 itaque
1204 882 1363 962 ἡμεδαπός

168 1000 227 1058 eut
246 989 352 1057 lenius
372 983 552 1067 ἀμετέρειος.
577 990 641 1072 57.
664 988 937 1055 ὀκτωκαιδεκαέτει
957 991 1084 1074 corrige
1095 990 1365 1067 ίκπωκαιδεκέτει,

169 1095 322 1183 frequens
353 1094 412 1160 inne
443 1093 558 1158 vitium
583 1102 643 1162 est.
676 1099 693 1180 §
719 1099 751 1160 9.
775 1096 844 1174 βίον
867 1093 978 1177 ἄπορον
1005 1092 1099 1178 εἶχον.
1126 1095 1210 1178 ἔχειν
1232 1097 1302 1177 βίον
1326 1094 1366 1162 tie

171 1202 303 1268 lautiore
331 1201 414 1266 niatu
442 1198 581 1278 dieitur,
614 1209 649 1267 ut
683 1199 806 1281 ἔχοντες
842 1202 960 1278 εὐπαίῆ
996 1202 1083 1281 βίον,
1112 1203 1182 1282 βίον
1214 1202 1364 1288 ἀφίονονρ

172 1309 247 1376 eim.
274 1306 314 1374 de
336 1307 418 1372 vitae
448 1327 561 1393 ponere
592 1303 644 1386 ζῆν
668 1305 752 1385 βίον,
774 1306 827 1388 ζῆν
850 1307 918 1385 βίον
946 1307 1155 1389 ἀπράνριονα,
1181 1311 1272 1389 λαγὼ
1296 1309 1364 1389 βίον

171 1413 259 1497 tino,
282 1432 383 1500 qtiare
406 1411 477 1498 tege
498 1411 566 1489 βίον
597 1409 706 1494 ἀπορον
738 1412 823 1496 ἔζων.
850 1433 890 1479 ne
913 1413 1041 1480 dubites
1065 1416 1146 1481 scito
1170 1415 1202 1480 in
1232 1415 1366 1502 optimis

171 1518 264 1587 libris
287 1539 356 1586 esse
379 1515 459 1599 ἔχων
489 1537 545 1603 pro
569 1513 665 1598 εἶχεν.

218 1625 253 1692 ln
286 1624 430 1712 Menippo
461 1625 520 1700 11,
555 1627 582 1688 l.
616 1623 685 1710 lege
716 1627 744 1689 τ’
780 1625 900 1692 ἐπεῖδον
930 1643 988 1710 pro
1025 1623 1060 1689 τέ
1092 1627 1125 1704 γ’
1156 1621 1246 1691 είδον.
1279 1624 1366 1712 quod

171 1727 267 1818 paulo
299 1736 369 1816 post
400 1727 518 1813 legitur
550 1731 646 1795 πολὺν
678 1730 741 1812 γὰρ
771 1730 878 1812 χρόνον
905 1733 938 1796 οὐ
970 1730 1112 1814 πίφνρνας
1146 1732 1176 1795 ἐν
1208 1741 1247 1814 τῇ
1278 1729 1366 1796 πίλεί

171 1856 234 1902 non
269 1845 317 1901 est
349 1835 520 1902 Graecum.
547 1833 646 1901 Godd.
680 1835 831 1902 exhibent
862 1838 960 1911 πολὺς
984 1837 1047 1918 poto
1070 1837 1177 1918 χρόνος
1201 1834 1254 1917 οὗ,
1282 1836 1367 1904 unde

171 1943 311 2029 emergit
345 1950 420 2006 nutu
452 1939 602 2026 loquendi
633 1940 737 2007 fornia
765 1942 863 2015 notio
886 1944 949 2024 γὰρ
972 1941 1079 2025 χρόνον
1103 1943 1137 2022 ἐξ
1159 1938 1228 2009 ὅτου
1252 1946 1285 2010 οὐ
1309 1942 1367 2010 τέ·

171 2055 293 2133 φινκε,
318 2045 434 2114 deinde
451 2045 520 2132 lege
540 2047 763 2126 ἀναβεβιυκοίς
789 2069 845 2135 pro
877 2049 1105 2128 ἀναβεβίωκεν.
1154 2049 1253 2116 Recte
1284 2049 1367 2115 Ber-

172 2173 241 2221 nrn.
269 2157 287 2240 §
312 2159 345 2222 4.
381 2155 501 2241 recepit
533 2151 760 2220 Hensrennusn
784 2155 1042 2222 emendationem
1078 2153 1135 2225 ίίτε
1167 2178 1219 2235 μοι
1254 2155 1368 2238 χρυσὸν

172 2259 341 2338 ἀπέδειξαν
365 2256 445 2326 οὗτοι
473 2258 525 2324 τὸν
551 2266 610 2326 τῶν
632 2261 755 2326 ἰδιωτῶν
778 2261 855 2340 βίον.
904 2262 1106 2347 Quicumque
1141 2263 1367 2329 Hensrennusn

173 2368 413 2434 annotationem
438 2365 477 2431 de
497 2383 533 2431 ee
555 2364 715 2433 locutione
740 2367 941 2454 inpromptu
963 2365 1073 2443 habet,
1100 2376 1157 2434 aut
1170 2388 1252 2454 quae
1270 2370 1367 2434 Vate-

173 2495 258 2553 erus,
293 2471 471 2538 Emendare.
508 2471 562 2537 ili.
606 2477 666 2550 17,
702 2471 863 2538 itusrnane
897 2473 936 2538 ad
974 2473 1090 2540 Suinnn
1126 2495 1155 2541 ν.
1192 2475 1366 2555 ἐπέκλυσε,

175 2580 442 2648 Wrrrnnenenrns
475 2576 515 2644 nd
560 2576 759 2644 Phaedonem
802 2599 832 2664 p.
875 2583 948 2646 180.
991 2589 1242 2665 congesserunt,
1278 2579 1367 2646 nutto

175 2687 304 2772 negatio
325 2685 476 2752 restituet
507 2681 610 2761 locos,
646 2704 727 2771 quos
752 2684 881 2750 inscitie
915 2685 1094 2751 scribarum
1130 2684 1178 2751 vel
1206 2684 1366 2752 editorum

175 2790 327 2880 perdidit.
377 2790 414 2856 ln
442 2789 590 2856 Petronis
611 2789 754 2877 Epistola
779 2790 843 2854 Vll.
869 2809 901 2875 p.
917 2795 993 2856 524.
1019 2811 1046 2856 n.
1071 2791 1140 2871 ὁρῶν
1159 2792 1230 2865 τοὺς
1253 2788 1366 2871 ἀνδρας

175 2899 205 2964 ἐν
234 2895 331 2980 χρόνῳ
360 2896 456 2977 ὀλίγῳ
484 2903 632 2978 χρυσῆν
662 2895 891 2973 ἀποδείξαντας
922 2897 977 2970 τὴν
1009 2891 1175 2978 ἔμπροσθεν
1205 2897 1366 2963 πολιτείαν

176 3023 271 3071 nemo
295 3001 400 3069 adhue
431 3003 551 3087 recepit
583 3002 808 3068 Heusrnnnusu
840 3011 960 3069 uertant
994 3004 1225 3070 oorreotionem
1256 3003 1369 3085 χρυπδν

175 3107 419 3188 ἀποδείξαντας,
450 3127 546 3194 quam
577 3110 718 3195 optimus
748 3107 847 3176 codex
880 3108 1047 3175 Parisinus
1087 3110 1123 3175 t.
1153 3109 1367 3175 confirmarit.

177 3217 278 3284 Petro
301 3215 389 3306 (nem
411 3214 561 3280 Petronio
584 3215 687 3300 ipsius
703 3235 773 3282 esse
794 3213 877 3283 hano
897 3215 1064 3302 epistolem
1083 3226 1116 3282 et
1136 3223 1369 3302 argumentum

178 3332 210 3391 et
239 3322 334 3390 stitus
358 3321 519 3400 etaninnt,
544 3329 575 3385 et
607 3321 769 3388 neminem
795 3321 894 3388 etium
920 3323 953 3386 in
979 3322 1114 3388 Graecia
1138 3324 1288 3388 norimus
1312 3321 1369 3408 qui

177 3429 217 3496 de
242 3427 293 3494 his
317 3426 413 3494 rebus
435 3427 481 3492 aio
500 3425 642 3494 seribere
663 3428 832 3514 potuisset.
881 3427 1086 3514 ineptissime
1105 3437 1214 3495 autem
1227 3427 1371 3516 Epistola

179 3555 242 3602 une
266 3544 363 3622 atque
382 3531 493 3600 eadem
518 3531 550 3597 in
576 3531 657 3599 dnae
681 3552 787 3610 nune,
815 3533 873 3600 Vll
898 3541 929 3600 et
951 3532 1043 3610 vttt,
1069 3534 1214 3620 pervim
1238 3533 1373 3600 discissa

177 3641 239 3730 est)
273 3642 373 3707 Patro
412 3639 513 3725 igitur
551 3637 637 3706 huna
674 3637 842 3706 tiosonlum
880 3659 919 3706 ex
958 3639 1107 3706 Euerrioe
1142 3638 1304 3728 decerpsit
1341 3641 1372 3706 in

183 3747 355 3814 Troaotona
381 3749 456 3814 tae.

360 3855 399 3926 air
423 3851 536 3934 χρυσὸς
561 3853 644 3934 αὐτῷ
669 3853 762 3932 τάμά
785 3851 838 3919 καί
863 3857 988 3935 Φρυγῶν
1013 3850 1099 3919 κακοί
1137 3833 1138 3838 ¹

362 3957 441 4036 δίξει
465 3960 535 4024 ποτ’
559 3954 647 4024 εἶναι.

180 4075 212 4135 et
235 4065 349 4148 χρυοδν
373 4065 584 4132 ἀποδεικνύναι
618 4063 696 4130 nihii
728 4063 815 4131 atiud
840 4074 888 4132 ost
921 4066 983 4131 nisi
1008 4076 1104 4133 ποιεῖν
1126 4066 1240 4148 χρυσὸν
1263 4065 1372 4133 δοκεῖν.

179 4181 298 4258 χρυσῆν
323 4173 353 4237 in
380 4172 517 4238 Pinrone
546 4183 578 4238 et
606 4176 738 4252 χρυσοῦν
769 4170 852 4258 opud
878 4171 1034 4240 Lourinon
1060 4181 1125 4239 tam
1152 4177 1376 4259 perpererunt

180 4281 295 4347 vitiose
318 4277 501 4344 dictasunt
525 4297 561 4344 ae
587 4278 615 4343 si
641 4279 673 4342 in
699 4278 845 4344 Eumenen
863 4283 968 4361 χρντά
991 4299 1048 4367 pro
1067 4277 1182 4362 χρυσίς
1200 4277 1374 4362 legeretur.

177 4387 268 4455 Sutia
303 4393 451 4472 opertum
491 4395 540 4450 est
572 4383 726 4451 Luerinun
763 4384 893 4450 Pennana
925 4385 1008 4452 lieno
1042 4405 1169 4473 quoque
1206 4392 1375 4450 venustam

183 4494 376 4560 tooutionem
411 4489 598 4581 sublegisse.
648 4489 806 4558 Simititer
831 4490 926 4560 mutti
961 4491 1015 4559 olii
1053 4491 1217 4566 iecerunt.
1257 4492 1288 4555 in
1326 4488 1376 4553 tris
