3208 4972
718 367 789 439 233

154 559 247 629 lilrris
265 559 305 626 de
330 559 467 650 Lepidus
485 559 624 627 alterum
645 561 850 651 exemplum,
871 579 935 648 quo
948 581 1010 628 uon
1025 581 1094 628 csse
1106 559 1345 630 arbitroraliud

154 668 337 736 euidentius
360 676 393 735 et
417 667 501 736 unde
525 666 623 734 simul
647 667 816 754 apparebit
839 688 936 754 quam
960 669 1173 756 pertinaciter
1197 670 1257 736 isla
1282 689 1347 736 am·

155 773 293 842 lolemata
317 773 549 842 adincrescant
572 783 718 841 veterum
743 775 876 864 seriptis
900 784 932 842 et
955 794 1056 861 quum
1081 774 1265 842 evelluntur
1284 783 1348 842 sta·
1454 847 1455 850 ,

155 883 215 948 tim
238 891 458 948 succrescant.
506 880 626 968 Ecquis
647 890 716 959 est,
741 883 797 967 qui
818 900 880 947 uon
903 881 1021 968 passim
1043 886 1093 946 νῦν
1116 881 1152 957 δή
1167 881 1266 968 (qarod
1284 906 1349 949 νυν-

154 987 191 1065 δή
215 986 421 1054 scribendum
442 1007 513 1054 esse
537 989 665 1073 censeo)
700 985 816 1052 viderit
849 987 889 1053 ab
913 988 1029 1054 Atticis
1053 985 1117 1053 dici
1144 1007 1200 1078 pro
1222 989 1348 1070 όρτόενς,

155 1093 260 1174 όλόγον
292 1091 479 1175 inspectari
528 1091 644 1170 Nemo,
677 1093 801 1180 opinor.
837 1092 1032 1160 Runnuunrus
1067 1093 1107 1160 ad
1141 1095 1284 1162 Tarracina
1316 1115 1346 1162 v.

155 1203 208 1266 νῦν
238 1199 289 1278 ici:
312 1203 368 1282 τρὸ
391 1200 498 1279 ὀλίγον
519 1199 647 1281 χρόνον,
683 1197 835 1265 rrounulla
866 1199 973 1278 dedit,
997 1209 1029 1267 et
1056 1199 1250 1288 ubicumque
1282 1199 1349 1268 lere

156 1305 257 1372 Puero
280 1305 369 1372 modo
392 1305 501 1373 dicere
523 1304 622 1371 voluit
648 1310 697 1372 νῦν
733 1305 768 1382 δή
793 1304 924 1392 legitur.
974 1307 1216 1375 Grarnmaticus
1240 1309 1348 1374 nascio

156 1415 231 1500 quis
255 1411 461 1502 pereruditus
487 1411 647 1478 l‘onronan
668 1413 887 1501 interpretans
900 1411 1030 1498 collegit
1049 1413 1230 1481 Atticorum
1244 1413 1347 1492 locos,

156 1519 190 1584 ia
215 1519 331 1606 quibus
354 1518 440 1596 oceli
463 1517 520 1597 μέν
545 1528 576 1585 et
602 1523 652 1586 νῦν
674 1519 706 1586 δέ
727 1519 868 1586 interae
890 1521 1033 1606 opposita
1058 1531 1187 1601 essent,
1212 1541 1249 1588 ex
1275 1521 1349 1607 qui·

155 1623 217 1692 bus
247 1625 326 1692 locis
360 1626 564 1712 apertissime
597 1625 833 1711 intelligeretur
864 1627 951 1702 νυνδή
987 1625 1172 1713 significare
1196 1626 1347 1710 ιὶρτόυςιῑ

154 1733 261 1814 μικρόν
283 1729 459 1815 ἔμπροοόεν.
506 1731 623 1800 Attulit
648 1731 804 1799 misnens
828 1731 952 1799 Comici
975 1732 1102 1800 locum:

247 1869 314 1936 εότέ
336 1893 410 1951 μοι,
435 1869 522 1948 νυνδὴ
544 1869 601 1949 μὲν
626 1868 724 1949 όμνυς
749 1871 793 1950 μὴ
816 1869 998 1951 γεγονέναι,
1024 1875 1074 1937 νῦν
1098 1871 1129 1938 δὲ
1151 1870 1226 1956 Φός.

155 2005 269 2075 attulit
293 2027 330 2074 ex
358 2007 505 2074 Euurrmr
529 2006 559 2072 όν
582 2005 773 2090 Ἱττολύτῳ·

427 2144 512 2223 νυνδὴ
535 2145 593 2224 μὲν
615 2143 678 2226 όρνς
702 2144 780 2224 βᾶτ’
805 2145 855 2211 tal
881 2121 971 2228 όιὶροις

429 2250 515 2318 τόόον
540 2250 686 2329 ότέλλον,
711 2255 761 2317 νῦν
785 2251 816 2317 δὲ
839 2250 997 2332 ψομοόόοις

428 2358 458 2423 όν
481 2355 670 2437 όιιυριιόντοις
696 2355 818 2446 [πόλων
841 2355 977 2447 {puros}

155 2498 189 2562 io
215 2495 334 2563 uostris
357 2493 448 2561 libris
473 2494 628 2562 llocrrrms
650 2515 699 2562 rs.
723 2498 786 2560 233
812 2495 973 2582 scriptura
994 2493 1099 2562 lerlrrr
1123 2493 1222 2564 llaec:

430 2636 481 2700 νῦν
504 2631 531 2700 δ’
555 2627 596 2699 cl
619 2629 777 2716 ψνμοόόοις
800 2630 875 2698 Ἐπ’
900 2631 1090 2712 όιιυμόντοις

155 2777 290 2858 apparet
320 2774 370 2836 νῦν
394 2770 425 2837 δὲ
456 2771 565 2838 varius
589 2789 659 2837 csse
691 2779 723 2837 et
753 2767 912 2850 ψιιμόόοις
940 2769 971 2834 όν
998 2767 1119 2854 (codex
1142 2767 1345 2860 ψαμάθοισιν)

155 2896 254 2964 quam
279 2877 341 2943 ἐτ’.
391 2875 508 2942 Attulit
538 2874 675 2943 alterurn
700 2895 739 2942 ex
772 2875 916 2943 damnor
948 2874 1052 2942 locum
1090 2876 1120 2941 ἐν
1152 2875 1347 2960 Μελεάγρῳ,

156 3003 253 3071 quem
273 2981 398 3051 scribae
420 2984 464 3049 ila
484 2982 772 3069 pessumdederunt
794 2982 905 3047 inuritis
925 2980 1031 3047 vorbis
1045 2981 1172 3048 occissis
1191 2991 1225 3049 ut
1243 3003 1347 3071 neque

157 3089 295 3176 intelligi
321 3107 424 3177 neque
452 3087 617 3156 oernendari
650 3090 759 3176 possit.
808 3088 892 3156 llaec
925 3087 1031 3154 onruia
1057 3087 1152 3154 houm
1175 3088 1347 3176 perdoctus
1448 3117 1452 3126 ·

158 3207 382 3285 composuerat
416 3217 491 3264 carm
527 3195 596 3262 loco
625 3196 789 3274 Parracis,
821 3195 854 3261 in
891 3215 954 3282 quo
985 3193 1063 3262 illul
1090 3195 1195 3285 ipsam
1220 3197 1345 3278 inerat,

157 3303 245 3379 curli
267 3303 326 3384 plo
348 3311 379 3370 et
404 3308 454 3370 νῦν
476 3303 508 3370 ll
534 3303 618 3368 inter
643 3323 676 3368 se
707 3302 865 3392 opposita.
915 3299 1001 3367 liuba
1027 3300 1131 3367 locum
1159 3300 1214 3368 sed
1238 3323 1347 3370 emcn-

158 3408 283 3477 datam.
331 3408 448 3490 Νόμοις
473 3409 524 3499 (de
548 3407 683 3497 Lepidus
707 3407 762 3474 lli.
787 3431 817 3497 p.
843 3411 908 3476 658
933 3411 974 3497 ιι.)
1000 3407 1124 3484 inuadit
1147 3408 1204 3488 μὲν
1228 3410 1347 3486 τούτοις

157 3515 374 3598 περιτυχόντες
398 3525 461 3590 τοῖς
480 3515 584 3596 λόγοις
605 3513 680 3582 οὕτω
699 3519 791 3582 τοῦτ’
814 3513 970 3593 ότόόεμεν,
992 3519 1042 3579 νῦν
1061 3514 1345 3594 δ’ἕτιλελιὶτροεόιι.

159 3622 309 3691 Scholion
329 3624 520 3711 antiquum,
543 3622 626 3690 unde
648 3621 725 3688 llaec
747 3621 853 3686 omnia
879 3621 1001 3699 sumsi,
1026 3618 1157 3686 Pacrros
1178 3621 1347 3688 commui·
1393 3635 1396 3642 '

159 3728 201 3794 lis
224 3729 297 3796 aliis
321 3729 353 3796 in
388 3729 493 3796 Lexici
518 3730 568 3796 sui
594 3727 790 3814 farraginem
815 3727 954 3816 recepit,
982 3723 1066 3791 crude
1092 3723 1201 3791 Soruns
1225 3724 1348 3793 descri-

157 3837 224 3927 psit
249 3856 278 3904 v.
298 3840 349 3903 νῦν
368 3837 416 3915 δή.
453 3834 667 3903 Utilissimum
689 3844 737 3901 est
758 3833 843 3921 quod
864 3832 1106 3900 Grammaticus
1125 3830 1248 3897 addidit
1265 3833 1296 3898 ἐν
1317 3833 1348 3898 δὲ

157 3952 221 4018 τοῖς
254 3943 371 4023 Νόμοις
404 3941 621 4022 διαλελυμένον
653 3940 752 4023 alance
786 3941 821 4006 τό
852 3941 910 4019 μὲν
934 3943 995 4005 νῦν
1028 3937 1078 4004 tol
1109 3942 1163 4004 τοῦ
1199 3939 1348 4022 παρόντος

156 4047 324 4132 χρόνοντὸ
348 4049 379 4115 δὲ
403 4049 444 4125 δός
475 4049 526 4115 tal
557 4046 733 4128 συνδέσμου.
758 4044 795 4122 ὃς
820 4047 862 4122 ln
886 4045 1044 4112 πόντων
1067 4049 1139 4110 τῶν
1162 4045 1349 4124 πολέμιον

156 4157 467 4237 χιιλετεότοιτος,
491 4153 535 4231 ι’ός
555 4161 687 4239 φοιριεν
711 4156 822 4234 ἡμεῖς
846 4157 907 4218 νῦν
930 4148 1349 4241 δή,όυόορρ.1.ρ.629υ.

158 4260 213 4327 ubi
233 4261 343 4330 editor
362 4260 497 4346 ἔφαμεν.
546 4262 717 4353 Perspicua
737 4261 822 4326 enim
845 4257 937 4324 docet
955 4257 1154 4324 coniunctim
1177 4275 1246 4324 esse
1267 4260 1349 4325 scri·

158 4366 298 4436 molum
320 4369 422 4447 νυνδιὶ,
447 4367 501 4436 ubi
526 4367 687 4454 siguificat
718 4367 843 4449 όρτόυς,
868 4365 974 4445 όλόγον
1003 4363 1189 4447 ἔμτροοόεν,
1211 4371 1244 4429 el
1267 4363 1350 4431 diri·

158 4475 220 4542 sim
245 4480 297 4542 νῦν
320 4475 355 4555 δή
383 4474 435 4542 obi
456 4479 505 4542 νῦν
527 4475 668 4542 nativam
695 4473 758 4540 vim
777 4481 898 4553 serrat,
922 4491 1017 4562 quam
1042 4471 1156 4541 rocula
1180 4469 1216 4548 δή
1241 4469 1347 4539 inlen-
