3208 4972
761 379 827 448 lut)

198 575 327 654 δθξηται
360 583 393 643 et
415 573 495 648 θτιις
515 572 644 640 ἔσονται
668 571 705 638 od
728 569 826 657 sidem
849 577 986 635 ueterum
1017 567 1283 647 roemirouorum
1302 566 1383 634 berre

199 683 322 748 Graeca
346 699 417 747 esse
436 677 653 755 ridebuntur,
677 683 748 742 tum
770 673 900 741 demum
923 675 988 740 ιθτὸ
1010 678 1069 738 τῶν
1088 673 1157 738 θεῶν
1178 671 1315 748 δέδοται,
1334 672 1385 738 λθ·

197 811 248 865 νιν
271 785 431 865 ἐγίγνοντο
454 786 517 852 oiri
539 790 598 850 ’τῶν
621 780 801 863 τνμριθχιιν
825 787 857 846 et
881 779 953 844 sim.
986 786 1074 845 recte
1097 776 1161 842 diei
1193 777 1383 853 credentur,

198 897 231 956 et
251 889 316 956 ιθτθ
336 907 393 975 pro
411 891 470 956 ὑτθ
489 909 563 954 oum
584 886 721 974 passivis
737 885 972 969 coniungetur,
992 890 1023 950 et
1042 905 1121 970 prae
1140 882 1245 949 dolore
1263 881 1386 948 Graece

198 993 326 1060 dicetur
348 993 412 1059 εἰτὸ
435 995 536 1070 λθτης
560 1000 592 1058 et
624 988 787 1075 vuigatam
820 988 988 1056 ieetiooem
1013 986 1138 1053 Lueruur
1160 988 1228 1052 sine
1261 987 1385 1052 ratione

198 1096 376 1164 conuellere
400 1097 537 1172 uoluisse
567 1095 708 1163 videbor.
755 1095 792 1160 ln
819 1095 836 1179 ς
860 1098 913 1160 20.
933 1092 1078 1174 μθρτιιρα
1105 1095 1177 1172 ὑμῖν
1206 1093 1384 1174 ταραςθτι-

199 1225 275 1281 μαι,
307 1201 441 1268 emenda
464 1205 714 1284 παρασχήσομαι
744 1209 776 1266 ei
806 1198 894 1264 brevi
923 1208 993 1284 posi
1023 1199 1077 1264 ιιοιθ
1108 1200 1133 1262 οἷ
1156 1197 1294 1264 πείθεσθε
1325 1215 1383 1283 pro

198 1307 351 1374 ιτεθτετθε.
398 1307 433 1372 ln
460 1311 549 1392 §iia
575 1308 606 1373 in
629 1306 720 1372 tibris
738 1313 787 1371 est
807 1301 935 1370 λαθθντε
956 1305 999 1369 τοὶ
1018 1303 1170 1382 βασίλεια
1194 1303 1246 1368 καὶ
1266 1317 1382 1385 ταρελ-
1415 1367 1416 1370 ,

200 1413 300 1490 θθντε,
333 1430 415 1498 quae
445 1412 617 1478 violentius
647 1409 819 1495 castigavit
853 1408 1069 1486 Farrzsoarus,
1105 1425 1200 1494 quem
1237 1406 1382 1474 Dmuoar.

199 1525 232 1584 ei
267 1517 401 1581 Buussa.
437 1522 634 1603 sequuntur,
672 1515 859 1596 παρελθόντε
889 1515 933 1580 rio
967 1513 1119 1592 βασίλεια
1153 1513 1206 1577 καὶ
1242 1509 1381 1578 λαθθντε.

200 1619 234 1688 Si
259 1619 449 1703 reparativae
472 1621 516 1686 roi
537 1621 689 1700 βασίλεια
721 1640 783 1686 nun
809 1627 982 1706 potueruut
1006 1620 1095 1685 intus
1121 1617 1308 1703 Aegisthum
1334 1618 1384 1682 in·

201 1724 361 1803 ierfieere,
394 1725 526 1811 legerim
546 1724 668 1791 λαθθντ’
691 1725 722 1798 ἐς
744 1725 788 1792 τὰ
808 1727 961 1804 βασίλεια
983 1721 1178 1805 ττοιρελθθντε.

247 1831 283 1898 in
308 1829 474 1897 Macrobiis
497 1833 562 1908 62,
584 1833 616 1896 2.
641 1832 683 1905 τις
707 1831 843 1898 σύννοιαν
866 1826 1039 1904 istoriam
1063 1828 1171 1914 inepte
1189 1827 1312 1894 dietum
1334 1836 1384 1895 est

201 1955 240 2004 ao
262 1935 289 2002 si
315 1936 389 2022 quis
415 1937 447 2001 iu
474 1935 683 2022 Cyropoedioe
706 1937 867 2023 prooemio
890 1933 1032 2001 seribere
1058 1932 1152 2000 reiiet
1174 1932 1294 2000 τθννιιθ
1318 1934 1384 1999 ποθ’

202 2045 275 2122 ἡμῖν
303 2040 435 2120 ἐγένετο.
482 2040 601 2106 Verum
634 2047 684 2106 esi
713 2042 755 2114 εἰς
786 2039 906 2109 ἔννοιαν.
954 2040 991 2106 ln
1020 2037 1193 2106 codicibus
1221 2040 1252 2103 ἐν
1274 2047 1307 2104 et
1330 2037 1386 2102 τθν

203 2157 268 2214 tam
293 2146 392 2212 simili
417 2146 518 2213 iorma
543 2153 638 2224 suut,
672 2153 708 2211 ut
731 2143 867 2212 subinde
896 2145 998 2211 oeulis
1021 2144 1161 2211 discerni
1194 2163 1255 2209 non
1287 2143 1386 2229 possit

202 2261 312 2318 utrum
338 2278 352 2317 ε
374 2271 414 2318 au
439 2275 477 2317 εν
500 2251 543 2316 sit
565 2247 746 2336 legendum.
794 2249 831 2316 ln
864 2249 989 2315 Sromar
1012 2248 1125 2314 ritorto.
1151 2246 1232 2315 xvi.
1258 2253 1291 2318 6.
1316 2235 1386 2314 var}

202 2377 258 2424 sua
281 2365 329 2424 est
353 2356 522 2422 Euarrrms:

450 2465 555 2527 τοῦτον
578 2459 685 2540 νομίζοι
708 2459 767 2528 otoo
791 2462 862 2526 θεῶν
884 2463 983 2527 τνλᾶν
1006 2459 1113 2543 βρέτη.

204 2575 240 2634 ui
273 2567 305 2632 in
342 2567 494 2632 dssuuuut
522 2564 630 2632 Peraia
663 2569 740 2633 809.
776 2568 809 2631 οὔ
844 2566 913 2631 θεῶν
948 2563 1042 2646 βρέτη
1078 2564 1231 2631 Ἠιδοῦντο
1265 2567 1383 2641 τνλοῖν,

203 2672 345 2758 optimus
370 2669 497 2736 Sromrr
522 2669 631 2737 Codex
657 2670 694 2736 i.
723 2671 798 2736 ἐλθιν
820 2669 915 2749 βρέτη
939 2669 1085 2744 exhibet;
1108 2678 1219 2736 eontra
1251 2671 1283 2734 iu
1308 2672 1385 2738 Pau·

202 2796 310 2842 rarum
346 2775 492 2862 Lyeurpo
533 2779 562 2840 i.
599 2774 673 2840 iibri
709 2794 819 2840 omnes
853 2781 984 2840 servant
1017 2773 1186 2840 ridiculam
1218 2772 1386 2844 lectionem

203 2881 275 2956 Διὸς
305 2881 471 2947 τνλλανθον
495 2880 547 2946 καὶ
577 2880 709 2956 Ἀθηνᾶς
739 2879 911 2955 τνλλανθας
943 2899 999 2966 pro
1026 2879 1189 2946 Ἑλλανίου
1212 2888 1245 2945 et
1273 2884 1387 2949 Ἑλλα-

203 2987 279 3059 νθαρ.
327 2985 361 3050 Si
385 2984 433 3050 vei
458 2984 491 3048 iu
515 2985 587 3050 istis
610 2985 797 3051 caecutiunt
821 2984 965 3064 librarii,
996 2984 1073 3072 quid
1097 2983 1211 3052 iecisse
1234 2994 1329 3072 putes
1354 2989 1385 3054 in

203 3090 465 3171 ἐγκαλύπτομαι,
482 3109 539 3176 pro
556 3108 620 3176 quo
639 3090 776 3156 seriores
791 3089 1056 3171 τνριιαλθττομαι
1075 3089 1243 3170 dicebant,
1259 3101 1292 3159 et
1311 3094 1385 3160 sim.

202 3196 309 3263 Nostri
334 3194 454 3280 ubique
472 3204 521 3260 est
543 3194 671 3261 arbitrii
692 3202 834 3262 statuere
855 3205 965 3263 utrum
988 3196 1045 3263 τθν
1063 3216 1104 3262 arr
1129 3198 1160 3261 ἐν
1179 3198 1222 3263 sit
1245 3199 1384 3266 seriben-

203 3300 300 3380 dum,
330 3301 426 3366 euius
458 3302 503 3366 rei
535 3299 680 3387 exempla
714 3299 777 3366 aiio
804 3299 872 3366 loeo
894 3321 1094 3389 expromam.
1141 3303 1176 3368 in
1207 3309 1277 3389 §a
1301 3308 1387 3371 κατὰ

203 3410 311 3474 τᾶτιιν
341 3407 398 3482 την
424 3413 485 3484 γῆν
514 3424 662 3492 expunge
691 3404 877 3472 articulum.
925 3407 960 3472 ln
991 3411 1010 3492 §
1035 3412 1085 3474 10.
1117 3421 1390 3477 commemoratur

205 3512 379 3593 Δημήτριος
398 3511 413 3575 θ
431 3509 667 3589 Καλλατιανόν,
691 3512 748 3597 qui
765 3509 804 3576 de
825 3531 899 3597 rege
922 3512 1057 3581 Hrraouu
1080 3514 1222 3599 scripsit.
1270 3515 1389 3582 Fuerat

204 3615 314 3683 οθιιοθεν
336 3617 350 3681 i
373 3614 514 3697 μάρτυς.
539 3614 594 3682 sed
617 3635 692 3683 eum
714 3615 838 3682 librarii
861 3626 894 3684 et
913 3617 1050 3684 editores
1075 3618 1179 3704 patria
1204 3617 1312 3685 Sicilia
1336 3641 1388 3688 ex·

206 3719 334 3808 pulsum
355 3721 388 3788 in
409 3739 499 3787 urum
520 3720 613 3787 Ponti
633 3719 830 3808 relegarunt.
868 3723 905 3788 lu
926 3721 1076 3789 omuibus
1095 3722 1185 3788 libris
1210 3733 1258 3790 est
1279 3740 1389 3792 ιιαλλι-

206 3825 327 3901 τιανθτ,
350 3827 383 3892 iu
398 3845 461 3912 qua
475 3825 635 3912 seriptum
649 3835 976 3894 KAAMCTIANOC
989 3828 1065 3894 latet
1077 3839 1389 3899 KAAAKTIANOC

205 3930 256 3998 sei
280 3930 397 4000 meiius
426 3939 640 4011 Καλακτῖνος,
670 3932 787 3998 iterum
812 3931 955 4000 eoniusis
978 3942 1004 3997 K
1027 3942 1059 4000 ei
1083 3944 1134 4000 tc.
1183 3934 1259 4002 Erat
1291 3937 1391 4004 Deur-

206 4055 294 4103 rarus
314 4037 378 4102 oiri
410 4045 518 4111 Καλῆς
543 4039 679 4116 Ἄττης,
712 4039 854 4104 Casurum
880 4037 999 4104 rhetori
1030 4038 1207 4125 popularis,
1241 4042 1273 4107 in
1298 4043 1392 4109 euius

208 4143 313 4228 putria
335 4141 446 4211 eodem
472 4141 566 4208 modo
587 4141 719 4210 turbant
740 4143 865 4210 librarii
889 4145 1086 4210 Καλατιανθν
1107 4146 1153 4211 vei
1174 4148 1392 4214 Καλλατιανόν

207 4246 415 4333 appellantes
463 4247 534 4314 Vid.
569 4248 683 4316 Surmu
708 4269 738 4317 r.
765 4248 931 4323 Καικίλιος.
982 4249 1016 4314 Ιιι
1052 4253 1145 4334 §let
1177 4255 1240 4319 oiri
1273 4257 1393 4319 Σκυθῶν

208 4353 382 4436 καταχθείς
406 4362 438 4420 et
470 4355 562 4438 §ts
592 4355 764 4436 καταχθεὶς
789 4357 852 4422 riori
883 4355 1026 4436 Ποθρθινν,
1061 4357 1228 4443 utrubique
1261 4359 1319 4424 ὑιτθ
1342 4379 1393 4424 ru·

209 4458 360 4543 quiritur.
399 4461 434 4526 iu
462 4463 553 4544 §17.
578 4460 769 4541 ἱττοαιθχιιν
794 4461 844 4527 καὶ
869 4459 1057 4542 πεζομάχον
1083 4483 1199 4547 repone
1223 4463 1392 4548 partieipia
