3160 4972
732 369 802 442 407

170 555 317 633 tudinem
343 585 380 633 ac
404 571 597 655 perpetuum
624 563 752 632 dicendi
777 551 879 632 usnm'
896 583 934 630 cx
953 553 1094 630 collonic'
1110 553 1364 653 discrepantium

169 672 408 758 scripturarum
440 671 601 759 dispicere
632 689 694 736 nou
729 671 845 758 potuit.
895 670 936 736 [lt
969 668 1009 736 de
1043 668 1201 736 Herodoto
1230 671 1361 758 quidem

169 777 334 844 Steiniano
366 777 442 844 alibi
476 775 608 844 dabitur
638 774 767 844 dicendi
791 776 901 856 locus,
935 777 962 842 si
987 774 1064 862 quial
1089 775 1220 843 dabitur
1244 779 1301 844 otii
1327 783 1362 844 ut

168 882 358 971 quaemihi
393 885 449 950 diu
480 892 513 950 ct
544 880 683 950 multum
714 882 879 970 explorata
913 883 946 948 in
980 891 1109 968 promtu
1141 891 1217 950 sunt
1248 881 1361 950 ordine

167 989 314 1074 digerere
350 998 382 1056 ct
411 1009 603 1078 componere
638 992 767 1076 possim.
816 988 906 1056 Nunc
941 1007 1042 1055 unum
1077 985 1204 1054 tantum
1237 1007 1277 1056 en
1308 988 1359 1055 bis

167 1093 307 1161 breviter
330 1105 363 1161 ct
388 1096 552 1162 succincte
581 1113 740 1182 exponere
772 1095 871 1160 irruat.
923 1093 1087 1180 Plerisque
1110 1094 1261 1161 omnibns
1285 1093 1359 1162 btt-

167 1199 292 1266 toribus
316 1200 375 1268 hoc
401 1202 518 1268 vitium
542 1209 609 1277 est,
637 1209 672 1266 ut
695 1199 772 1266 dum
799 1201 969 1266 materians
993 1201 1141 1266 criticam
1166 1197 1199 1267 et
1221 1219 1359 1287 appara-

167 1315 256 1385 tum,
283 1315 319 1372 ut
344 1316 475 1387 vocam,
501 1306 612 1373 sedulo
640 1327 680 1373 ex
711 1305 803 1372 libris
834 1305 1057 1393 compluribus
1082 1307 1115 1372 in
1143 1323 1244 1372 unum
1270 1325 1360 1374 coru·

166 1419 315 1500 portant,
343 1411 609 1480 innumerabilem
644 1413 770 1499 copiam
796 1431 956 1498 nugarum
982 1423 1015 1480 et
1043 1412 1186 1479 sordium
1213 1422 1244 1480 et
1268 1413 1358 1499 quis·

165 1517 341 1606 quillarom
366 1528 574 1594 coacervent,
606 1535 688 1605 quae
721 1517 842 1584 nullius
871 1537 1003 1606 prorsus
1027 1520 1121 1606 pretii
1146 1527 1178 1585 et
1203 1519 1358 1586 momenti

165 1625 230 1692 sint
254 1645 358 1712 neque
385 1645 539 1712 umquam
564 1626 716 1712 cuiquam
741 1625 841 1692 alicui
867 1626 939 1692 usui
960 1642 1030 1692 esse
1054 1613 1187 1712 possint.
1213 1625 1357 1691 Enecare

166 1729 244 1798 baec
268 1741 300 1798 et
335 1731 512 1800 obtundere
544 1731 682 1818 aliquem
718 1739 853 1819 possunt
882 1741 914 1798 ot
939 1733 1057 1798 mentis
1077 1733 1180 1797 aciem
1206 1729 1357 1797 bebctare

167 1839 360 1924 pracsertim
385 1853 560 1924 generosae
591 1839 770 1913 iuuentuti,
803 1857 899 1924 quam
923 1836 1031 1904 strrdia
1055 1837 1170 1904 critica
1195 1844 1281 1904 recte
1306 1837 1357 1901 in·

164 1948 277 2011 stituta
302 1945 329 2011 si
359 1943 438 2032 quid
471 1942 558 2009 aliud
590 1943 630 2009 ad
655 1963 762 2010 ueram
787 1943 915 2010 laudem
940 1945 1065 2030 erigere
1096 1952 1128 2010 et
1153 1941 1357 2008 inflammare

164 2051 353 2138 potuissent.
400 2050 497 2117 Nunc
521 2069 558 2116 cx
585 2049 639 2116 illo
662 2050 867 2138 sterquilinio
892 2047 1107 2137 ineptiarum,
1129 2065 1211 2136 quas
1237 2047 1356 2114 dormi·

165 2162 269 2222 tantee
300 2155 426 2222 scribae
459 2164 517 2222 aut
550 2154 784 2222 lrallucinantes
815 2165 1015 2222 correctores
1051 2154 1209 2242 plurimas
1235 2154 1353 2241 passim

162 2255 354 2342 cllorndunt,
386 2261 464 2348 quid
496 2257 584 2328 aliud
614 2261 871 2328 adolescentibus
902 2263 1030 2348 egregia
1064 2259 1170 2328 indole
1200 2258 1355 2347 praeditis

163 2385 260 2452 quum
287 2366 427 2434 taedium
452 2377 483 2434 et
509 2366 628 2435 nausea
653 2368 800 2455 parituri
826 2367 909 2448 Quid
930 2367 1035 2434 dicam
1055 2365 1180 2432 duobus
1199 2363 1355 2452 exemplis

163 2471 296 2559 planum
320 2471 447 2541 lucium.
496 2473 630 2541 Constat
655 2493 742 2540 nunc
766 2473 897 2562 quidem
923 2475 1007 2540 inter
1031 2489 1143 2540 omnes
1166 2471 1296 2538 nomina
1321 2472 1353 2536 ln

163 2578 231 2652 -scl‘c
255 2577 287 2644 in
312 2577 448 2646 dialecto
472 2578 650 2647 Herodotea
675 2579 792 2647 babere
814 2580 992 2666 genitivum
1019 2579 1051 2644 in
1076 2577 1138 2653 -έος
1156 2583 1189 2644 et
1208 2576 1354 2643 dativum

162 2685 195 2749 lu
217 2684 263 2751 ·s¹i
284 2695 473 2762 exeuntem,
508 2685 610 2773 idque·
635 2705 758 2752 summu
780 2686 896 2773 ubique
919 2685 1091 2752 constantia
1118 2683 1184 2750 nnc
1204 2683 1275 2750 olto
1298 2703 1354 2748 cc·
1439 2712 1440 2715 ¹

162 2789 308 2876 captione.
354 2791 402 2858 lla
425 2810 478 2859 res
502 2792 577 2859 olim
603 2809 715 2860 omncs
736 2792 847 2858 doctos
871 2799 912 2889 ct
928 2791 1073 2861 indoctos
1098 2787 1227 2854 lellebat
1248 2806 1352 2875 quum

160 2895 284 2963 scribas
308 2905 379 2964 tum
404 2907 622 2976 correctores,
647 2899 703 2986 qui
728 2899 847 2985 passim
873 2896 987 2963 formis
1010 2893 1198 2964 llcrodoteis
1217 2903 1273 2960 aut
1292 2893 1352 2960 llo·
1381 2937 1385 2946 -

162 3003 301 3070 merione
324 3003 546 3091 supponebant
570 3014 639 3070 eut·
654 3005 789 3071 Atticas.
837 3000 873 3070 ln
900 3002 1059 3071 Galslordl
1082 2999 1224 3069 editione
1249 3001 1353 3088 prima

162 3101 314 3176 llerorluti
338 3111 433 3177 verbo
459 3107 537 3178 baec
562 3117 655 3178 sunt:
680 3110 837 3194 Ἡροδότου
861 3115 1119 3192 ‘Atracpuncaaicc
1141 3108 1250 3190 isoplne
1274 3108 1353 3174 aist-

158 3214 238 3295 δεξις
262 3213 326 3292 ἥδε.
376 3217 479 3297 Quom
512 3215 651 3282 absurda
683 3218 727 3284 sit
759 3215 843 3304 apud
877 3216 1072 3284 llarodotum
1105 3215 1291 3282 terminatio
1318 3216 1353 3282 iu

158 3326 222 3394 -ῆος
247 3339 286 3388 ne
310 3313 521 3408 suspicantur
544 3322 687 3409 quidem.
738 3323 831 3411 Apud
857 3323 1032 3390 Homerum
1058 3321 1180 3398 Πηλεύς
1205 3318 1300 3388 babet
1317 3321 1351 3386 in

157 3428 301 3514 genitivo
322 3422 504 3517 digamma,
529 3429 615 3517 quod
641 3431 724 3498 inest
750 3431 781 3496 in
805 3430 946 3510 Πηλεύς,
974 3429 1134 3496 arbitratu
1160 3435 1271 3515 poetae
1294 3435 1352 3494 aut

158 3533 293 3621 simplex
318 3542 375 3602 aut
405 3538 618 3628 geminatum.
666 3537 777 3623 ltaque
810 3555 868 3624 pro
897 3557 933 3604 rc
958 3545 1033 3602 nata
1057 3543 1114 3602 aut
1137 3533 1280 3610 Πηλέως
1303 3543 1352 3601 cst

159 3637 309 3728 dactylus
324 3651 378 3708 eut
398 3642 513 3718 tintlz:
524 3665 554 3717 ος
571 3635 812 3710 antibacchius:
830 3642 978 3726 σχέτλιε,
997 3641 1131 3720 Πηλέος
1149 3642 1194 3708 υἱέ
1205 3641 1256 3728 (n.
1271 3635 1351 3728 205)

158 3756 191 3812 et
215 3739 287 3828 ηδε
318 3743 394 3814 clear
426 3757 562 3826 Πηλῆος
593 3747 632 3837 (Ι.
668 3748 756 3838 147).
804 3747 886 3816 Hinc
918 3757 1050 3836 apparet
1082 3767 1143 3815 cur
1173 3747 1351 3825 natatiles

156 3853 202 3920 sit
228 3853 472 3942 tetrasyllabum
498 3862 531 3921 ct
555 3854 795 3936 Πηλειειάδης,
819 3855 905 3942 quod
930 3875 1016 3921 nuno
1040 3850 1227 3932 sigiltredus
1241 3852 1353 3920 scribi·

159 3967 233 4038 tur,
265 3959 424 4046 quomodo
455 3963 498 4028 sit
534 3971 657 4028 natum.
705 3963 788 4029 lllnc
823 3961 1018 4047 intelligitur
1049 3979 1111 4028 cur
1141 3959 1180 4026 ob
1213 3960 1353 4026 rationes

159 4065 313 4132 metricas
334 4067 419 4153 apud
443 4067 617 4134 llomcrmu
642 4077 829 4135 constanter
858 4067 1011 4148 βασιλῆος
1035 4076 1074 4134 et
1106 4069 1200 4148 ἱερῆας
1223 4073 1255 4132 et
1278 4066 1352 4130 sim.

156 4171 321 4238 dicantur.
351 4171 413 4240 Sed
432 4174 517 4261 apud
537 4173 752 4254 Herodotum,
769 4169 900 4262 opinor,
915 4171 1091 4241 absurdum
1105 4183 1155 4240 cst
1175 4170 1354 4258 digamma,

157 4271 242 4364 quod
267 4280 300 4344 in
334 4279 423 4345 lunia
456 4297 589 4367 prorsus
621 4281 810 4360 interierat,
846 4281 1007 4368 geminare
1038 4279 1128 4347 velle.
1178 4278 1291 4364 ltaque
1314 4276 1354 4344 dc

158 4383 209 4450 bis
234 4403 320 4452 nuuc
344 4385 476 4472 quidem
501 4386 589 4454 nulla
613 4395 662 4454 cst
687 4387 925 4467 controversia,
949 4385 1003 4454 sod
1025 4381 1254 4452 nibilominus
1275 4401 1353 4469 quo·

158 4491 222 4560 tles
245 4491 331 4580 apud
358 4491 551 4562 llorodotum
575 4494 725 4575 amittae
749 4492 818 4582 (aut
850 4485 940 4580 sim.)
971 4493 1090 4580 legitur
1115 4490 1210 4560 toties
1234 4486 1356 4556 ridebis
