3086 4974
658 312 661 354 1

670 352 744 424 ooo

112 547 203 616 uxori
228 547 323 614 tradit
347 556 379 614 ct
405 546 630 616 Andromache
652 547 696 614 τοὶ
717 546 839 630 τεύχεα
862 550 904 632 τῷ
921 549 1044 631 ‘Emori
1069 548 1218 634 δέχεται,
1244 553 1299 620 uhi

111 655 196 735 ταροὶ
221 659 275 720 τοῦ
296 655 440 736 Ἕκτορος
465 653 639 720 ridiculum
663 663 748 720 esset
769 655 862 741 quasi
881 675 918 722 ea
941 656 1031 722 uxori
1050 655 1128 722 dccc
1148 656 1299 728 dedisset.

111 759 164 826 Sic
195 759 329 827 Themis
360 761 510 848 poculum
536 761 651 840 trudit,
684 763 792 850 offert,
818 759 901 848 quod
926 764 981 848 qui
1006 761 1150 830 chiatum
1175 766 1300 852 accepit

110 867 222 946 Θίμντο
251 865 338 932 δίκτο
370 866 479 942 idm.
515 868 574 934 Est
605 867 706 952 igitur
738 866 797 946 hoc
827 868 1042 934 necessarium
1076 868 1109 934 in
1134 870 1191 947 iis,
1217 891 1300 958 quae

111 972 261 1040 mortales
273 967 352 1046 'hiis
375 977 524 1062 offerent,
557 982 593 1040 ut
619 971 777 1040 Pindarus
801 973 886 1060 apud
911 974 1041 1040 Porsen.
1065 974 1085 1042 1.
1110 974 1131 1041 Ι.
1154 971 1212 1043 cici
1236 979 1300 1062 γὰρ

109 1079 148 1146 ἂν
171 1080 349 1165 Φτροεφίνα
372 1080 480 1146 τοννοὶν
502 1085 640 1146 ταλαοοῦ
664 1078 785 1154 τίνθεοο
809 1078 953 1158 δέξηται,
977 1088 1009 1146 et
1030 1079 1215 1170 Euripides:

425 1187 464 1254 σὺ
487 1185 519 1253 δέ
541 1209 593 1266 μον
617 1185 724 1252 θυοίαν
746 1184 861 1267 ἄτυρον
884 1185 980 1266 δέξαι.

109 1301 141 1359 et
165 1291 412 1380 Aristophanes:

331 1401 374 1468 τοὶ
397 1400 529 1483 rodere
552 1398 636 1478 δέξαι
660 1407 732 1474 ταῖς
755 1396 896 1479 paricidio
919 1399 1060 1478 εὐμενής.

108 1513 141 1571 et
168 1503 279 1572 eadem
309 1507 453 1572 omnium
486 1507 569 1572 ratic
592 1514 652 1573 est.
690 1503 841 1572 Mortales
866 1524 927 1570 non
953 1505 1068 1570 1111111111
1091 1503 1299 1595 densatique

109 1631 261 1689 munere,
289 1611 373 1699 quod
397 1621 445 1679 est
470 1611 666 1690 absurdum,
690 1610 745 1678 sed
766 1613 901 1700 offerunt
922 1630 1053 1697 preces,
1081 1621 1172 1692 cota,
1199 1615 1297 1679 sacri·

108 1717 230 1784 licium.
269 1718 379 1805 itaque
402 1719 452 1786 Dii
476 1717 677 1786 immortales
700 1718 820 1793 θυσίαν,
844 1716 929 1798 ίεροί,
960 1719 1299 1795 τονν1ρνΤο1οἈ11-

108 1833 303 1892 eenltotc
326 1825 481 1908 δέχονται.
507 1824 702 1914 Astpdamas
725 1821 810 1911 cpud
831 1823 961 1890 Porsen.
982 1823 1107 1892 inducit
1128 1825 1296 1894 Hectorem

106 1929 147 1998 ad
171 1929 329 1998 iamuium
359 1933 402 1998 ita
427 1930 587 1998 dicentem

539 2037 624 2117 δίξαν
648 2045 738 2114 κυνῆν
759 2061 830 2116 μον,
855 2036 1025 2119 catervas,

378 2145 425 2224 μοί
447 2167 499 2224 μον
522 2145 646 2228 φοβηθῇ
669 2151 758 2217 ταῖς.

107 2249 203 2316 trudit
235 2252 263 2316 ei
297 2249 443 2337 galeam,
479 2271 518 2318 ne
542 2249 658 2316 filiolus
680 2250 889 2328 extimescet,
917 2268 978 2314 nnn
1002 2249 1081 2316 dcco
1103 2251 1171 2330 dot,
1194 2259 1226 2318 et
1249 2253 1297 2318 sic

109 2357 141 2422 in
171 2357 309 2424 caeteris
339 2356 513 2424 discrimen
538 2366 587 2422 est
612 2365 676 2422 tam
702 2356 909 2444 perspicuum
937 2375 1033 2442 qnam
1059 2364 1196 2423 certum.
1234 2357 1297 2424 lta-

108 2481 172 2549 que
204 2461 378 2530 Aeschines
408 2465 585 2549 scripserat
616 2462 648 2528 111
687 2465 704 2547 §
735 2467 807 2528 111.
836 2461 914 2540 μηδὲ
936 2459 1073 2539 δέξανντο
1097 2465 1231 2532 atsere
1253 2465 1297 2530 τοὶ

108 2567 196 2652 ἱεροί,
221 2576 253 2634 et
277 2568 390 2636 iisdem
418 2568 524 2636 veihis
545 2570 578 2634 in
604 2573 621 2655 §
649 2572 723 2635 121.

154 2674 342 2742 Tenendum
364 2683 414 2742 cst
433 2683 541 2742 autem
565 2694 668 2761 genus
688 2673 747 2741 hoc
768 2672 918 2761 loquendi
937 2676 1185 2764 antiquissimae
1204 2675 1299 2744 Grae·

107 2783 199 2850 citati
222 2782 390 2870 proprium
419 2801 500 2848 esse.
525 2780 573 2847 Ad
599 2778 691 2849 Iliad.
716 2792 750 2847 Β.
778 2786 853 2848 186.

422 2885 534 2965 δέξατό
557 2889 583 2954 ci
606 2895 758 2969 αανῑττρον
785 2889 946 2971 τατροίνίον.

107 3003 157 3062 est
180 2992 361 3062 Aristarchi
384 2995 549 3060 annotatio
572 2992 667 3060 haec:
693 2997 710 3072 11
729 2995 824 3071 diceri
844 2990 890 3060 dre
910 2996 933 3060 11
941 3018 956 3077 ρ
963 2994 1220 3077 χαϊκῶτερον
1237 2994 1299 3062 ἔδέ·

107 3099 185 3178 ξατο
210 3102 317 3184 αὐτῷ
339 3100 375 3166 τὸ
398 3109 551 3183 ααῆττρον
574 3101 644 3167 duri
665 3105 718 3168 τοῦ
742 3103 830 3183 παρ’
854 3103 991 3168 αὐτοῦ.
1024 3103 1137 3189 tuque
1158 3101 1190 3166 in
1212 3102 1298 3188 poesi

108 3207 225 3293 Epicu,
255 3207 387 3295 hyrica,
420 3207 555 3293 Tragion
586 3206 739 3295 frequens
768 3226 837 3273 esse
868 3205 1008 3272 uidebis:
1040 3206 1124 3294 apud
1155 3217 1300 3276 caeteros

108 3313 212 3380 sicubi
242 3323 335 3406 vetus
365 3333 495 3380 carmen
521 3313 589 3380 sive
612 3312 749 3379 termule
774 3311 879 3379 verhis
902 3313 1045 3400 antiquis
1070 3321 1224 3401 concepta
1250 3333 1300 3380 re·

108 3423 248 3498 citetur,
273 3427 309 3486 ut
332 3418 417 3508 apud
444 3418 634 3487 Aeschinem
660 3418 692 3486 11.
717 3439 767 3486 cc.

154 3525 277 3614 Duplex
308 3525 465 3594 emhieum
498 3524 604 3593 adhuc
635 3523 796 3592 delitescit
828 3529 845 3611 ς
873 3529 950 3592 115.
985 3523 1104 3601 ταύτης
1134 3532 1192 3602 τῆς
1222 3527 1301 3608 cipis

111 3631 163 3698 καί
190 3639 250 3699 τῶν
274 3628 364 3713 θραυν
392 3631 444 3699 καί
469 3641 526 3709 τοῖς
548 3633 701 3712 μαντείας
727 3629 919 3720 [γενομένης]
944 3629 1233 3713 ἀναγεγραμμένον
1255 3629 1301 3697 ἔτι

111 3737 164 3802 καί
197 3741 267 3815 νῦν,
300 3741 326 3805 οί
357 3739 466 3820 Λοκροὶ
498 3741 523 3806 oi
548 3741 730 3821 Ἀροφνααῆς
757 3737 948 3826 [μᾶλλονδὲ
972 3735 1222 3818 οίτροττανθττρ
1246 3738 1301 3804 αὖ·

109 3840 182 3931 τῶν]
213 3842 317 3927 ἄνδρες
350 3845 605 3926 παρανομώτατον
630 3844 847 3928 ἕτενρνοίζοντο
869 3845 905 3912 τθ
928 3841 1040 3910 πεδίον.
1077 3841 1164 3908 Nihil
1191 3844 1302 3912 miuus

111 3949 285 4017 Aeschines
308 3953 430 4039 cogitat
442 3971 545 4038 ⁴quam
569 3949 849 4038 Amphissensium
863 3950 1008 4015 omnium
1022 3948 1164 4016 facinora
1178 3951 1210 4015 in
1225 3970 1301 4037 pau·
1398 3973 1403 3986 ·

9 4134 15 4142 Ι
108 4077 163 4124 cos
197 4058 359 4146 principes
385 4057 548 4135 conferre,
579 4060 634 4145 qui
660 4059 727 4144 ipse
753 4056 838 4124 [erro
861 4065 895 4124 et
919 4057 993 4142 igne
1017 4075 1129 4124 eorum
1154 4058 1300 4124 omnium

110 4163 200 4231 uittas
223 4171 255 4231 et
279 4185 376 4251 agros
399 4164 570 4232 exsciderit
597 4167 706 4250 1113.
731 4172 783 4242 et,
813 4183 852 4230 ne
876 4171 1002 4230 caetera
1029 4171 1178 4249 tangam,
1202 4181 1299 4250 quam

109 4269 285 4338 absurdum
315 4281 364 4338 est
388 4273 414 4338 ci
437 4269 636 4353 τροετνρκθτες
659 4273 759 4338 αὐτῶν
784 4267 1000 4353 ἐτενργοίζοντο
1023 4271 1058 4336 τὸ
1082 4271 1193 4338 πεδίον.

154 4376 189 4444 ln
224 4383 242 4465 §
272 4383 345 4444 116.
377 4379 529 4455 Ἀθηναῖοι
560 4378 623 4444 dard
654 4377 768 4454 Μίδαν
799 4376 853 4443 καί
887 4376 1034 4457 Θηβαίαν
1065 4371 1117 4442 dra
1148 4375 1301 4443 τοξναντία

107 4491 170 4560 τοῖς
200 4482 352 4562 Ἕλλησίν
382 4483 552 4567 ἕμοίχοντο.
587 4481 697 4551 malim
727 4479 774 4552 ὅτ’
797 4483 938 4561 ἐναντία,
961 4481 1018 4550 sed
1042 4481 1124 4550 mira
1148 4491 1197 4550 est
1222 4477 1301 4549 haec
