3178 4972
740 379 775 426 111

151 557 398 642 conceperatis.
424 553 503 637 Quis
524 555 604 621 serio
624 553 675 618 hie
694 551 879 637 respondere
899 551 1103 640 dignabitur,
1126 555 1352 640 quioptimum

153 697 314 766 quemque
344 679 532 764 scriptorem
562 673 721 744 Graecum
746 673 843 766 longo
865 679 927 742 usu
949 678 1075 743 novarit
1098 675 1138 742 sd
1159 676 1245 742 huno
1266 676 1352 742 diem

154 802 245 866 uitiis
273 803 305 864 et
333 799 492 864 erroribus
522 818 616 864 omne
645 819 747 886 genus
774 820 840 866 esse
864 796 1047 884 oppletum,
1070 817 1206 884 quorum
1227 801 1352 883 partem

155 918 298 1006 plerique
320 923 393 984 tum
414 918 547 984 demum
569 923 758 1006 agnoscunt,
783 941 884 1005 quum
907 917 1007 985 simul
1028 919 1180 1005 1111111111
1201 919 1288 983 daus
1306 923 1354 984 est
1396 963 1399 970 .

157 1050 190 1108 et
211 1047 297 1108 11111
319 1039 499 1107 emendatio
520 1045 653 1126 reperta.
688 1043 798 1128 Aequo
822 1043 929 1107 animo
950 1043 984 1106 in
1003 1039 1167 1126 Euripidis
1184 1038 1355 1121 Phoenissis

159 1161 242 1241 175,
266 1162 383 1228 eruditi
405 1181 516 1228 omnes
536 1161 703 1250 legebant:

373 1279 396 1348 ὦ
420 1281 623 1365 λιπαροζώνου
648 1280 790 1366 θύγατερ
813 1283 919 1350 Ἀλίαν
944 1283 1126 1360 ΣελανιιΙα,

156 1427 259 1492 quum
281 1407 462 1492 nuperrime
485 1404 630 1471 Badhsm
649 1407 696 1486 (in
715 1405 812 1492 praei.
833 1405 873 1471 ad
892 1404 1055 1490 Euripidis
1073 1404 1173 1490 Iphis.
1192 1403 1226 1468 ic
1248 1403 1356 1468 Tamis

158 1535 186 1592 rt
207 1527 280 1592 Hei.
303 1545 378 1614 pag.
404 1523 472 1607 17.)
495 1547 534 1590 ex
557 1524 919 1593 AnlorcEnANn'rn
939 1528 1023 1591 eruit
1043 1533 1354 1593 AATOTCCEAA·

158 1657 265 1716 ΝΑΙΛ
288 1652 321 1714 11
342 1667 455 1714 reram
475 1648 666 1732 scripturam
688 1649 832 1742 restituit
853 1648 952 1714 hanc:

381 1765 404 1834 ὦ
426 1767 629 1851 λιπαροζώνου
653 1766 797 1852 θύγατερ
823 1773 948 1842 Λατοῦς
973 1767 1145 1836 tricesis.

157 1888 405 1958 innumerabilis
427 1889 570 1956 locorum
593 1893 644 1956 vis
666 1896 825 1976 superest,
848 1891 907 1956 ubi
930 1891 1060 1977 antiquo
1083 1891 1256 1975 scripturae
1276 1890 1357 1956 uitio

159 2035 235 2081 1111
264 2032 356 2080 mens
384 2010 541 2098 impedite
567 2010 694 2091 haeret,
718 2015 775 2098 qui
795 2014 830 2077 in
853 2014 1019 2100 integrum
1040 2014 1167 2078 restitui
1189 2011 1359 2094 manifesta

160 2135 351 2202 correctione
380 2153 490 2199 omnes
519 2153 583 2198 non
604 2137 751 2218 possunt,
776 2139 810 2199 11
831 2134 914 2200 bona
934 2153 1008 2220 pars
1031 2139 1157 2211 temen,
1180 2133 1238 2198 ubi
1260 2130 1360 2198 semcl

159 2256 247 2323 lobes
266 2257 441 2341 scripturae
461 2257 555 2319 certis
574 2253 702 2320 indiciis
721 2259 883 2342 comperta
902 2257 981 2334 erit,
1000 2252 1193 2322 Oriticomm
1213 2255 1360 2320 acumine

160 2377 342 2454 sanabitur,
366 2375 582 2461 damnumque
605 2374 765 2454 lectionis,
789 2381 957 2464 postquam
980 2377 1068 2442 fraus
1085 2376 1289 2443 librariorum
1307 2395 1360 2461 pa·

160 2497 261 2574 tebit,
292 2497 443 2562 continuo
473 2497 636 2562 ssrcietur.
672 2495 710 2560 In
732 2497 813 2562 hanc
837 2518 896 2586 ego
920 2498 1044 2585 ingenii
1066 2502 1098 2563 st
1121 2497 1235 2562 iudicii
1256 2495 1360 2582 palee-

158 2625 262 2684 stram
284 2619 416 2682 iuvenes
437 2617 617 2705 ingeniosos
640 2623 672 2682 11
694 2617 810 2683 indolis
833 2620 1043 2706 generosioris
1063 2637 1176 2685 vocare
1198 2638 1261 2684 non
1281 2618 1361 2683 desi·

158 2761 254 2816 nam,
284 2743 331 2810 11,
350 2737 431 2802 dabo
461 2757 589 2822 operam
611 2743 649 2802 11
672 2757 781 2804 omnes
803 2738 989 2826 intelligant
1011 2739 1241 2825 interpretandi
1263 2738 1361 2805 iscul-

158 2867 261 2927 tstcm
284 2865 318 2924 et
339 2879 436 2922 usum
458 2859 526 2924 sine
547 2859 608 2924 hac
631 2859 820 2925 emendandi
839 2859 981 2926 sollertis
996 2858 1136 2924 debilem
1153 2864 1186 2924 et
1204 2879 1355 2924 meracum

161 3003 245 3058 esse,
277 2985 311 3046 11
339 2981 461 3066 passim
487 2999 590 3067 nugas
612 3000 705 3068 agere
728 2973 953 3068 interpretem,
976 2982 1039 3046 nisi
1062 2982 1356 3066 interpretationem

161 3101 331 3169 emendata
358 3098 454 3192 lectio
478 3100 653 3186 praecedat.
689 3099 1003 3188 Nondumpoenitet
1024 3119 1153 3188 operae:
1179 3107 1226 3167 est
1248 3105 1280 3166 in
1303 3121 1357 3187 po

161 3225 329 3312 puleribus
350 3223 467 3288 nostris
490 3225 621 3310 egregie
642 3222 683 3289 ad
707 3218 862 3289 0111111111
884 3229 986 3290 artem
1009 3223 1149 3303 indoles,

436 3342 519 3409 οὔπα
543 3350 619 3426 σφιν
642 3344 779 3426 ἐξίτηλον
802 3339 1078 3425 clusiensium,

162 3463 215 3532 vel
237 3468 347 3552 potius
366 3469 427 3530 τῶν
449 3463 610 3554 δαιμονίων
632 3465 761 3549 deipsis,
785 3468 840 3552 qui
863 3465 943 3532 olim
965 3469 1000 3532 in
1022 3467 1082 3534 hoc
1104 3487 1217 3556 genere
1240 3467 1359 3534 studio-

162 3607 238 3652 rum
266 3561 487 3672 principatum
515 3592 703 3666 tenuerunt;
735 3589 819 3654 inest
849 3587 1005 3654 indefessa
1033 3588 1192 3655 industria
1214 3596 1246 3655 et
1268 3609 1361 3658 verae

161 3706 270 3774 lendis
300 3727 390 3773 amor
419 3707 506 3772 lenta
523 3710 690 3794 patientia
720 3711 844 3795 optima
873 3715 905 3775 11
934 3709 1166 3796 perfectissima
1194 3730 1360 3796 quaerens,

162 3827 212 3894 nil
242 3833 352 3894 sctum
382 3834 533 3914 reputans
562 3829 641 3895 dum
668 3831 746 3917 quid
768 3832 905 3916 supersit
927 3831 1105 3919 agendum,
1128 3853 1191 3898 non
1212 3830 1360 3918 plausum

161 3947 388 4015 multitudinis
422 3956 551 4036 captans
584 3951 639 4018 sed
671 3951 929 4036 prudentissimis
961 3952 1089 4038 probari
1119 3955 1196 4018 satis
1225 3952 1361 4032 hebens,

161 4071 284 4156 quibus
309 4056 462 4137 duratura
490 4071 618 4158 placent
646 4074 690 4138 rol
720 4072 946 4154 ἐξειργασμένα
977 4073 1030 4140 sal
1054 4073 1290 4158 διηκριβωμένα.
1327 4073 1371 4141 Si-

163 4178 240 4278 quis
268 4193 383 4279 igitur*
401 4187 517 4257 horum
548 4197 713 4282 egregiam
742 4193 883 4262 indolem
913 4217 989 4262 cum
1019 4194 1163 4262 doctrina
1187 4195 1364 4283 multiplici

164 4294 331 4397 solidusque
352 4313 490 4382 feliciter
512 4317 727 4396 coniunxerit,
751 4305 865 4404 spretis
886 4294 1092 4384 'indoctorum
1113 4297 1364 4404 obstrepentium

164 4429 293 4501 voculis
322 4441 354 4500 at
384 4440 493 4502 tenens
514 4436 598 4503 illud
620 4437 860 4506 Theocritoum:
886 4439 987 4522 αὐτὰρ
1010 4440 1072 4519 ἐγὼ
1095 4439 1260 4520 βασεῦααι
1284 4440 1364 4517 ἐμὰν
