3086 4974
832 365 902 434 500

316 559 350 626 lu
386 566 402 645 §
431 563 502 626 196.
537 561 562 624 εῖ
592 559 657 640 γοίρ
687 586 735 637 τις
768 561 798 625 ἐν
829 557 1021 642 ῖημοκρατίρι
1052 555 1254 637 τετιμημένος
1276 558 1305 622 ἐν
1323 553 1421 632 τοιαύτη

270 667 431 748 πολιτείρι,
464 665 498 740 ι’ρν
534 665 572 752 [οῖ
606 666 662 731 θεοῖ
695 667 763 752 καί]
793 647 821 732 'ot
846 665 929 745 νόμον
953 662 1094 745 σώζουσι,
1123 671 1228 748 τολμᾷ
1250 661 1357 742 βοηίεῖν
1375 664 1423 728 τοῖς

268 771 311 836 τοὶ
330 769 497 851 παροίνομοι
521 771 677 854 γράφοντι
702 771 856 838 καταλύει
878 775 933 848 τῖρν
955 771 1114 836 πολιτείαν
1139 771 1193 852 ὑφ’
1217 768 1251 847 ἧς
1276 768 1423 844 τετίμηται.

269 875 354 942 ΝῖΙιῖΙ
388 876 440 942 hie
467 877 599 943 loei‘est
625 877 695 944 Diis
720 877 975 957 immortalibus,
1005 878 1061 962 qui
1086 896 1212 942 ounnenu
1239 874 1370 943 Oretanis
1388 889 1426 936 ar·

269 983 543 1066 gurnentationem
578 993 768 1071 pervertunt
795 985 834 1050 de
857 983 932 1049 solis
956 984 1078 1070 lenibus
1101 982 1283 1068 cogitantis.
1318 978 1428 1065 Saepius

268 1084 326 1152 hoo
351 1087 525 1156 Aeschines
549 1091 689 1156 inculcat
713 1090 832 1157 liberae
855 1089 998 1156 civitatis
1022 1088 1159 1155 salutem
1183 1089 1217 1152 ιἰο
1242 1087 1357 1175 ίοριῖινι
1374 1102 1430 1150 esse

269 1194 425 1279 positam,
458 1203 494 1261 ut
527 1198 557 1262 in
591 1195 774 1264 Τιίοιοιοίοο
807 1201 824 1282 §
852 1201 906 1264 29.
942 1198 974 1261 in
1006 1195 1217 1282 θιοιῖριίονίοο
1241 1197 1258 1280 §
1284 1198 1314 1260 6.
1336 1189 1429 1257 iisdem

272 1299 336 1364 iore
372 1300 486 1368 uerbis.
523 1301 612 1368 taem
649 1323 735 1369 nuno
770 1322 896 1391 quoque
928 1301 1073 1378 dixerat,
1111 1320 1211 1388 quum
1246 1295 1432 1382 nescioquis

270 1407 454 1492 importune
481 1409 554 1494 ριίιι
583 1418 612 1474 et
641 1409 771 1475 deorum
806 1408 906 1475 ouuitor
944 1409 1082 1474 Deorum
1108 1426 1235 1494 quoque
1259 1406 1431 1472 mentionem

269 1515 484 1580 necessariam
508 1535 578 1581 esse
604 1515 753 1601 opinatus
777 1524 836 1582 est.

313 1621 394 1701 Quia
424 1622 525 1706 igitur
556 1625 611 1698 τίρν
634 1621 841 1704 δημοκρατίαν
866 1623 898 1687 οῖ
926 1617 966 1686 νί
973 1643 1039 1700 μοι
1063 1617 1188 1698 τιίζουοι
1214 1617 1289 1708 (non
1314 1617 1328 1683 ί
1351 1613 1433 1701 uiuat)

268 1747 387 1812 repone
410 1728 442 1792 in
469 1729 577 1812 §198.
603 1727 731 1806 νόμους
757 1731 842 1796 αίτεῖ
863 1748 920 1815 pro
944 1725 1044 1806 νόμον.
1082 1725 1179 1792 Recio
1205 1725 1235 1791 in
1262 1729 1282 1812 §
1307 1725 1379 1790 202.
1396 1721 1434 1787 ε’τῖ

267 1835 360 1906 τοὺς
386 1831 528 1912 νίμονς
552 1843 672 1908 καλεῖς.

311 1939 402 2004 Nuiia
427 1949 476 2004 est
499 1937 658 2005 dubitatio
682 1939 760 2027 quiuu
786 1939 896 2025 §1202
922 1939 975 2005 ἒοῖν
998 1938 1084 2004 δὲ-
1099 1947 1269 2022 παρακαλῇ
1295 1933 1435 2016 Annunti-

264 2070 315 2121 νην
338 2043 464 2123 μοίλιτα
486 2045 543 2124 μὲν
565 2048 610 2124 niu
634 2045 837 2128 προσδέχεσθε
865 2045 1048 2134 [κακοῦργον
1068 2042 1237 2124 οῖνίροιτον,
1261 2065 1322 2132 pro
1345 2043 1391 2110 his
1409 2042 1433 2106 in

264 2171 292 2217 e.
320 2149 349 2216 h.
375 2151 407 2216 k.
435 2150 456 2218 Ι.
482 2160 531 2217 est
554 2154 703 2236 οοφιςιίν,
729 2152 860 2231 οῖίμενον
882 2155 998 2234 ρἰίμοιοι
1021 2149 1092 2223 τοὺς
1116 2149 1223 2229 νίριοοο
1246 2149 1432 2233 οῖναιριίτειν].

265 2257 361 2324 uerba
400 2276 483 2345 quae
512 2257 642 2323 noninis
673 2258 867 2324 inetusimus
900 2256 981 2324 maie
1013 2256 1150 2344 repetita
1181 2257 1246 2322 sint
1277 2277 1308 2325 e.
1344 2261 1361 2342 ς
1395 2257 1435 2320 te.

264 2364 406 2447 ὑμέτερον
431 2363 517 2445 ἔργον
530 2401 572 2417 -
585 2365 780 2444 ὑποβάλλειν
806 2367 910 2439 αὐτοῖς
939 2359 984 2430 ι’ίτι
1005 2365 1039 2429 οῦ
1059 2359 1265 2444 προοδίχεοίε
1284 2368 1436 2446 κακοῦργον

264 2473 395 2554 τοφιςίρν
416 2470 548 2550 οῖίμενον
570 2473 685 2553 ριίμαοι
707 2471 778 2544 τοὺς
803 2470 910 2550 νίμονς
931 2464 1116 2552 οῖναιριίοειν.

309 2577 344 2643 ln
379 2579 396 2661 §
424 2579 499 2642 203.
533 2573 654 2660 ἄφθονοι
684 2577 780 2652 δίπον
806 2576 873 2665 [καί
897 2577 1018 2663 πολλοὶ]
1044 2575 1141 2658 ἔχειν,
1166 2575 1326 2643 emblema
1349 2571 1438 2641 mani-

264 2681 380 2750 iestunr
415 2683 442 2746 si
475 2683 548 2768 quis
579 2681 638 2748 hoc
670 2682 757 2769 agit,
792 2703 931 2770 nanrque
961 2681 1083 2766 ἄφθονοι
1112 2681 1277 2770 aliquanto
1308 2681 1381 2770 pius
1401 2670 1438 2744 est

263 2809 359 2876 quam
384 2788 502 2855 πολλοί.
550 2771 659 2876 Neque
683 2791 792 2855 minus
815 2797 962 2876 apertum
988 2790 1020 2854 in
1049 2791 1066 2873 §
1094 2792 1169 2856 aot.
1193 2789 1289 2870 μικροὶ
1309 2789 1367 2868 μὲν
1385 2783 1439 2864 περὶ

261 2902 319 2962 τῦν
342 2896 421 2962 ῖδίιον
444 2892 548 2974 είπον,
575 2896 618 2961 τῖι
647 2896 677 2962 δὲ
702 2905 819 2966 πλεῖςα
842 2897 907 2978 περὶ
932 2901 991 2961 τοῖν
1015 2895 1164 2974 δημοσίων
1188 2895 1317 2986 [eim.
1355 2895 1440 2960 Miror

263 3000 474 3070 Weidnerunr
508 3009 678 3068 eunuuotae
708 3003 796 3068 naris
822 3001 983 3068 hominem
1009 3001 1134 3088 opinari
1156 3021 1304 3088 praeseus
1332 3009 1442 3085 tempus

261 3108 346 3188 λέγω
377 3108 515 3173 matrinae
543 3109 807 3175 accommodatum
838 3129 903 3174 ease
929 3107 990 3196 (uei
1016 3107 1141 3194 potius,
1174 3115 1210 3172 ut
1234 3125 1323 3173 nune
1346 3107 1440 3191 inepte

263 3213 405 3280 seribere
443 3214 608 3282 saeculum
649 3224 718 3294 est,
759 3212 1038 3302 noenumoriotum),
1073 3213 1156 3300 quod
1187 3221 1290 3278 orator
1325 3213 1360 3278 in
1393 3209 1442 3274 Ιιοο

259 3329 349 3407 porte
371 3322 575 3386 accusationis
598 3321 729 3387 niodum
752 3320 895 3386 absoluto
913 3317 1148 3406 quodammodo
1168 3319 1261 3386 etium
1282 3339 1367 3385 nune
1386 3335 1441 3380 uor-

261 3427 328 3491 νοοῖ
348 3424 480 3491 videtur.
516 3426 610 3513 lpse,
634 3425 753 3506 oredo,
778 3445 841 3491 non
865 3427 935 3492 sine
960 3426 1028 3490 risu
1052 3424 1130 3491 haee
1155 3423 1294 3510 reteget,
1319 3432 1353 3491 et
1374 3417 1442 3489 iilud

261 3531 487 3620 quodammodo
511 3532 626 3600 uuelius
650 3533 811 3620 relinquet
836 3531 893 3610 iis,
918 3531 973 3618 qui
999 3529 1094 3597 uerbo
1119 3537 1272 3617 corrupta
1295 3538 1330 3597 et
1354 3543 1442 3598 sensu

261 3659 361 3705 vaona
385 3638 610 3726 quodammodo
632 3637 839 3725 interpretari
864 3646 1028 3724 satagunt.

306 3745 343 3811 In
370 3748 388 3829 §
417 3749 480 3812 205
506 3745 629 3813 scribe:
654 3747 686 3811 οῦ
710 3747 774 3827 γὰρ
797 3744 932 3818 εῖοοιῦίίς
955 3767 1032 3809 ποτε
1055 3742 1206 3822 βούλεται
1229 3741 1302 3823 πρὸς
1325 3743 1363 3810 τὸ
1388 3763 1445 3808 πα·

260 3852 388 3936 ροίνομον
410 3852 634 3931 exoniensem
658 3852 747 3918 ιῖλλοῖ
761 3851 858 3925 -είο
883 3850 976 3926 λιίίην
1000 3851 1082 3928 ῦμοῖς
1108 3849 1288 3937 [βούλεται]
1314 3856 1374 3924 τοῖς
1396 3870 1443 3913 κν·

259 3957 406 4037 europae
430 3958 596 4036 ἐμβαλεῖν.
636 3958 716 4040 Quis
738 3958 770 4023 in
796 3957 853 4022 tali
878 3954 1050 4022 uerborum
1075 3955 1304 4042 compositione
1328 3955 1364 4021 οῦ
1389 3949 1445 4032 yria

259 4061 405 4130 -ιῖλλοί
427 4063 511 4130 idom
536 4064 663 4130 uerbum
686 4083 841 4152 uniquam
868 4061 1018 4149 repetiit?

306 4170 342 4236 In
367 4172 385 4255 §
411 4173 486 4237 208.
510 4173 552 4252 τῷ
578 4169 731 4244 πολλοίκις
754 4170 811 4248 μὲν
835 4169 1036 4248 ἐπιορκοῦντι,
1061 4165 1109 4233 οίεί
1134 4166 1164 4232 δὲ
1189 4165 1273 4260 [πρὸς
1296 4165 1369 4240 τοὺς
1395 4166 1445 4230 αὖ·

258 4273 343 4363 τοῦς]
379 4277 445 4354 μεθ’
478 4270 568 4357 ίρκιον
599 4273 732 4352 οῖξιοῦντι
766 4273 944 4346 πιςειίεοίαι
977 4273 1055 4340 δνοῖν
1088 4272 1210 4354 θοίτερον
1240 4270 1377 4354 ὑποῖρξαι
1405 4269 1446 4333 δεῖ

260 4379 313 4468 [ὧν
338 4379 487 4460 arrersao
510 4383 555 4448 ἔτι
577 4381 760 4459 Δημοοίὲνει
782 4381 934 4470 ῦτοίρχον]
960 4381 978 4459 ἢ
1003 4380 1072 4453 τοὺς
1094 4379 1175 4453 θεοὺς
1197 4378 1315 4452 καινοὺς
1337 4378 1357 4447 ἢ
1379 4375 1444 4442 τοῖς

259 4483 415 4564 autumat
442 4484 486 4560 aa
510 4486 579 4558 τοὺς
602 4485 724 4558 αὐτούς.
760 4486 870 4572 Ecqua
897 4484 986 4552 iratus
1006 4493 1111 4573 potest
1133 4506 1204 4553 esse
1225 4479 1440 4551 manifestior?
