3136 4966
695 376 765 448 625

144 590 180 636 ea
212 589 295 658 quae
327 572 411 640 iacta
444 577 521 637 sunt
552 568 642 636 uobis
676 569 709 635 in
747 569 935 636 memoriam
962 587 1131 648 revocare,
1164 567 1337 637 admonere

143 695 201 742 vos
224 696 335 744 earum
362 696 495 756 rerum,
522 696 603 763 quas
623 667 683 763 ipsi
710 674 807 762 probe
831 675 944 755 scitis,
969 684 1105 741 oestrum
1127 685 1178 742 est
1196 674 1334 762 -quid

143 782 257 870 putes?
274 785 400 863 -ὲμοὶ
412 786 457 865 μη
469 785 602 852 excesu.
628 781 776 849 Sentisne
791 801 887 869 quam
901 783 944 848 sit
957 779 1016 847 hoc
1029 780 1227 848 absurdum?
1246 781 1335 863 Quae

143 889 205 975 ipsi
238 889 359 975 optime
386 889 478 955 scitis
501 896 533 952 et
559 886 656 975 probe
681 886 875 954 meministis
899 907 934 953 ea
961 887 1039 953 mihi
1065 889 1210 953 narranti
1235 887 1335 954 notite

144 1013 206 1060 non
231 993 373 1062 credere.
406 995 515 1082 Apage
540 993 688 1080 ineptias.
717 992 786 1073 Quae
810 999 902 1081 pacto
926 989 999 1060 iiiae
1021 991 1229 1060 difficultates
1249 1013 1334 1060 com·

90 1112 98 1126 “
144 1099 237 1167 mode
261 1101 418 1168 removeri
443 1099 567 1188 possint
592 1099 672 1165 mihi
696 1098 825 1187 quidem
853 1119 913 1166 non
935 1100 1071 1186 contigit
1092 1100 1252 1187 reperire,
1275 1114 1334 1165 λα·

142 1203 227 1288 βίτοι
252 1207 284 1273 δὲ
306 1207 358 1274 καί
382 1205 490 1280 ἄλλος.
927 1260 928 1264 ,

189 1311 347 1394 Quoniam
373 1311 626 1399 praepositiones
649 1313 719 1395 περί
737 1321 769 1380 et
792 1310 865 1394 ὑπέρ
885 1320 915 1379 et
937 1311 1022 1399 apud
1043 1310 1183 1399 reliquus
1203 1319 1235 1378 et
1248 1311 1333 1399 apud

143 1418 334 1487 Aeschinem
360 1419 547 1506 saepissime
570 1417 833 1497 confunduntur,
865 1437 958 1484 nemo
982 1417 1109 1485 dubitet
1133 1418 1214 1501 §89
1238 1437 1333 1505 repo-³

143 1545 221 1592 nere
252 1528 312 1608 οὐχ
344 1524 417 1608 ὑπὲρ
446 1527 542 1592 αὑτοῦ
574 1523 664 1603 μόνον
694 1523 926 1592 ε’σπονδακὲνοιι
944 1525 1033 1591 οίλλοδ
1064 1525 1116 1591 καὶ
1149 1524 1221 1607 ὑπὲρ
1256 1525 1332 1614 (uun

142 1631 225 1722 περὶ)
246 1637 305 1698 τῶν
325 1629 431 1724 σίλλων
451 1637 508 1698 τῶν
527 1631 633 1697 ταῦτοδ
646 1629 924 1713 διαπεπραγμένων
938 1631 1064 1718 [circii
1089 1627 1332 1718 Supervacuum

142 1757 318 1827 pronomen
342 1737 446 1804 alienu
471 1738 538 1804 ioco
563 1739 701 1825 positum
727 1757 886 1843 enpunge.

189 1844 226 1911 lu
247 1848 266 1930 §
286 1849 329 1910 29
350 1845 485 1918 πολλοὺς
504 1845 567 1929 γίιρ
587 1844 642 1922 ἤδη
663 1843 767 1925 ἔγωγε
787 1842 923 1928 ἔναγχος
942 1843 1168 1926 τείείορηκα-
1181 1842 1332 1917 οίλύντοις·

143 1951 197 2028 ἤδη
230 1950 261 2016 δέ
294 1975 380 2025 τινας
400 1947 549 2042 *[οίδα]
579 1952 775 2028 νικήσαντας.
814 1950 1027 2018 Scribendum
1052 1952 1186 2026 πολλοὺς
1210 1951 1273 2033 γὰρ
1296 1951 1332 2028 διί

142 2058 219 2146 (non
233 2055 301 2144 ἤδη)
323 2065 354 2122 et
376 2055 489 2124 inutile
508 2056 649 2123 iuniorum
666 2054 735 2125 οίδα
756 2055 853 2124 scioio
870 2057 926 2143 qni
939 2060 1108 2146 supposuit
1121 2055 1332 2124 reddendum.

187 2163 225 2229 lu
251 2164 269 2247 §
293 2166 336 2228 94
361 2163 481 2255 etym
505 2163 540 2240 en
566 2163 649 2230 δοκεῖ
673 2159 750 2229 εἶναι
773 2165 858 2246 αύτῷ
882 2163 1008 2231 δννατδν
1030 2164 1083 2230 τὸν
1106 2164 1201 2231 αύτδν
1224 2161 1334 2246 rivipu-

143 2291 200 2334 πον
223 2269 441 2349 πεπορνεῦσθαι
466 2267 520 2334 καί
542 2268 585 2334 τοὶ
610 2270 741 2351 πατρῷα
762 2267 1007 2345 κατεδηδοκέναι.
1038 2267 1105 2334 Non
1127 2289 1165 2336 ex
1185 2289 1242 2336 sua
1264 2291 1334 2358 per·

143 2392 221 2440 suna
243 2372 419 2440 haecdicit
440 2372 632 2452 Aeschines,
659 2373 712 2439 sed
734 2393 772 2441 es
793 2373 981 2440 adversarii.
1006 2371 1094 2441 udde
1115 2375 1215 2461 igitur
1234 2394 1332 2443 unam

142 2478 305 2547 iiteruiam
337 2488 371 2546 et
398 2479 503 2545 scribe
526 2482 621 2546 δοκεῖν
648 2499 704 2566 pro
726 2480 827 2560 δοκεῖ,
852 2499 916 2568 quo
939 2479 1024 2546 iacto
1046 2482 1187 2568 expungi
1216 2483 1335 2570 poterit

141 2585 224 2670 φησί
258 2585 291 2650 in
321 2605 391 2672 sqq.
422 2585 457 2651 τί
487 2587 545 2666 μὲν
576 2587 639 2668 γὰρ
671 2587 879 2669 ἡμαρτηκέναι
908 2612 938 2654 τι
962 2585 1203 2668 suspiciosius
1224 2589 1331 2665 παιδίς

142 2689 219 2759 εἶναι
245 2692 374 2780 [φησί],
398 2691 434 2757 τδ
458 2692 490 2757 δὲ
512 2692 556 2757 σίν
579 2696 709 2775 πατρῷα
733 2691 967 2768 κατεδηδοκέναι
990 2691 1105 2774 οίνδρίς.

188 2791 232 2864 ln
260 2801 277 2882 §
304 2802 358 2864 96.
390 2800 423 2864 ού
454 2797 543 2877 μύκον
571 2799 741 2882 κατέφαγε
763 2799 807 2865 τοὶ
830 2802 960 2882 πατρῷα
982 2801 1059 2866 aaa·
1082 2801 1108 2866 εί
1132 2796 1191 2868 οίίν
1213 2806 1243 2867 τ’
1268 2801 1332 2872 isin

143 2906 239 2970 riurein
262 2903 314 2970 καί
345 2903 509 2970 κατέπιεν.
540 2906 593 2971 καί
617 2905 680 2986 γὰρ
704 2905 771 2971 οὐδὲ
795 2914 850 2981 τῆς
875 2901 969 2982 ἀξίας
992 2902 1101 2977 ἕκαςον
1124 2907 1184 2972 τῶν
1204 2907 1331 2988 κτηριοί·

142 3033 201 3076 των
230 3008 362 3076 ύπίδοτο
397 3009 472 3098 [οὐδ’
495 3009 615 3076 ἐδύνατ’
636 3011 798 3090 οίναροένειν
821 3013 857 3077 τὸ
884 3010 977 3079 πλέον
999 3013 1052 3078 καί
1076 3012 1111 3078 τὸ
1135 3017 1330 3103 λυσιτελοῦν]

141 3115 232 3183 οδλλδι
264 3121 316 3182 τοῦ
349 3116 404 3193 ἤδη
431 3117 617 3197 εὑρίσκοντος
650 3115 846 3205 [assisteret
891 3117 932 3185 Et
956 3117 1037 3185 maie
1061 3122 1273 3206 compositum
1299 3129 1331 3188 et

142 3221 320 3306 κακόφωνοι
343 3230 390 3288 est
412 3219 795 3302 οὶπὲδοτο-οίπεδίδοσο,
825 3231 858 3290 et
882 3225 908 3289 si
934 3226 1007 3312 quis
1029 3223 1160 3312 praedia
1184 3225 1332 3296 obiecisse

141 3327 284 3404 dicitur,
309 3328 415 3414 inepte
436 3327 588 3408 additur,
612 3347 673 3394 non
698 3337 900 3416 exspectasse
923 3351 996 3396 eum
1023 3329 1099 3397 dum
1125 3332 1238 3398 melius
1258 3355 1330 3400 oen-

141 3433 246 3512 deret,
274 3453 376 3521 neque
400 3433 431 3499 id
457 3435 563 3521 ipsum
591 3435 712 3501 Graece
734 3435 799 3500 diei
824 3443 950 3521 potest,
974 3439 1010 3504 τὸ
1034 3437 1127 3503 πλέον
1149 3443 1201 3504 καὶ
1224 3441 1258 3506 τὸ
1278 3431 1332 3506 λ’ν-

142 3545 282 3607 σντελοῦν
315 3539 489 3620 ἀναμένειν.
537 3539 654 3607 Deletis
687 3538 919 3608 additamentis
949 3543 1070 3630 optime
1104 3544 1151 3609 sic
1188 3545 1332 3632 procedit

141 3646 262 3712 oratio:
295 3646 347 3712 καί
379 3647 442 3728 γοδρ
473 3646 539 3712 οὐδὲ
568 3653 624 3722 τῆς
656 3643 750 3724 οίξίας
775 3644 887 3716 ἕκατον
909 3653 967 3713 τῶν
990 3647 1157 3728 κτημοίτονν
1180 3649 1331 3731 οίπέδοτο,

140 3751 231 3817 οίλλοδ
262 3756 316 3817 τοῦ
339 3751 395 3829 ἤδη
420 3751 621 3834 εὑρίσκοντος.
650 3749 743 3825 οὕτως
768 3753 915 3832 ἠπείγετο
940 3755 1060 3838 σφίδρα
1082 3755 1154 3836 πρὸς
1177 3756 1237 3832 τοὶς
1261 3759 1331 3836 ἠδο-

141 3857 208 3932 νοίς.
244 3854 355 3924 Obiter
388 3858 418 3922 in
455 3859 472 3942 §
500 3863 542 3924 97
576 3859 712 3925 restitue
743 3858 848 3925 ούσίαν
880 3861 943 3941 ἀφ’
976 3857 1008 3936 ἧς
1040 3857 1139 3942 ἕτερος
1162 3863 1235 3940 μὲν
1257 3865 1332 3933 κᾶν

142 3961 328 4044 ἐλειτούργει
353 3983 442 4028 mure
465 3965 571 4030 turico
594 3981 654 4050 pro
676 3963 733 4042 μὲν
757 3963 795 4030 διν
818 3965 883 4030 καί.

187 4069 223 4136 in
257 4072 273 4154 ξ
301 4073 343 4134 97
375 4067 473 4150 τούτῳ
506 4070 569 4150 γοδρ
593 4069 762 4136 κατέλιπεν
786 4069 800 4134 i
825 4072 927 4152 πατὴρ
952 4071 1049 4139 οίκίαν
1071 4073 1128 4153 μὲν
1153 4073 1230 4162 (γὰρ
1252 4075 1329 4167 det.)
1393 4081 1397 4088 ’

140 4175 263 4242 ύτισίεν
289 4183 345 4252 τῆς
374 4173 492 4248 πόλεως
516 4173 609 4263 (poue
631 4175 767 4265 urcem),
800 4177 956 4257 ίσχοιτιοδν
978 4177 1010 4244 δὲ
1035 4185 1195 4262 Σφηττοῖ,
1220 4183 1332 4251 -ἔτι

142 4281 174 4348 δὲ
197 4279 271 4361 πρὸς
294 4279 411 4354 τούτοις
438 4289 575 4360 γυναῖκα
599 4281 755 4364 σίμίργινα
778 4282 966 4362 ἐπιταμένην
989 4285 1171 4367 ε’ργοίζεσίαι
1196 4289 1265 4374 [καί
1285 4291 1332 4373 ἕρ-

143 4411 190 4468 γα
214 4387 336 4474 λεπτοί]
361 4388 403 4463 είς
426 4387 483 4462 την
504 4387 623 4469 ύγοροδν
647 4387 877 4478 [testatorem.
914 4385 1030 4456 Orator
1049 4389 1189 4462 οίττικιτί
1206 4392 1332 4462 dixerat

143 4501 281 4573 γυναῖκα
314 4493 471 4575 οίριύργινα
499 4492 688 4573 ἐπιςοιμένην
718 4493 903 4578 ἕργοίζεσίαι
936 4497 979 4571 είς
1011 4497 1067 4574 την
1089 4496 1234 4584 οίγοροίν..
1252 4498 1332 4567 Exu-

1156 4609 1189 4653 to
