3208 4972
823 315 893 390 174

266 510 442 580 teterrimis
474 510 610 578 maculis
643 509 768 578 foedata
800 518 864 588 est,
898 510 1083 579 Franerscun
1114 533 1168 578 orn
1199 512 1315 595 doura,
1342 515 1459 586 llidlio·

265 618 376 687 thecae
399 617 632 685 Latrrentianac
663 615 868 695 Praefectus,
896 618 1003 706 (quern
1029 617 1243 686 venerabilem
1268 641 1376 688 senem
1400 644 1458 690 su·

265 726 429 813 perstitam
463 733 495 790 et
522 723 634 791 codem
658 741 792 790 munere
815 721 1003 810 fungentem
1030 724 1110 791 milri
1134 724 1243 793 ridere
1267 731 1402 816 contigit
1425 740 1458 798 et

263 833 334 899 eius
358 831 593 897 humanitatem
615 829 788 918 experiri),
808 830 1006 917 scripturam
1027 834 1212 918 recognovit
1232 842 1265 900 et
1287 833 1459 904 rennuitae

263 935 417 1004 lectiones
439 936 659 1024 discrepantes
683 935 723 1002 ab
748 936 805 1014 lis,
830 955 910 1022 quas
933 934 1117 1006 Counrrams
1137 938 1298 1016 dedisset,
1324 941 1461 1028 protulit

262 1051 295 1110 et
326 1063 384 1130 per
416 1044 557 1109 amicum
593 1041 700 1111 Graan
731 1041 842 1108 edidit.
889 1041 1071 1111 &narratus
1106 1055 1218 1114 contra
1250 1047 1283 1111 iu
1314 1045 1461 1136 Epistola

265 1149 436 1236 lincpclico
459 1151 536 1214 istas
558 1147 711 1215 lectiones
732 1146 827 1213 lalsas
848 1158 880 1214 et
897 1151 1141 1217 commenticias
1161 1171 1229 1218 esse
1242 1152 1459 1233 criminatur,

262 1255 302 1322 de
332 1275 420 1320 more
450 1253 651 1320 adversarius
682 1262 778 1320 acuto
803 1271 880 1319 naso
904 1255 1113 1342 suspendens.
1161 1257 1219 1322 Est
1250 1276 1286 1322 ea
1310 1256 1456 1344 Epistola

263 1360 294 1428 in
319 1361 465 1426 omnium
486 1357 718 1448 philologorurn
743 1359 912 1438 manibus,
936 1369 968 1427 et
989 1363 1064 1448 quia
1086 1379 1180 1428 nemo
1200 1361 1365 1448 respondit
1383 1365 1456 1430 elus

264 1465 324 1533 lide
347 1475 465 1533 statur.
489 1463 596 1546 Quum
620 1467 690 1554 ipse
713 1463 860 1535 (lodicem
886 1475 1070 1534 excuterem
1097 1469 1186 1534 novis
1210 1467 1457 1538 difficultatibus

263 1573 358 1642 lectio
389 1581 459 1640 erat
492 1571 657 1660 impedita.
705 1571 824 1659 Nenrpe
855 1573 962 1639 conati
994 1582 1070 1640 sunt
1103 1593 1160 1661 ope
1184 1571 1352 1664 clrpmicae
1375 1576 1457 1642 artis

263 1679 407 1746 maculas
431 1678 541 1745 tollere
565 1678 621 1745 sed
646 1677 779 1745 lrustra.
827 1677 970 1745 dieculae
994 1678 1132 1747 colorem
1159 1689 1346 1760 mutarunt,
1371 1699 1389 1750 e
1410 1683 1457 1748 nl·

262 1787 331 1872 gris
354 1784 543 1852 sarliuscurn
572 1784 710 1852 colorem
736 1794 948 1872 acceperuut:
972 1805 1056 1873 quae
1081 1805 1154 1872 pars
1176 1789 1359 1875 scripturae
1381 1805 1454 1854 era·

262 1901 350 1960 serat
374 1889 552 1958 madefacta
575 1901 607 1958 et
633 1892 765 1958 uenenis
788 1889 884 1957 oblita
909 1899 998 1958 tanto
1020 1911 1116 1978 opere
1139 1891 1294 1979 expalluit
1318 1902 1355 1960 ut
1379 1911 1454 1960 non·

263 2001 325 2066 nisi
350 1999 570 2066 intensissima
595 1996 762 2065 oculorum
787 1998 857 2064 acie
883 1996 1059 2085 quidquam
1079 1999 1234 2065 extricari
1253 2000 1367 2091 possit.
1394 1999 1455 2067 lliu

262 2115 295 2174 et
330 2105 469 2172 multum
507 2106 615 2172 omnia
648 2105 787 2171 rimatus
817 2104 880 2190 legi
912 2102 1068 2192 quidquid
1104 2123 1166 2170 uon
1202 2112 1251 2171 est
1275 2115 1457 2173 atramento

264 2232 396 2302 prorsus
428 2211 635 2278 obscuratum
662 2220 693 2278 et
718 2210 823 2277 dicam
849 2209 888 2276 de
912 2208 1060 2296 singulis.
1108 2210 1144 2276 ln
1170 2230 1214 2277 us.
1240 2215 1260 2276 6
1285 2213 1317 2279 in
1340 2209 1455 2281 Codice

262 2328 312 2387 est
342 2320 395 2385 ael
421 2319 463 2384 rol
488 2324 568 2386 νῶτοι
592 2317 635 2387 δέ.
664 2317 794 2384 acuitur
817 2315 850 2382 ll
874 2316 905 2381 iu
932 2323 1075 2382 extremo
1100 2335 1194 2382 rursu
1220 2317 1395 2404 scriptum:
1419 2318 1453 2385 in

263 2426 409 2514 sequenti
455 2445 548 2492 versu
591 2423 732 2493 Guunrau.
775 2420 875 2489 edidit
909 2421 1118 2498 ἑπολοονούτης
1155 2422 1275 2506 ἢτὰρξ
1297 2424 1456 2492 ὑπέπιπτε

262 2533 422 2613 madenti.
477 2531 573 2598 Furta
611 2530 691 2610 σάρξ
725 2527 942 2596 colonicam
977 2529 1136 2615 scriplum
1173 2548 1242 2596 esse
1278 2529 1454 2600 contendit.

263 2639 347 2707 Nilril
371 2637 458 2704 uliud
486 2658 572 2704 nunc
596 2636 698 2703 oculis
719 2635 860 2702 discerni
887 2642 989 2722 potest
1013 2653 1129 2719 quana:

399 2827 444 2873 ve.
471 2812 500 2872 t.
526 2810 625 2873 ἀπολο
641 2849 963 2871 ..........
988 2799 1126 2867 πέτϊπτε
1149 2803 1298 2882 panicale

397 2933 444 2991 vs,
468 2917 501 2981 8.
527 2913 579 2980 ael
603 2909 676 2978 adra
698 2911 756 2989 μὲν
779 2909 842 2991 γὰρ
866 2906 1052 2986 illumatio
1076 2904 1109 2983 ἦν
1133 2908 1147 2974 ὃ
1172 2903 1264 2984 ἥλιος.
1288 2919 1290 2923 ’

307 3063 388 3130 ibid.
419 3063 553 3132 Gnouton
583 3061 690 3152 dedit:
723 3062 836 3136 inertie
869 3059 973 3140 ἥψατο
1005 3056 1159 3132 πολλάκις
1183 3059 1209 3124 'ai
1231 3059 1454 3144 τρυφερώτερον

260 3170 306 3246 εἴη
330 3167 509 3250 πειρωμένη.
557 3168 592 3234 ln
616 3167 732 3238 Codice
755 3175 803 3234 est
827 3164 1041 3248 τρυφερωτέρα
1064 3163 1254 3252 compendio
1278 3167 1454 3254 scriplum:

261 3275 344 3362 quod
370 3275 571 3360 ingeniosum
597 3272 760 3341 huminem
785 3270 917 3339 lelellit:
944 3271 1100 3357 scriptum
1127 3280 1177 3338 est
1200 3278 1338 3356 τρυφνρω
1361 3281 1393 3340 et
1415 3298 1453 3355 τρ

260 3400 335 3447 curn
366 3387 503 3446 accentu
528 3392 622 3448 acuto
649 3380 919 3467 superscriptum.
969 3377 1021 3444 Vs.
1046 3381 1066 3444 u
1088 3375 1221 3446 Couurra
1244 3387 1300 3455 τῆς
1322 3378 1354 3444 dl
1379 3378 1450 3450 ὑπν-

259 3489 367 3570 ροίοοο,
392 3486 486 3554 Furta
509 3495 565 3563 τῆς
594 3488 627 3554 le
651 3487 804 3563 ἐπιούσης.
851 3484 944 3552 Nune
970 3484 1049 3551 citit
1075 3493 1222 3572 superest
1249 3491 1453 3572 praeterrita

258 3596 289 3666 dl
315 3645 457 3663 .....
483 3593 552 3674 ἧκον
575 3596 618 3668 εἷς
642 3597 697 3672 την
719 3595 824 3673 νομήν.
851 3591 913 3659 Sed
934 3592 1051 3658 [onem
1071 3590 1151 3657 solet
1169 3597 1224 3666 τῆς
1244 3590 1384 3667 ἐπιούσης
1404 3589 1452 3658 dl·

258 3721 341 3770 cere.
391 3701 446 3768 Vs.
491 3705 544 3768 20.
588 3699 682 3768 πότον
722 3700 870 3780 μέλιτταν
906 3699 1017 3780 κέντρον
1051 3697 1160 3773 taam
1195 3697 1284 3764 ἀλλὰ
1320 3696 1452 3780 ἔφαγον.

258 3827 354 3894 quam
389 3806 501 3874 vellem
526 3827 562 3873 ea
587 3805 744 3894 particula
771 3805 864 3872 hodie
888 3803 951 3890 legi
976 3810 1099 3891 posset,
1125 3811 1159 3868 ut
1185 3802 1262 3889 quid
1289 3823 1347 3889 pro
1370 3802 1453 3887 ἔφη·

257 3936 313 3994 γον
343 3914 501 4001 seriptum
538 3911 635 3980 luerit
667 3921 856 4001 appareret,
884 3931 955 3978 nam
988 3908 1110 3993 ἔφορον
1133 3910 1451 3998 importunissimum

256 4028 316 4088 est.
364 4019 416 4086 lls.
454 4023 507 4086 22.
543 4018 605 4086 silc
636 4019 699 4099 ηοξ.
746 4017 878 4086 Gouurrn
911 4015 974 4083 alra
997 4015 1150 4083 enotavit.
1199 4016 1371 4103 Perspicue
1393 4016 1454 4084 eila

257 4127 413 4213 seriptum
448 4135 508 4193 est.
556 4125 614 4193 Vs.
640 4129 683 4192 26
707 4124 839 4193 Cauarae
864 4124 950 4205 capa
973 4122 1017 4189 τοὶ
1039 4120 1149 4204 ἄντρον.
1198 4121 1296 4188 Furia
1318 4123 1391 4206 πρὸς
1415 4124 1452 4192 τὸ

256 4249 373 4332 ἄντρον.
421 4245 552 4316 Certum
586 4256 634 4314 est
660 4248 691 4312 in
716 4245 826 4313 codice
851 4213 891 4326 nl
918 4245 1077 4332 scriptum
1103 4261 1174 4310 esse
1196 4251 1229 4309 et
1251 4239 1387 4335 liquido:
1397 4262 1454 4331 ap·

257 4364 364 4447 paret:
390 4353 512 4442 reliqua
534 4361 599 4420 tam
620 4353 755 4421 obscura
777 4361 855 4418 sunt
875 4361 911 4417 ut
930 4368 1106 4437 ununquam
1121 4350 1279 4437 potuerim
1293 4358 1454 4438 procerte

257 4471 398 4533 statuere
425 4468 535 4530 utrum
559 4483 603 4528 το
627 4481 725 4543 οντρο
748 4478 788 4525 an
812 4481 867 4525 τοο
890 4481 998 4540 οντρου
1021 4465 1233 4544 compareret.
1280 4457 1450 4526 coeterum
