3178 4972
618 393 624 408 ’
738 436 762 506 a

336 636 362 702 εί
385 635 456 702 δείν’
480 631 611 715 ἔδρασας
634 630 717 697 δεινοὶ
741 628 793 697 καί
818 629 926 698 παθεῖν
950 654 986 698 σε
1008 629 1071 709 δεῖ,

339 739 422 815 δίκης
447 739 526 822 γὰρ
550 736 715 820 ἐξέλαμψε
740 741 805 802 νῦν
829 732 938 802 θσιον
960 735 1055 820 Φοίος.

147 847 251 916 noeto
270 844 459 914 (intermunus
483 865 586 932 nuper
606 842 752 910 codicum
774 845 969 930 scripturam
991 845 1168 924 revocavit,
1188 861 1284 930 quam
1298 842 1344 908 in·

149 953 368 1042 terpotaverat
391 953 543 1020 Gonnos:

424 1059 513 1134 δίκας
538 1057 565 1123 δ
589 1054 795 1140 ε’ξέλαμψε”
777 1080 855 1124 οσιον
876 1055 977 1141 φάος,

147 1165 215 1232 uisi
240 1163 325 1251 quoti
349 1162 528 1246 ἐξέλαμψεν
552 1161 651 1229 dedit.
702 1163 829 1250 itepone
854 1183 981 1230 mecum
1006 1161 1086 1230 tiuos
1107 1162 1289 1230 tiochmins:

468 1269 556 1342 δίκας
580 1271 607 1336 δ’
630 1267 795 1350 ἐξέλαμψε
820 1271 895 1336 θεῖον
918 1269 1013 1353 Φοθος.

148 1386 186 1442 et
209 1375 326 1442 dirime
349 1373 414 1441 duo
438 1374 640 1462 fragmenta,
677 1396 760 1462 quae
784 1375 865 1442 mele
888 1375 1099 1454 coaluerunt,
1132 1385 1168 1442 ut
1193 1395 1287 1463 saepe
1313 1380 1344 1442 in

152 1492 292 1569 utroque
316 1481 444 1548 Sronter
469 1501 564 1568 opere
588 1480 709 1548 iactum
735 1491 794 1548 est.
843 1482 905 1564 Qui
933 1481 1015 1564 φοίος
1037 1477 1114 1548 ίοιον
1135 1481 1212 1568 quid
1231 1482 1273 1548 sit
1293 1501 1346 1548 ue·

150 1599 234 1674 gant
257 1608 291 1654 se
311 1587 422 1654 videre
440 1607 502 1654 non
526 1587 627 1654 mutto
648 1585 775 1653 facilius
795 1589 957 1676 reperient
975 1607 1058 1675 quae
1077 1591 1119 1654 sit
1137 1589 1207 1654 οόίοι
1219 1586 1345 1667 ἀνάγκη

151 1695 189 1760 111
219 1701 330 1778 poetae
365 1693 452 1770 loco,
485 1712 581 1780 quem
612 1695 752 1760 serravit
785 1693 939 1761 Sronneus
963 1695 994 1760 in
1021 1693 1091 1762 θὀί.
1118 1693 1218 1781 Pipa.
1245 1693 1285 1761 V.
1311 1698 1344 1762 1.

151 1819 187 1888 p.
215 1805 290 1866 rut.

302 1949 306 1958 ·
341 1905 458 1972 Ὁσία
481 1905 508 1970 δ’
531 1903 656 1984 οίνοθγκη
680 1905 922 1986 πολεμιωτάτη
945 1907 1021 1980 θείς.

151 2011 276 2078 satisne
300 2011 507 2099 perspicuum
531 2019 582 2077 est
606 2011 696 2077 θεία
721 2014 748 2079 δ’
772 2012 897 2091 ἀνάγκη
917 2032 937 2078 a
959 2020 1049 2100 poeta
1070 2011 1162 2080 esset
1188 2013 1225 2079 in
1248 2013 1344 2079 'iuro

151 2137 245 2184 ento:
267 2125 376 2184 autem
402 2137 448 2183 vs.
478 2122 551 2184 151.

334 2223 417 2289 οὐδὲν
439 2224 470 2289 ἐν
492 2223 670 2305 ανθρώποισι
694 2225 809 2305 πατρὸς
832 2224 885 2291 καί
910 2225 1024 2308 μητρὸς
1048 2223 1172 2306 ἄμεινον

374 2327 479 2396 ἔπλεθ’
503 2323 581 2404 ὅσοις
605 2329 692 2408 θσίη,
716 2329 831 2413 Κύρνε,
852 2331 978 2410 μέμηλε
1002 2331 1079 2407 δίκη.

151 2453 231 2503 cate
262 2443 377 2519 tangas
408 2434 492 2510 θσίην
521 2434 627 2514 δίκην,
658 2455 741 2523 quae
769 2436 925 2514 ὁσιότητος
957 2439 1025 2504 sire
1056 2437 1220 2517 εὐσεβείαις
1241 2437 1344 2504 vicem

151 2541 226 2606 iure
248 2537 382 2606 obtinet.
431 2538 515 2606 Nihit
541 2541 574 2606 in
597 2540 655 2607 hoc
676 2540 744 2609 loeo
763 2544 914 2609 vitiostnn
936 2553 985 2609 est
1006 2552 1133 2630 praeter
1152 2544 1345 2626 ἀνθρώποισι,

151 2645 237 2734 quot
268 2647 324 2732 qui
348 2665 459 2712 aurern
485 2645 636 2713 habent'
628 2668 659 2713 ιιι
684 2650 844 2731 ἀνθρώποις
870 2647 1038 2734 refingent.
1087 2649 1245 2716 Νοιοοιι
1236 2669 1344 2737 ipsum

151 2753 235 2826 θείς,
269 2750 355 2839 quod
387 2770 481 2818 uerno
512 2754 614 2820 nescit
647 2755 679 2818 in
704 2756 848 2842 antiquis
872 2753 963 2820 tibris
986 2765 1040 2821 ec
1065 2756 1162 2821 scribi
1186 2755 1288 2822 sciere
1311 2763 1342 2822 et

151 2871 205 2946 tv,
230 2869 288 2944 θοι,
310 2846 362 2942 in,
387 2884 584 2952 qttanrquam
610 2866 755 2931 omniunt
783 2869 949 2932 nominum
975 2874 1025 2932 est
1046 2866 1273 2943 notissnnutn
1300 2873 1345 2931 ta·

153 2993 228 3040 naeu
252 2992 348 3092 saepe
372 2970 495 3037 scribas
518 2969 628 3038 ioietiit
650 2971 832 3039 oscitantes.
871 2971 971 3054 Quale
991 2972 1050 3038 iroc
1070 2979 1119 3038 est
1139 2969 1224 3058 apud
1246 2971 1344 3038 Xeno·

154 3098 293 3146 ruonretr
318 3077 350 3143 in
379 3076 576 3143 Oeconomico
602 3077 638 3143 V.
665 3079 681 3162 5
704 3075 795 3144 12.ἕ
795 3101 825 3142 τι
848 3079 921 3145 δέ
905 3103 922 3154 η
945 3079 1184 3159 pitinnatam
1204 3077 1275 3150 τοὺς
1295 3077 1343 3144 δν·

152 3184 301 3265 καμένονς
325 3183 577 3263 καταμανθάνειν
600 3184 653 3250 καί
678 3185 866 3260 δικαιοσύνην
887 3183 1039 3252 istcinest·
1072 3185 1143 3258 τοὺς
1167 3183 1230 3266 γὰρ
1251 3182 1344 3266 θριτα

153 3289 378 3373 θεραπεύοντας
411 3289 508 3365 αὐτην
539 3297 657 3359 πλεῖςα
689 3291 799 3369 ὦγαθοὶ
827 3293 995 3368 οίντισοιεῖ,
1030 3291 1250 3358 ιοιιιιεῑίεείιιιί
1285 3290 1345 3355 1οοί

151 3397 252 3485 periit
273 3395 379 3484 lepos,
406 3415 446 3462 ne
469 3415 583 3462 sensus
609 3393 739 3482 quidem
759 3396 826 3463 nisi
853 3396 1067 3483 perobscurus
1087 3397 1219 3484 qnidam
1241 3415 1279 3462 ex
1298 3405 1344 3461 to·

41 3578 47 3590 C
152 3503 220 3570 tius
243 3502 422 3568 sententiae
447 3500 699 3569 conformatione
723 3501 863 3569 elicitur.
911 3501 1042 3570 Codices
1069 3523 1125 3590 pro
1148 3503 1277 3570 θέλουσα
1296 3521 1345 3568 sa·

153 3609 197 3676 tis
220 3615 408 3676 constanter
431 3609 538 3675 θέονοα
561 3605 731 3686 exhibent,
758 3607 853 3694 itique
876 3618 1008 3695 apparet
1031 3629 1068 3675 ex
1091 3595 1260 3682 ὄόοτολ
1280 3617 1345 3674 sto-

152 3713 217 3781 lide
237 3712 397 3782 effictum:
418 3717 435 3791 ιί
457 3723 499 3794 γῆ
522 3713 608 3789 θείς
628 3707 729 3780 οὗτοι
748 3753 792 3766 —-
810 3716 881 3788 τοὺς
893 3716 1115 3796 θεραπεύοντας
1129 3715 1225 3790 αὐτην
1238 3719 1344 3784 nnsis'

152 3821 265 3900 epate
296 3821 466 3898 οίντιποιεῒ,
500 3819 559 3886 1ιοο
585 3828 756 3886 venustum
782 3828 814 3887 et
839 3819 1096 3907 Χοκορίιοιιίοιιιιι
1119 3829 1185 3897 est,
1212 3818 1271 3886 hoc
1295 3840 1345 3886 sa-

152 3945 232 3992 num
264 3933 315 3992 est
344 3925 483 4013 denique
507 3934 548 3991 et
579 3945 702 3992 rerum.
751 3926 845 3993 Peius
878 3928 975 3994 etiarn
1002 3926 1163 3994 mulcatus
1185 3935 1235 3994 est
1255 3927 1376 3996 locus·

153 4031 271 4100 incerti
297 4031 477 4120 philosophi
500 4030 584 4118 apud
608 4031 695 4098 Sion.
721 4031 792 4099 Εοέ.
819 4031 919 4120 Pipa.
944 4033 985 4100 ΙΙ.
1006 4054 1077 4119 cap.
1100 4034 1125 4100 Ι.
1152 4039 1201 4100 tt.
1222 4031 1346 4117 πίπιρον

153 4134 204 4206 οὖν
229 4140 244 4205 θ
266 4137 417 4218 ἄνθρωπος
438 4139 532 4211 αὐτὸς
556 4139 611 4222 ὑφ’
634 4139 745 4206 ἑαυτοῦ
770 4142 955 4216 πεποιησθαί
976 4163 1021 4207 σοι
1046 4139 1128 4207 δοκεῖ
1148 4139 1167 4217 si
1190 4139 1262 4222 πρὸς
1286 4165 1346 4207 κοι-

153 4244 276 4317 νωνίαις
302 4245 439 4313 mirifica
461 4263 539 4311 saure
562 4244 708 4330 quaestio
731 4246 884 4332 ponitur;
914 4257 948 4312 tu
973 4244 1058 4331 iege:
1083 4246 1175 4318 αὐτὸς
1201 4248 1254 4326 ἐφ’
1275 4249 1346 4314 tao·

126 4418 128 4421 ,
153 4353 228 4426 τοῦ,
261 4359 348 4418 tecte
381 4348 609 4437 respondetur:
642 4351 715 4433 πρὸς
746 4353 909 4420 κοινωνίαν.
958 4351 1035 4420 'nrt
1064 4353 1167 4433 τίνας;
1200 4353 1259 4420 ant
1289 4361 1345 4431 τῆς

153 4453 291 4540 φύσεως.
314 4455 404 4534 Τίνος
427 4455 516 4535 οθσης
539 4456 593 4524 καί
617 4464 700 4537 acin
726 4455 889 4536 διοικοθσης
909 4459 951 4526 τοὶ
973 4454 1045 4528 ίλα.
1094 4459 1154 4526 Καί
1174 4459 1275 4526 πθτε
1283 4484 1346 4542 ρον
