3208 4972
721 389 790 462 265

181 578 257 648 (lod.
281 589 322 646 Λ.
347 585 469 648 παῦσαι
493 579 628 662 obtulit,
653 583 768 651 melius
791 585 887 652 etiam
913 583 950 653 F.
977 581 1067 663 παῦ’,
1092 581 1113 649 ὦ
1137 585 1285 651 τόλαινα.
1335 583 1369 652 ln

183 692 245 767 45,
286 691 340 754 55.
380 687 537 755 edebatur
575 693 693 768 παύου,
732 689 753 757 ὦ
795 688 977 773 Ἑρμαγόρα
1012 691 1164 770 βόλτιςε,
1197 692 1372 775 ἰαμβίζειν,

182 795 303 881 optime
326 794 377 861 AC
404 800 488 862 παῦε
520 806 702 865 servarunt.
750 797 796 864 Ex
831 797 945 864 iisdem
977 796 1055 864 locis
1087 798 1293 865 seruiendum
1323 807 1374 865 est

182 899 265 987 qnod
300 904 360 980 59,
393 905 422 966 b.
448 903 568 988 legitur
591 905 710 984 παύου,
737 901 759 971 ὦ
783 911 914 984 Λυκῖνε,
938 903 1077 987 τεριύτιόν
1101 929 1132 971 τι
1156 905 1272 982 κύλλος
1298 908 1372 972 νίκα·

182 1006 348 1085 πλύττυν,
372 1007 417 1074 nil
443 1010 553 1075 iurant
577 1011 735 1092 Codices,·
753 1019 786 1078 at
810 1009 857 1076 nel
877 1011 989 1076 inritis
1012 1015 1095 1078 παῦε
1119 1011 1251 1078 Lucrino
1276 1013 1372 1078 resti·

184 1113 351 1180 tuendnnr.
376 1113 482 1182 Semel
508 1116 587 1183 milri
611 1121 711 1184 παύου
735 1115 820 1205 apud
844 1119 1045 1204 antiquiores
1064 1117 1184 1185 lectum
1196 1126 1264 1198 est,
1287 1116 1373 1205 apud

183 1219 339 1289 lirnrrruu
366 1222 482 1289 Ατεειι.
508 1222 593 1291 Vlll.
620 1244 649 1310 p.
674 1228 738 1290 547
764 1245 790 1289 ιι.

320 1329 440 1412 ψυχρόν
461 1330 555 1397 τουτί.
570 1328 587 1412 ΙΙ
599 1331 698 1398 παύου
720 1337 844 1415 φυσῶν,
864 1331 1017 1398 Μακεδὼν
1039 1330 1154 1413 ι’όρχυν.

183 1438 236 1504 cui
258 1435 453 1504 reddiderim
473 1440 550 1503 παῦ’
578 1434 627 1504 οὖν
646 1445 767 1522 mooun:
792 1457 922 1504 errore
942 1439 1104 1524 scriptura
1117 1424 1374 1505 ΠΑΤόῨιιείυε

184 1543 323 1610 ridetur.
377 1543 542 1631 Nusquam
574 1543 650 1610 alibi
686 1543 769 1632 apud
804 1545 936 1611 Veteres
969 1543 1031 1631 legi
1062 1543 1183 1621 παύου,
1215 1563 1278 1630 quo
1315 1544 1373 1610 soli

182 1649 331 1718 Graeculi
368 1651 532 1737 nequiores
571 1651 763 1718 abutuntur.
822 1651 857 1716 ln
901 1651 963 1717 fine
998 1649 1052 1716 alii
1088 1648 1278 1732 βεβρύκεις,
1317 1650 1373 1716 alii

182 1757 350 1834 ἐδηδόκεις,
375 1755 433 1823 boc
460 1758 621 1823 veteribus
646 1758 828 1845 praeplacet
851 1766 883 1824 et
907 1756 1143 1832 revocandum,
1170 1755 1247 1822 illud
1269 1755 1372 1822 solnm

184 1863 334 1932 Graeculi
359 1873 542 1931 servarunt.
563 1866 581 1949 §
611 1869 661 1930 11.
688 1863 746 1929 ύπό
769 1841 876 1944 ρἰοίλην
900 1863 999 1946 ἔχων,
1031 1863 1224 1929 revocatori
1249 1861 1374 1942 μύλης,

183 1971 268 2058 quod
292 1971 395 2037 solnm
420 1971 577 2038 Graecum
600 1980 666 2048 εει,
690 1970 731 2036 ci.
755 1973 843 2054 §29.
866 1971 913 2037 sic
932 1990 1025 2057 saepe
1042 1971 1226 2041 ύπὸκόλπον
1241 1971 1374 2058 irrepsit

183 2098 242 2165 pro
264 2077 320 2144 ύπί
344 2079 469 2144 κόλπον.
518 2077 614 2143 Peius
636 2078 733 2144 etiarn
759 2077 792 2142 in
818 2079 974 2144 Pourneuo
998 2087 1144 2143 erratum
1171 2077 1207 2145 V.
1238 2082 1288 2143 19.
1309 2086 1372 2151 τοῖς

185 2185 397 2268 ἐγχειριδίοις,
429 2180 450 2250 οἳ
485 2182 708 2272 [κεκρυμμένα]
736 2183 873 2265 ἐκόμιζον
898 2184 955 2250 ύπό
979 2183 1106 2263 μύλης,
1136 2182 1190 2250 ubi
1215 2182 1371 2250 emblema

184 2311 342 2380 expungo.
369 2295 386 2377 §
415 2294 466 2358 18.
491 2290 543 2356 τίν
563 2291 656 2373 μηρὸν
675 2290 857 2370 ἐπιδείξαιο,
885 2291 1101 2358 necessarium
1124 2299 1173 2356 est
1193 2287 1372 2367 ἐπιδείξαις.

187 2403 204 2484 §
239 2403 291 2466 bl.
324 2399 359 2477 ι’ἱν
388 2423 424 2464 τε
452 2397 601 2481 εἰσφέρειν
624 2395 755 2481 δέη-ἥν
779 2422 814 2464 τε
838 2396 1007 2475 ἐπεξιέναι,
1032 2398 1109 2462 trita
1134 2403 1210 2462 sum
1235 2398 1267 2461 in
1293 2395 1374 2462 bellu

185 2504 295 2585 ἐξιέναι
320 2516 351 2572 et
375 2503 493 2583 ἔξοδος,
518 2505 553 2582 ἤν
575 2529 621 2580 τις
642 2503 738 2583 ἔξοδος
758 2506 898 2585 γένηται.
926 2501 1019 2590 Apud
1041 2503 1224 2569 llenoooruu
1244 2501 1296 2569 Vl.
1318 2506 1372 2568 56.

185 2612 299 2678 vitiose
323 2611 430 2678 editur
454 2613 484 2676 ε’ν
507 2621 578 2694 τῇσι
602 2609 730 2692 ἐξοδίησι
756 2631 813 2698 pro
831 2619 902 2694 τῇσι
919 2609 1059 2690 ἐξόδοισιε
1085 2609 1261 2696 composito
1283 2608 1374 2688 ἐπεξ-

184 2718 260 2785 ιόναι
285 2737 348 2783 uon
369 2725 418 2784 est
443 2719 476 2782 in
501 2718 556 2784 tali
582 2737 616 2784 re
639 2717 739 2784 locus.
765 2722 783 2804 §
807 2723 860 2784 al.
885 2716 987 2792 πούντη
1012 2735 1098 2781 corr.
1119 2713 1201 2780 ποόνυ
1219 2739 1261 2780 τι.
1288 2719 1373 2802 §bd

186 2823 411 2907 Συρακουσίοις
443 2825 489 2889 εἰσ
523 2822 797 2912 Constantinopoli
825 2822 1040 2910 loquebantur
1070 2829 1102 2888 et
1128 2829 1252 2887 veteres
1276 2819 1375 2886 libros

183 2930 445 3019 corrumpebant.
471 2929 594 3017 tibique
617 2931 799 3014 Συρακόσιος
821 2928 1069 2996 restituendum.
1096 2932 1112 3014 §
1139 2932 1193 2994 51.
1214 2927 1265 2993 brt
1286 2932 1374 3012 φρον-

185 3037 274 3105 τίδων
297 3045 393 3104 corr.'
407 3038 465 3103 ύπό
490 3039 663 3120 Φροντίδυν.

231 3144 267 3210 lu
292 3143 527 3231 lucremenippo
552 3148 609 3222 la,
634 3149 666 3211 5.
690 3147 973 3221 connumerem,
1007 3139 1112 3208 scribe
1136 3164 1197 3208 πον.
1225 3142 1243 3226 §
1268 3142 1299 3206 6.
1323 3140 1375 3206 τόν

185 3251 306 3334 ούρανίν
329 3251 413 3328 δῆίεν
435 3251 529 3317 αύτίν
551 3251 795 3334 ἐπιμετροῦντες.
843 3251 911 3318 Non
932 3259 981 3316 εει
1003 3249 1050 3316 rei
1075 3247 1269 3314 corruenicus
1287 3265 1374 3312 corn·

186 3358 326 3445 positum
358 3360 551 3440 ἐπιμετρεῖν,
584 3357 731 3423 admetiri
738 3379 747 3442 ς
777 3359 1020 3439 ἀναμετροῦντες
1054 3354 1204 3422 conuenit
1230 3361 1285 3418 aut
1308 3350 1373 3417 δια·

185 3469 386 3546 μετροῦντες,
409 3473 466 3529 aut
490 3463 623 3551 simplex
647 3471 839 3547 μετροῦντες.
865 3467 882 3549 §
908 3468 937 3530 8.
960 3461 1054 3536 ὁπόση
1076 3459 1374 3538 ‘tarraconens-

187 3591 267 3658 poue
295 3577 353 3637 τῶν
384 3570 483 3648 λόγιον
514 3570 621 3648 ύπόση.
655 3577 672 3660 §
698 3575 752 3638 bl.
785 3570 868 3637 πόσα
900 3569 961 3649 ἐγὼ
987 3566 1197 3644 συνεπόςαμαι
1222 3563 1374 3639 αύτοῖςόι

185 3679 371 3759 πρόττουσι,
403 3677 472 3743 dele
503 3674 538 3755 il,
571 3698 645 3743 nam
677 3676 845 3761 πράττουσι
877 3673 1087 3764 participium
1116 3682 1176 3738 est.
1211 3673 1307 3757 §db
1338 3671 1374 3736 τί

184 3784 361 3863 Ὀλύμπιον
384 3803 468 3852 corr.
491 3785 712 3864 Ὀλυμπίειον,
738 3795 773 3852 ut
795 3793 882 3850 recte
907 3786 924 3868 §
951 3786 989 3847 16
1013 3778 1231 3854 Ἀσκληπιείου
1256 3777 1373 3863 reposi-

187 3898 255 3956 tum
280 3901 329 3957 est
354 3911 410 3977 pro
433 3893 643 3970 Ἀσκληπιοῦ,
678 3890 772 3978 paulo
796 3898 867 3978 post
890 3888 1026 3955 eruenda
1049 3886 1236 3968 πανηγύρεις
1261 3882 1374 3964 ἄγουσι

184 4016 242 4086 pro
264 3995 425 4076 ύνούγουσι.
451 4001 469 4081 §
495 4003 549 4065 al.
574 3997 679 4064 ταῦτού
696 4021 748 4078 μοι
773 3998 856 4064 δοκεῖ
877 3995 1001 4081 corrige
1024 3992 1100 4060 τόδε
1124 4017 1175 4073 μοι
1200 3993 1290 4064 δοκεῖ.

230 4104 267 4169 ln
290 4103 337 4169 bio
360 4115 501 4170 aculeato
528 4109 587 4181 47,
613 4108 644 4171 8.
670 4126 726 4192 pro
750 4111 924 4172 καταπτοῖο
944 4100 1049 4168 scribe
1072 4099 1264 4178 κατύπτοιο,
1287 4108 1319 4164 et
1340 4098 1372 4162 in

184 4209 404 4276 Αειετοεειιιιε
437 4209 613 4296 Lysistrotc
648 4217 724 4278 771.
758 4209 961 4276 ύνύπτιονται
996 4226 1053 4294 pro
1087 4208 1307 4282 οίναπτῦνται,
1342 4212 1375 4269 et

185 4315 216 4380 in
250 4315 411 4382 llunouoro
434 4316 489 4382 iv.
527 4321 600 4384 152.
633 4317 812 4395 οὶνούπτησόε
845 4337 901 4403 pro
932 4315 1129 4392 ύναπτῆσύε,
1162 4321 1194 4378 et
1217 4311 1249 4375 iu
1275 4309 1374 4376 Xeno·

183 4441 309 4489 ruourrs
333 4421 502 4490 Memornb.
527 4423 581 4490 lll.
607 4445 649 4490 11.
675 4431 705 4491 5.
738 4425 792 4491 ἐὰν
815 4432 893 4505 μυῖα
918 4421 1114 4504 πρόσπτηται
1140 4437 1197 4506 pro
1220 4421 1374 4500 προσπτῆ·

183 4553 248 4598 ται.
298 4529 396 4600 ltecte
413 4529 634 4614 ’κατύπτυμαι
658 4530 778 4620 legitur
801 4533 833 4598 iu
859 4527 1095 4615 leuromeuippo
1120 4529 1180 4606 46,
1208 4528 1260 4592 13.
1295 4524 1313 4608 §
1339 4524 1373 4588 9.
