3178 4972
626 386 628 396 '
699 396 780 444 xxrr

139 567 261 654 ubique
283 567 552 642 animadvertere?
587 555 672 649 Quid
694 588 754 657 ego
774 588 858 633 nunc
879 566 961 633 uitia
977 584 1155 630 memorem
1175 565 1212 654 in
1229 581 1336 629 accen·

140 689 231 756 tibus
253 692 424 756 commissa
446 695 502 756 aut
525 693 651 756 omissis
674 695 730 756 aut
750 690 918 774 corruptis,
942 689 977 752 iu
999 687 1182 772 spiritibus,
1206 687 1241 750 in
1264 704 1335 751 cou-

139 811 268 876 sonanti
308 830 474 896 perperam
506 814 671 899 geminata
704 815 761 876 aut
793 815 901 876 contra
913 857 922 888 ,
956 811 991 873 in
1025 807 1158 896 syllabis
1190 825 1335 894 peruerse

140 929 256 997 divisis
278 929 412 1016 aliisque
438 931 552 998 multis
575 933 609 998 id
625 929 752 1020 genusl
799 929 882 996 Sunt
913 929 1048 1016 deniquo
1071 934 1156 995 certa
1181 925 1337 995 vocabula

141 1070 162 1115 a
190 1050 303 1116 scribis
331 1057 484 1137 perpetuo
512 1055 596 1118 inter
633 1073 666 1118 se
698 1053 827 1118 misceri
856 1051 950 1118 solita
974 1055 1099 1138 praeter
1128 1052 1334 1126 senteutiam,

140 1175 267 1256 praeter
296 1171 422 1237 fficendi
450 1193 565 1252 usum,
594 1193 697 1239 errore
725 1173 844 1259 ubique
872 1172 1052 1239 manifesto.
1098 1171 1196 1238 Estne
1225 1190 1337 1257 operae

139 1294 301 1378 pretium,
332 1294 390 1359 ubi
413 1294 472 1360 hoo
493 1293 594 1360 semel
619 1295 898 1372 animadverteris,
914 1296 993 1359 'ista
1023 1294 1131 1359 omnia
1160 1291 1336 1358 identidem

141 1415 177 1478 in
199 1412 280 1479 locis
297 1415 434 1502 integris
451 1414 563 1480 lectori
586 1413 760 1502 apponere?
790 1413 978 1480 Incredibile
1001 1414 1091 1480 dictu
1112 1417 1160 1480 est
1183 1417 1336 1499 quantam

141 1536 321 1614 sentium,
352 1535 411 1600 ubi
440 1537 511 1621 quis
537 1539 664 1602 strenue
695 1541 728 1602 et
749 1539 851 1622 perite
873 1538 920 1602 its
949 1535 1051 1601 facere
1079 1536 1272 1612 instituerit,
1296 1553 1336 1599 ox

141 1662 299 1742 apparatu
320 1657 423 1721 attico
445 1659 489 1722 sit
510 1645 731 1723 exhausturus.
779 1656 816 1723 Si
845 1660 917 1744 quis
943 1658 1119 1723 scribarum
1149 1676 1267 1722 errores
1288 1676 1336 1722 or-

140 1777 369 1864 thographicas
401 1783 434 1844 et
462 1778 740 1867 palaeographicos
773 1799 830 1866 per
860 1783 945 1844 certa
971 1798 1095 1867 genera
1127 1778 1246 1843 divisos
1277 1777 1336 1842 sub

139 1918 206 1965 uno
237 1903 406 1984 conspectu
436 1901 592 1984 posuerit,
616 1889 655 1964 ¹ea
684 1919 764 1984 quae
786 1919 870 1964 nunc
892 1899 1032 1986 dispersa
1057 1901 1180 1964 nemini
1204 1901 1337 1984 prosunt

140 2025 174 2084 et
198 2019 343 2084 taedium
371 2037 585 2105 nauseamque
619 2021 748 2106 pariunt
777 2021 975 2107 inspicienti,
1010 2019 1142 2087 collecta
1171 2020 1206 2082 in
1233 2038 1336 2083 unum

138 2138 263 2206 olamm
284 2138 392 2206 lucem
416 2140 537 2207 dabunt
562 2147 748 2226 veteresque
770 2161 889 2208 errores
917 2142 1048 2207 tandem
1076 2142 1230 2207 radicitus
1253 2139 1336 2207 arel·

137 2260 224 2338 lent,
257 2264 313 2346 qui
335 2257 427 2326 nunc
448 2263 483 2326 in
509 2260 589 2328 locis
619 2261 758 2350 singulis
791 2282 811 2328 a
840 2265 950 2348 paucis
984 2263 1115 2328 correcti
1146 2267 1178 2327 et
1207 2262 1338 2327 refutati
1441 2339 1446 2346 Ι

138 2401 321 2467 numquam
343 2403 383 2448 ex
405 2379 536 2449 Graecis
557 2384 764 2470 scriptoribus
786 2385 953 2470 exstirpari
975 2386 1156 2471 potueruut.

189 2501 292 2569 Venio
319 2505 387 2568 iam
418 2503 458 2570 sd
483 2503 582 2570 aliam
603 2507 638 2568 in
662 2525 697 2570 re
724 2504 988 2594 palaeographica
1017 2505 1333 2572 animadversionem.

141 2622 346 2710 Quicumque
379 2620 529 2690 Godicem
563 2623 723 2692 Graecum
763 2628 949 2713 praesertim
981 2631 1148 2693 returstum
1188 2627 1336 2713 inspiciet

139 2743 269 2812 ridebit
296 2747 453 2810 sexcentis
481 2745 561 2812 locis
591 2747 782 2832 scripturam
810 2751 968 2824 veterem,
997 2767 1094 2832 quam
1122 2749 1228 2834 prima
1249 2745 1336 2813 calli-

139 2865 260 2954 graphi
289 2885 405 2931 manas
438 2864 581 2944 dederat,
617 2887 636 2932 a
664 2872 837 2934 correctore
871 2872 928 2933 aut
957 2868 1184 2934 correctoribus
1214 2889 1335 2934 erasum

140 2989 237 3074 eique
266 3007 384 3054 novam
414 3007 480 3053 esse
508 2988 734 3067 substitutam
765 2988 889 3056 ridebit
912 2987 1098 3054 eorumdem
1120 2988 1337 3077 observation-

141 3107 233 3175 culas
270 3110 304 3172 in
333 3111 497 3196 margine,
532 3108 668 3188 scholia,
703 3112 808 3176 varias
841 3109 1005 3189 lectiones,
1041 3111 1247 3176 correctiones
1281 3117 1337 3176 aut

141 3231 355 3295 coniecturas:
392 3228 463 3302 ἴσως
499 3267 561 3308 -,
591 3250 832 3315 nonnumquam
865 3229 1024 3295 iudicium
1058 3251 1154 3296 suum
1187 3231 1226 3296 de
1259 3231 1337 3297 locis

143 3347 339 3436 quibusdam
370 3349 569 3418 adscribunt:
601 3353 726 3432 ὥοοιῖον,
760 3352 881 3428 arsace,
911 3350 1046 3432 χροιάν,
1078 3357 1200 3429 suada,
1234 3349 1336 3430 οἳξιον,

143 3467 232 3548 ἄξιον
264 3470 298 3536 τὸ
332 3470 507 3550 dcccdccc,
540 3473 672 3554 ψεῦδος,
711 3472 846 3568 ἄλογον.
884 3471 1005 3554 relaxa
1039 3471 1082 3538 rol
1117 3472 1222 3539 δίκαιοι
1253 3472 1338 3560 apud

142 3591 385 3677 Alciphronem.
432 3591 469 3657 In
494 3594 651 3679 Cyropoed.
675 3592 759 3660 Vffl.
789 3613 811 3659 1.
838 3591 891 3660 44.
923 3592 1002 3670 ὅπως
1033 3591 1263 3676 ἀναμφιλόγως
1289 3595 1337 3660 ἀεὶ

142 3711 327 3790 ἀνδράποδα
349 3713 536 3792 διατελοῖεν,
568 3715 644 3779 irati
668 3713 796 3781 lectoris
825 3714 1014 3781 exclamatio
1043 3721 1101 3781 est.
1147 3715 1208 3781 Dio
1239 3712 1340 3804 Ohry-

143 3839 307 3900 sostomus
329 3832 369 3898 ad
393 3829 574 3902 Corinthios
594 3831 679 3900 Orat.
704 3833 869 3902 XXXVII.
889 3835 993 3918 (Tem.
1011 3833 1052 3902 ll.
1076 3858 1107 3922 p.
1130 3833 1194 3901 123
1213 3835 1338 3918 Reisk.)

143 3954 335 4038 scripserat:
359 3951 411 4018 τὸν
430 3955 567 4032 Ἴσθμιον
600 3953 797 4044 (Ποσειδῶνα)
830 3955 882 4022 τὸν
909 3956 1099 4036 ἀγωνοθέτην
1121 3957 1173 4023 τὸν
1197 3956 1339 4038 ὑμέτερον

142 4073 297 4153 Μδμμιος
328 4075 362 4140 ἐκ
393 4074 513 4157 βάθρων
537 4075 726 4152 crassatore
756 4079 882 4154 ἀνέθηκε
910 4079 952 4160 τῷ
981 4079 1031 4144 Διὶ
1063 4077 1214 4159 ἅνθρωπος
1244 4078 1340 4144 stral-

145 4194 253 4269 δευτος
291 4196 343 4262 acl
374 4197 502 4275 μηδενὸς
533 4205 592 4263 τῶν
623 4205 726 4265 καλῶν
764 4198 1005 4281 πεπειραμένος,
1043 4203 1161 4266 exarsit
1195 4199 1236 4266 ad
1264 4200 1342 4267 haec

143 4313 249 4381 lector
271 4319 375 4383 nescio
405 4321 476 4404 quis
507 4323 539 4384 et
560 4322 594 4384 in
622 4340 676 4386 ora
697 4319 773 4386 libri
803 4321 987 4407 adscripsit:
1017 4326 1079 4388 Φεῦ
1101 4331 1157 4398 τῆς
1181 4319 1340 4402 auctiori
1365 4336 1381 4368 ⁴

146 4435 201 4500 τὸν
227 4435 365 4518 ἀδελφὸν
389 4439 428 4510 ὥς
451 4437 614 4518 &vilarcel
639 4461 718 4526 quae
741 4463 824 4506 uuuc
846 4447 918 4527 post
940 4439 1066 4518 ἀνέθηκε
1089 4444 1131 4524 τῷ
1152 4443 1206 4508 Ar!
1224 4445 1343 4510 ineerta
