3160 4972
854 349 925 416 att

295 543 380 612 vltl.
414 547 468 610 et.
502 541 659 623 ’Λμεινῖκς
689 543 720 610 δὲ
744 543 928 619 Παλληνεὺς
949 543 1022 625 ἀνὴρ
1046 545 1203 621 Ἀθηναῖος
1230 545 1407 628 ἐξαναχθεὶς
1427 545 1463 619 vni

294 651 464 732 euticiano.
513 649 721 738 Quantocyus
745 648 815 716 deie
840 651 984 735 ineptum
1011 649 1205 727 Παλληνεύς.
1242 652 1306 719 Cur
1332 650 1465 718 tauderni

295 757 433 843 inquies.
480 754 562 837 Quia
593 754 770 822 absurdum
807 764 856 823 est
889 755 943 820 ubi
975 755 1027 821 rio
1057 757 1152 836 δῆμον
1175 766 1232 834 σοῖο
1256 765 1413 836 Ἀττικοῖς,
1438 760 1466 822 in

293 881 357 950 quo
381 863 453 949 quis
477 870 664 942 censeatur,
690 863 922 938 nominaveris,
945 860 1060 929 deinde
1086 863 1203 931 addere
1225 885 1299 932 euna
1321 865 1466 933 hominen

292 987 363 1036 esse
396 968 636 1036 Atheniensem.
685 968 817 1055 irrepsit
842 988 880 1034 ex
903 987 973 1055 κερ.
1000 973 1053 1036 95.
1077 968 1209 1045 ἥκουσαν
1232 970 1468 1054 doira-'Atr-

291 1083 367 1142 ναῖοι
390 1071 531 1155 Εὐμένης
554 1098 590 1141 σε
614 1074 627 1141 i
651 1073 876 1158 Ἀναγυράσιος
898 1075 952 1142 καὶ
976 1076 1135 1154 Ἀμεινίης
1157 1077 1171 1142 ὅ
1192 1079 1386 1155 Παλληνεύς.
1417 1077 1468 1144 uo-

292 1183 441 1249 tiiitatenr
475 1200 607 1259 eorum,
645 1183 701 1267 qui
734 1183 793 1248 ista
826 1179 1019 1268 interpolare
1052 1180 1217 1264 sotebant,
1243 1186 1357 1250 mirari
1379 1183 1467 1260 soleo,

292 1288 347 1356 sed
380 1287 497 1376 ubique
528 1297 617 1354 certa
648 1306 761 1354 eorum
787 1287 921 1374 uestigia
936 1286 1151 1376 ¹deprehendo
1174 1297 1207 1356 et
1230 1289 1468 1358 homuncionum

291 1396 399 1464 stilum
423 1415 564 1484 σρκοιοο.

337 1501 460 1570 dddam
494 1500 544 1566 his
574 1500 605 1564 in
634 1500 746 1586 paucis
768 1498 900 1567 evidens
925 1499 1082 1568 emblema
1106 1499 1147 1566 air
1172 1504 1241 1589 ipso
1266 1501 1390 1570 Steiuio
1412 1499 1469 1568 [eii-

290 1609 373 1676 niter
396 1607 591 1696 deprensum
616 1606 669 1672 ΙΧ.
695 1610 748 1672 95.
780 1604 947 1688 πρόφαντα
973 1607 1005 1673 δέ
1026 1612 1085 1690 σφι
1110 1606 1140 1672 ἔν
1164 1630 1199 1674 τε
1224 1609 1354 1694 duddan
1376 1609 1424 1676 καθ
1446 1607 1469 1672 ἐν

290 1721 445 1800 Δελφοῖσι
472 1713 588 1794 ε’μθνεπο
614 1711 717 1779 θπεθπε
739 1713 918 1794 ἐπειρώτεον
943 1714 1029 1797 [σοὺς
1052 1715 1231 1803 προφήτας]
1254 1717 1288 1782 τὸ
1313 1717 1409 1784 αἶσιον
1426 1718 1469 1779 ποῖ

290 1821 454 1904 παρεθνπος
479 1825 594 1897 κακοῦ,
619 1821 660 1905 [σῖ
686 1819 716 1887 δὲ
739 1817 1039 1906 αθσοῖσιθφραζον],
1056 1817 1103 1886 θσι
1126 1821 1238 1896 tetrae
1262 1823 1313 1889 πθν
1339 1824 1468 1907 φύλακον
1535 1859 1536 1870 1

289 1937 347 1996 σοῖν
380 1930 447 2010 θριῖν
475 1925 640 2010 προβάτιον
665 1927 790 2002 Εὐήνιον
812 1935 868 2001 πῆς
891 1924 975 2005 θψιος
1001 1925 1171 2007 ἒσθρκσαν,
1196 1927 1284 1996 αὐτοὶ
1304 1930 1374 2012 ’γὰρ
1394 1929 1469 2007 ἐπορ-
1535 1941 1536 2012 t

289 2044 389 2117 μῆσαι
411 2033 481 2110 σοὺς
505 2032 628 2106 λύκους.
663 2031 732 2098 Nou
753 2031 978 2099 intellexerant
998 2032 1088 2100 scioli
1109 2035 1187 2121 quid
1208 2046 1292 2103 esset
1313 2031 1469 2120 πρόφαντα

290 2150 349 2227 σφι
380 2141 523 2221 ἐγένετο,
552 2146 584 2206 et
616 2139 817 2225 ineptissime
846 2137 885 2206 de
914 2159 973 2206 suo
999 2139 1199 2207 inierserunt
1221 2142 1291 2216 τοὺς
1318 2143 1469 2226 προφήτας

291 2257 322 2317 et
346 2251 371 2317 οῖ
395 2249 426 2314 δὲ
449 2247 569 2313 αὐτοῖσι
592 2243 735 2328 ἔφραζον.
777 2245 889 2333 ltaque
909 2247 955 2312 sio
975 2254 1110 2313 ATTOI
1133 2247 1197 2330 γὰρ
1220 2249 1394 2331 ἐπορμῆσαι
1413 2247 1470 2317 ποὺς
1535 2241 1536 2324 t

290 2355 400 2428 λύκους
429 2354 470 2421 ad
502 2351 624 2420 oraouii
654 2353 817 2419 antistites
850 2353 913 2418 erit
946 2351 1167 2420 referendum!
1215 2354 1262 2422 Ex
1288 2355 1349 2422 hae
1373 2351 1470 2422 fraude
1535 2349 1536 2426 i

292 2470 356 2527 tarn
392 2457 562 2526 manifesta
595 2457 731 2526 iudicari
764 2460 882 2546 poterit
909 2467 1031 2546 quauta
1062 2460 1116 2525 isti
1142 2460 1271 2527 ienitate
1296 2469 1329 2528 et
1354 2458 1470 2528 lieentia
1535 2437 1536 2492 ³

289 2575 531 2655 grassarentur.

335 2671 513 2742 Subiioiant
537 2669 688 2738 Herodoti
712 2671 799 2738 loeos
820 2669 1005 2758 complures
1027 2679 1084 2738 aut
1107 2679 1278 2760 corruptos
1301 2681 1361 2740 aut
1385 2674 1471 2740 inter·

289 2780 412 2870 potatos
435 2787 491 2846 aut
517 2789 710 2863 utrumque,
735 2785 767 2843 et
791 2777 887 2844 verbo
911 2776 1015 2844 dioarn
1040 2777 1217 2865 quaemihi
1233 2781 1470 2867 seraseriptura

289 2907 360 2955 esse
395 2885 558 2963 videatur,
589 2884 842 2951 oondrrnaturus
874 2882 984 2952 eadem
1019 2884 1110 2950 novis
1141 2884 1344 2969 argumentis
1378 2903 1470 2954 osenn-

290 2993 413 3082 plieque
444 2990 500 3058 ubi
528 2991 566 3059 de
596 2989 746 3057 Herodoti
770 2997 860 3057 textu
883 3000 916 3058 et
938 2989 1109 3058 (indicibus
1131 2989 1171 3058 de
1194 2989 1356 3058 industria
1381 2991 1471 3060 disse·

289 3099 381 3168 rendi
406 3097 481 3165 data
505 3098 567 3164 erit
593 3097 694 3184 eopia.

334 3204 425 3287 Quod
456 3202 540 3290 apud
573 3202 768 3270 Herodotum
800 3202 920 3288 legitur
944 3203 1011 3270 vll.
1039 3207 1114 3270 169.
1140 3204 1158 3278 ἡ
1181 3203 1212 3269 δὲ
1236 3203 1333 3281 notin
1361 3205 1470 3284 ὑπεκρι·

288 3335 362 3379 νατο
387 3305 457 3376 »Ὠ
480 3311 599 3387 νήπιοι,
625 3309 840 3393 ἐπιμέμφεσθε
864 3306 925 3376 ὅσα
950 3311 1021 3391 ὑμῖν
1044 3312 1078 3376 ἐκ
1101 3317 1160 3376 πῖον
1182 3308 1327 3392 Μενέλεῳ
1351 3329 1470 3390 studuit·
1535 3351 1536 3394 3

286 3417 396 3499 μοθσιον
418 3416 522 3491 Minue
547 3413 673 3496 ἔπεμψε
695 3417 809 3495 μιμθιον
833 3417 1039 3499 δακρύματα,
1059 3415 1105 3484 ὅτι
1125 3416 1226 3496 οἱμὲν
1246 3417 1279 3482 οὐ
1301 3413 1470 3495 συνεξεπρθ·

284 3523 379 3603 ξανπο
411 3523 496 3605 αὐτῷ
526 3522 578 3590 πθν
602 3522 633 3588 ἐν
657 3525 787 3606 Καμικῷ
812 3522 943 3590 θάνατον
969 3522 1149 3605 γενόμενον,
1181 3524 1269 3601 ὑμεῖς
1292 3523 1323 3588 δὲ
1345 3523 1469 3588 ἐκείνοισι
1535 3565 1536 3574 ι

284 3632 340 3708 σὺν
359 3631 393 3698 ἐκ
417 3628 566 3712 Σπάρτης
590 3629 803 3712 ἁρπασθεῖσαν
822 3630 875 3695 ὑπ’
896 3630 1000 3712 ἀνδρὸς
1021 3628 1184 3712 βαρβάρου
1195 3635 1352 3708 γυναῖκας
1377 3627 1470 3694 sensu

283 3757 386 3806 vacua
411 3744 488 3804 aunt
510 3731 556 3801 θπι
579 3737 605 3802 ot
629 3736 843 3815 μὲν-ὑμεῖς
865 3734 910 3802 δέ.
961 3737 1065 3802 Minos
1092 3737 1161 3823 ipse
1185 3735 1289 3800 iratus
1312 3735 1356 3800 ita
1381 3731 1469 3799 disis·

285 3850 350 3910 set:
382 3845 502 3908 ferunt
530 3841 587 3921 μὲν
610 3843 642 3908 οὐ
666 3839 930 3923 σννεξεπρνθξασθε
955 3842 1007 3908 πθν
1032 3843 1063 3908 ἐν
1087 3841 1216 3923 Καμικῷ
1242 3839 1371 3908 θάνατον
1392 3835 1469 3918 yeni-

155 3981 162 3993 ·
283 3971 391 4029 μενον,
416 3949 503 4028 ὑμεῖς
528 3948 812 4014 tt’euornorcr
836 3948 902 4016 κσὲ.
931 3950 1040 4034 itaque
1063 3947 1244 4016 Herodotus
1268 3948 1315 4014 sio
1337 3946 1468 4014 dixerat:

283 4052 330 4122 ὅτι
362 4050 398 4121 οἷ
423 4055 480 4134 μὲν
511 4057 544 4122 οὐ
576 4053 877 4138 σννεξεπθθξΔΰΘΕ
907 4055 959 4121 πθν
992 4057 1024 4121 ἐν
1047 4057 1177 4136 Καμικῷ
1201 4053 1332 4120 θοθνοοσον
1355 4054 1420 4120 κπὲ.
1442 4057 1469 4116 ei
1535 4127 1536 4136 ρ

284 4161 330 4228 sio
359 4161 467 4228 omnia
499 4159 592 4248 plana
617 4168 751 4227 suntet
776 4162 957 4248 perspicua.
1006 4162 1042 4229 In
1069 4170 1211 4229 otMeN
1237 4161 1342 4227 inesse
1363 4176 1469 4246 proruo
1535 4225 1536 4238 ¹

284 4287 358 4334 nien
390 4265 420 4334 οῖ
447 4287 510 4336 non
534 4266 853 4334 animadverterunt:
887 4266 963 4335 hino
988 4269 1014 4335 οῖ
1036 4270 1094 4350 μὲν
1116 4271 1151 4336 οὐ
1174 4263 1467 4349 συνεξεπρκΕαΝΤΟ
1535 4251 1536 4304 i

284 4383 395 4440 natum
427 4382 477 4440 est
502 4359 539 4440 'et
561 4374 645 4455 αὐτῷ
668 4371 827 4440 additum.
874 4374 1043 4443 Praeterea
1068 4395 1109 4442 ex
1131 4373 1246 4442 Codice
1270 4373 1414 4440 Romano
1436 4367 1467 4432 R.

284 4486 450 4564 receptum
476 4486 664 4562 oportuerat
687 4479 870 4562 μέμφεσθε,
896 4489 931 4546 ut
952 4481 1074 4550 dieitur
1093 4480 1178 4552 vttl.
1204 4485 1275 4550 too.
1300 4477 1357 4550 dre
1377 4499 1412 4544 σε
1429 4473 1468 4552 μθ
