3204 4978
808 372 878 442 806

247 564 302 652 qui
325 564 511 643 ἐκπτόμενος
531 567 631 655 (quod
655 566 767 632 invitis
787 563 903 632 scribis
926 573 1089 632 serratum
1110 563 1172 651 cst)
1197 573 1230 632 et
1254 564 1441 632 κατέπτιοτο

244 670 325 737 bene
349 671 492 757 copulari
517 673 701 751 existimat,
724 671 866 740 nondum
890 674 970 738 satis
994 673 1094 740 sensit
1118 691 1214 759 quam
1242 680 1359 738 teretes
1379 691 1441 740 au·

244 795 296 842 res
321 776 491 843 habuerint
516 780 631 858 Attici,
657 800 714 846 nec
739 799 830 845 suam
852 796 964 844 aurem
990 777 1177 844 exitiorum
1203 775 1338 844 lectione
1357 779 1442 848 satis

243 879 339 948 babet
362 887 550 952 exercitam.
598 885 694 953 Vides
718 884 868 952 librarios
889 883 1024 950 iormam
1047 884 1187 950 Atticam
1210 884 1440 964 obliterantes,

243 987 447 1056 Homericam
473 1011 490 1056 a
515 994 719 1079 sequioribus
744 999 905 1058 recoctam
923 989 1302 1058 crebrosubstituentes:
1327 993 1442 1079 itaque

244 1093 307 1158 noii
332 1097 373 1160 iis
392 1096 525 1165 credere
549 1107 582 1167 et
606 1099 722 1166 Atticis
747 1118 843 1165 suum
868 1095 987 1184 ubique
1008 1094 1116 1162 redde.
1167 1097 1222 1163 iiis
1247 1106 1354 1165 autem
1372 1097 1440 1164 ior·

242 1201 303 1266 mis
332 1203 491 1290 antipam,
524 1205 640 1271 ionicis
672 1213 704 1270 et
735 1204 872 1281 Atticis,
909 1203 1023 1269 vitiosa
1054 1209 1112 1272 τῶν
1144 1204 1265 1270 ἰδιωτῶν
1294 1205 1439 1281 συνήθεια

239 1304 296 1372 bus
320 1307 458 1376 addidit:
484 1297 627 1391 πέταμαι
657 1309 808 1376 dicebant
832 1317 864 1375 et
887 1307 1026 1387 ἵσταμαι
1055 1319 1088 1374 et
1117 1311 1288 1386 ὲπετάσὺην
1315 1313 1440 1398 (inepte

240 1416 474 1500 preturium,
499 1438 599 1505 quum
625 1419 667 1483 sit
690 1417 721 1482 in
744 1435 822 1482 sana
842 1415 1025 1482 Graecitate
1045 1435 1083 1482 ex
1106 1417 1277 1498 πετάννομι
1298 1417 1441 1506 παίοιτο),

241 1530 273 1588 et
304 1521 433 1589 tandem
467 1532 549 1592 πετῶ
583 1543 709 1612 quoquc
740 1532 773 1589 ct
804 1522 920 1600 ἕπε’τα,
949 1522 1118 1601 άπεπέτα,
1142 1524 1214 1588 sim.
1266 1525 1441 1592 Atticistae

240 1625 341 1712 igitur
366 1628 423 1696 bas
449 1629 569 1696 formas
589 1649 701 1696 omnes
721 1630 806 1694 inter
826 1648 859 1694 se
879 1627 1094 1714 permiscent,
1121 1629 1327 1710 Homericus,
1354 1631 1440 1697 titi·

241 1752 311 1811 cas,
336 1736 502 1810 ἰδιωτικάς.
540 1735 672 1802 Scribae
690 1744 881 1821 grassantur
902 1733 933 1798 iu
954 1735 1069 1800 Atticis
1089 1739 1314 1822 potissimum,
1335 1737 1439 1804 πέτα-

240 1863 301 1919 μαι
321 1850 353 1906 et
372 1839 511 1921 ἵσταμαι
528 1863 622 1929 saepe
643 1841 681 1908 de
703 1862 761 1907 suo
781 1840 988 1918 invehentes,
1011 1849 1043 1905 et
1063 1859 1121 1928 pro
1141 1843 1291 1923 πτάμενος
1304 1845 1438 1930 scripti·

242 1954 312 2012 tant
331 1947 489 2028 πτάμενος
509 1957 565 2016 atti
584 1951 759 2025 πτάμενος,
786 1956 820 2013 ut
842 1948 1015 2024 πετάμενος
1036 1967 1093 2034 pro
1113 1949 1295 2030 arriperes,
1319 1969 1438 2036 quant·

235 2051 337 2141 'quam
361 2055 517 2122 πετὺσὺαι
540 2075 578 2121 ne
600 2053 684 2140 apud
707 2055 829 2126 ἰδιώτας
852 2052 982 2140 quidem
1005 2054 1036 2118 in
1063 2073 1122 2121 usu
1143 2053 1222 2133 iuit,
1248 2054 1302 2122 sed
1323 2054 1436 2124 codem

239 2181 350 2228 errore
384 2162 541 2228 scribitur
571 2181 634 2248 quo
665 2149 828 2242 πριάσὺαι,
860 2163 1022 2241 κιρνᾶται,
1048 2162 1122 2227 sim.
1170 2160 1318 2228 Lucrinus
1341 2183 1439 2249 saepe

240 2267 271 2333 in
297 2267 348 2334 bis
372 2269 534 2356 peccavit,
555 2288 649 2354 saepe
672 2266 769 2332 bonas
784 2265 904 2332 formas
923 2275 1057 2351 usurpat
1079 2268 1356 2350 κατεπτὺμην46,
1376 2274 1435 2346 10,

237 2375 416 2454 άνεπτάμην
443 2380 501 2452 46,
528 2379 570 2442 49
597 2373 663 2464 (ubi
694 2371 911 2458 impletisque
938 2379 988 2438 est
1019 2375 1235 2460 άνεπτάμην),
1260 2383 1437 2442 καταπτοῖο

240 2480 440 2568 (κατάπτοια)
474 2487 533 2558 47,
568 2485 599 2548 8.
631 2486 846 2558 καταπτῶμαι
873 2478 1113 2570 (κατάπτωμαι)
1141 2485 1202 2559 46,
1232 2486 1283 2548 15.
1332 2481 1436 2569 Repo·

240 2587 381 2654 nendum
411 2597 461 2655 est
485 2593 545 2664 66,
573 2591 625 2654 44.
650 2590 682 2654 αὑ
706 2583 975 2666 μεταςειλάμενος
1005 2588 1080 2652 άλλ’
1104 2587 1196 2660 αὑτὸς
1215 2587 1436 2668 ἐπιπετόμενος

240 2696 398 2762 drinaum
423 2693 587 2770 ἁπάντων,
612 2693 777 2759 imovero
808 2689 1023 2770 ἐπιπτόμενος.
1072 2693 1233 2760 Futurum
1259 2702 1307 2759 est
1333 2697 1373 2769 7,
1400 2697 1434 2758 2.

239 2813 269 2869 et
296 2808 356 2880 66,
379 2809 408 2870 7.
434 2801 677 2878 καταπτήσεται
701 2809 733 2867 et
759 2805 819 2876 70,
845 2803 900 2864 36.
922 2799 1156 2877 εἰιπετησονται.
1208 2798 1341 2866 Variani
1358 2797 1435 2863 iibri

239 2915 301 2989 70,
328 2913 372 2976 60
401 2910 435 2974 in
468 2909 709 2985 ἐπιπετιὶσεσάαι
737 2914 770 2972 ct
801 2907 1041 2981 ἐπιπτάσεσὺαιι
1077 2906 1110 2973 iu
1143 2911 1202 2982 17,
1229 2910 1281 2972 42.
1307 2905 1435 2988 corrige

237 3019 363 3099 άΦανὺρς
395 3014 596 3081 άποπετέσθα
637 3033 694 3100 pro
709 3088 714 3097 Ι
730 3010 915 3079 άποπτέσάα
952 3011 1181 3102 (άποπτάσάω).
1221 3012 1277 3079 sed
1313 3013 1433 3097 passim

242 3124 346 3189 utitur
370 3120 482 3187 iormis
501 3121 618 3187 ionicis
637 3125 699 3197 46,
719 3122 769 3185 16.
790 3119 1036 3198 καταπταμένη,
1050 3124 1114 3198 47,
1132 3123 1161 3187 1.
1176 3117 1434 3198 καταπτάμενος.

243 3233 302 3305 bb,
327 3233 378 3293 14.
404 3223 795 3303 ἐξέπτατο-άνέπτατο.
821 3230 885 3300 68,
911 3230 954 3291 59
980 3233 1012 3292 et
1033 3232 1086 3294 40.
1111 3226 1348 3304 άναπτάμενος,
1373 3229 1433 3301 66,

243 3339 295 3402 46.
316 3331 550 3412 άποπτάμενοι,
577 3340 645 3399 tum
667 3340 780 3407 στῆναι
801 3330 951 3399 lubenter
974 3332 1088 3401 scribit
1108 3337 1146 3412 8,
1168 3341 1205 3414 6,
1232 3338 1262 3400 b.
1286 3333 1434 3409 άνέττης.

239 3447 281 3520 8,
308 3445 368 3519 19,
398 3449 425 3506 l.
450 3439 623 3522 παρέπτην.
652 3444 690 3518 8,
720 3443 784 3517 70,
813 3443 863 3504 14.
889 3439 1042 3516 κατέπτη.
1070 3443 1133 3518 86,
1160 3443 1213 3506 78.
1241 3437 1432 3515 ἐπέπτησαν.

244 3553 302 3627 46,
327 3553 383 3617 85.
408 3547 586 3623 διέπτησαν.
613 3550 673 3623 60,
699 3551 731 3611 3.
758 3545 919 3622 διαπταίη.
945 3553 1004 3622 61,
1031 3551 1061 3612 7.
1082 3547 1283 3626 ὑπερπτῆναι.
1305 3550 1434 3624 66,46.
1485 3555 1492 3564 ’

243 3655 425 3738 ὑπερέπτης.
456 3659 514 3732 67,
547 3658 582 3730 9,
610 3659 641 3720 4.
674 3651 809 3730 διέπτην.
844 3658 904 3727 73,
933 3659 986 3721 60.
1019 3651 1157 3727 άπέπτη.
1189 3657 1250 3728 78,
1274 3639 1307 3718 7.
1331 3675 1434 3718 κατα-

242 3767 381 3832 στάντα.
429 3760 550 3829 Deinde
583 3779 826 3845 nonnumquam
852 3759 999 3825 abutitur
1023 3758 1126 3824 iorma
1152 3756 1273 3845 plebeia
1292 3756 1433 3838 ἵσταμαι

242 3878 279 3938 111
307 3877 340 3948 1,
369 3871 421 3936 16.
445 3865 678 3952 ὑφιστάμενος.
704 3870 743 3943 8,
769 3869 831 3945 10,
858 3869 888 3930 6.
914 3863 1195 3946 συμπαριπτάμην.
1225 3869 1286 3944 16,
1312 3869 1344 3932 8.
1367 3865 1435 3932 riri·

242 4000 375 4044 σταται.
403 3979 463 4052 36,
488 3978 519 4040 6.
543 3972 750 4052 διιστάμεθα,
776 3971 970 4059 quibuscum
996 3971 1168 4037 utitissime
1189 3990 1360 4058 compones
1380 3991 1433 4050 ea,

241 4081 359 4171 quibus
385 4081 566 4148 bertramus
588 4081 715 4146 insania
735 4077 918 4164 castigatur
943 4085 1003 4157 34,
1029 4083 1081 4144 16.
1106 4077 1141 4145 ri
1166 4077 1197 4143 11
1220 4076 1344 4144 πάντων
1373 4103 1433 4145 κα-

241 4187 502 4268 reparatricem
532 4187 627 4253 ἐκεῖνά
658 4187 739 4263 tarn,
769 4183 815 4250 ὑτι
849 4183 1049 4266 ὑπεράττικος
1080 4181 1157 4251 εἶναι
1188 4183 1279 4260 atron
1302 4184 1355 4250 euti
1379 4185 1435 4262 την

243 4297 346 4381 φωνην
375 4297 418 4370 cic
449 4294 485 4360 τὺ
518 4292 727 4374 ἀρχαιότατον
757 4292 1010 4372 άπηκριβινμένος
1042 4295 1173 4356 τοιαῦτα
1206 4288 1270 4358 ἔνια
1294 4290 1433 4370 ἐγκατα-

241 4402 382 4485 μιμνὺεις
406 4407 469 4476 τοῖς
493 4401 610 4481 λὺμνις,
639 4391 661 4465 at
686 4399 764 4478 μηδὲ
792 4406 867 4470 παῖς
892 4397 961 4480 άρτι
991 4397 1152 4478 μανάάνιον
1175 4399 1353 4478 άγνοιὶσειεν
1376 4398 1434 4478 άν,

243 4519 314 4577 tum
346 4517 416 4596 post
449 4526 551 4594 pauca
582 4504 741 4593 exempla:
771 4504 824 4570 καὶ
857 4502 945 4572 ἄλλα
976 4504 1056 4572 πολὺ
1080 4505 1194 4572 τοὺτοιν
1218 4505 1432 4588 προφανέτερα
