3150 4972
704 335 775 410 113

131 535 216 620 ᾢμνρν
246 535 300 604 τδν
323 536 387 604 Διά
410 539 471 619 οὐχ
495 532 574 610 inor
596 535 648 603 cai
672 540 850 611 τηλικαῦτα
874 538 923 603 ἐπ’
946 537 1053 611 αὐτοῖς
1076 533 1319 615 άγανακτιὶσειν.

130 642 251 710 Eodem
277 643 360 710 malo
385 642 582 710 laborantem
602 643 783 709 destituunt
804 642 951 709 meliores
971 641 1044 707 libri
1065 646 1126 720 50,
1148 647 1202 708 le.
1224 644 1319 709 6Σει-
1423 691 1428 700 .

130 749 246 832 κράτεος
278 748 439 832 ἐκεκράγει
468 750 540 831 πρὸς
567 747 715 822 άπαντατ
746 752 806 829 οὐχ
833 745 914 825 ιὅπως
939 751 983 828 μὴ
1007 750 1115 815 πάντα
1135 749 1224 815 άλλδι
1247 749 1320 829 μηδ’

129 851 204 930 ὅλως
239 855 348 922 εἰδέναι
379 878 426 933 τι,
457 875 557 941 aeque
589 855 740 920 vitiosum
769 863 820 921 cst
841 858 903 936 οὐχ
926 852 1005 928 ὅπως
1028 856 1082 922 καί
1101 863 1131 922 el
1157 857 1218 937 οὐχ
1240 851 1320 931 ὅπως

128 967 186 1040 μή,
209 960 344 1028 delenda
371 960 543 1048 utrobique
567 961 662 1027 tertia
685 961 794 1027 rocula
820 961 860 1027 ab
883 963 1045 1047 imperitis
1069 961 1204 1028 adiecta.

172 1068 293 1134 llirum
326 1075 374 1133 est
401 1066 559 1156 quomodo
583 1069 722 1134 evaserit
745 1067 875 1133 criticos
901 1071 960 1145 46,
984 1073 1015 1132 6.
1041 1069 1147 1155 inepta
1171 1066 1320 1134 codicum

130 1171 225 1239 lectio
256 1175 300 1240 τά
331 1173 358 1240 δ’
387 1175 475 1256 άμφὶ
506 1173 630 1239 διἀιταν.
657 1173 758 1247 laralia
788 1197 836 1247 τις
861 1167 902 1246 al:
928 1175 1020 1260 quasi
1043 1194 1117 1239 vero
1140 1175 1239 1248 ὁποῖος
1264 1193 1322 1261 pro

129 1288 212 1355 τοῖος
237 1279 301 1346 (lici
325 1281 436 1365 possit.
463 1279 601 1347 Facilior
619 1281 710 1346 venia
731 1287 782 1346 cst
802 1280 988 1346 errantibus
1009 1290 1043 1346 ut
1059 1285 1118 1358 20,
1140 1285 1193 1346 16.
1206 1283 1231 1346 ol
1245 1283 1321 1359 ἡγε-

129 1383 217 1463 μόνες
252 1385 542 1468 ὑπερδιατεινόμενοι
570 1385 622 1452 καὶ
646 1387 690 1451 τά
714 1387 829 1452 ἑαυτῶν
852 1383 956 1455 tuero
982 1387 1175 1460 ἐπαινοῦντες
1197 1405 1254 1470 pro
1277 1386 1320 1452 τά

131 1493 241 1558 ἑαυτοῦ
276 1489 398 1566 ἔκαε-ος.
446 1493 543 1558 Recte
579 1493 664 1558 euim
703 1496 760 1568 20,
794 1495 846 1558 56.
876 1491 909 1556 τί
940 1491 1004 1573 γάρ
1034 1491 1138 1557 ἐκεῖνοι
1170 1491 1321 1567 παθόντες

132 1597 341 1671 ἑκατοντάδας
371 1599 424 1666 καὶ
454 1597 606 1680 χιλιάδας
637 1598 772 1677 βιβλίων
794 1595 898 1666 ἕκαεοι
923 1595 1208 1680 συγγεγράφασιν,
1232 1616 1321 1662 uani·

131 1725 191 1791 que
220 1701 326 1774 ἕκατον
353 1725 414 1770 non
447 1713 523 1770 sunt
548 1703 668 1788 singuli
693 1702 891 1791 philosophi,
916 1701 972 1768 scil
995 1704 1020 1770 ol
1044 1705 1104 1787 ἀφ’
1128 1703 1241 1779 ἑκάτοιο
1265 1713 1321 1781 τῆς

131 1810 292 1892 αἱρέσεως,
323 1821 360 1878 ut
392 1830 548 1878 numerus
577 1809 734 1876 librorum
765 1808 986 1888 demonstrat,
1012 1808 1077 1874 illic
1101 1810 1221 1896 singuli
1245 1818 1322 1876 sunt

132 1919 279 1998 ἡγεμόνες
311 1937 404 1984 suana
440 1918 570 2005 quisque
599 1924 718 1982 sectam
753 1915 951 1982 extollentes.
999 1914 1138 1981 Facilior
1168 1923 1237 1995 est,
1270 1918 1321 1981 in·

132 2044 248 2110 qnam,
280 2025 373 2090 venia
398 2027 474 2110 quia
501 2026 531 2088 in
555 2023 677 2109 optimo
700 2041 828 2108 quoque
851 2022 1008 2108 scriptore
1032 2022 1132 2087 Attico
1156 2021 1203 2087 sic
1227 2041 1321 2109 saepe

133 2130 262 2216 impune
297 2139 346 2196 est
383 2137 561 2216 peccatum.
609 2127 760 2194 lnilicabo
796 2147 883 2194 nunc
916 2127 1045 2213 quidem
1077 2147 1094 2193 c
1121 2127 1321 2196 Xenornonrr

133 2235 295 2302 nonnulla:
322 2236 355 2301 iu
379 2235 517 2302 Anchari
540 2235 600 2312 lv,
626 2254 664 2312 u,
687 2239 718 2301 8.
744 2232 835 2300 ἄλλοι
860 2235 891 2301 δὲ
915 2240 973 2299 τῶν
997 2239 1162 2316 τρατιργῶν
1186 2237 1320 2303 -1πο-

133 2341 245 2422 aalma
269 2341 288 2426 pi
310 2340 423 2424 ἔτυχον
445 2338 547 2412 ἕκαςοι
577 2341 678 2420 ὄντες,
701 2343 828 2427 corrige
853 2337 872 2423 ᾖ
894 2338 1002 2422 ἔτυχον
1027 2337 1136 2416 traco
1161 2349 1321 2428 expuncto

132 2448 226 2524 δντες.
252 2448 298 2515 Cf.
322 2449 385 2529 lv,
410 2469 452 2515 u.
480 2452 530 2514 lb.
555 2445 614 2524 ὅπερ
636 2447 777 2514 ἐδύναντο
794 2443 914 2518 ἔνατος.
946 2447 982 2512 lu
1008 2445 1180 2512 Hellenicis
1204 2449 1235 2523 l,
1255 2468 1318 2526 vu,

135 2560 163 2620 b.
184 2557 210 2622 oi
232 2555 382 2638 ςρατιργοδ
402 2553 548 2639 βραχέως
567 2549 677 2626 irrasos
697 2555 939 2633 άπελογιίσατο.
963 2553 990 2616 sl
1008 2552 1137 2619 dubitas
1157 2554 1320 2633 άπελογά·

134 2685 222 2728 οαντο
245 2663 388 2750 recipere
407 2660 629 2728 animadverte
647 2659 732 2747 quod
753 2661 907 2725 continuo
926 2655 1057 2724 additur
1076 2659 1129 2724 καὶ
1151 2660 1318 2739 διηγοῦντο.

134 2764 169 2830 ln
194 2767 308 2833 talibus
329 2770 397 2834 sive
417 2769 628 2855 praeponitur
650 2763 760 2840 ἕκαςος
783 2766 849 2831 sive
875 2765 1078 2850 postponitur
1101 2764 1216 2851 plurali
1238 2786 1318 2852 opus

137 2882 191 2938 est.
236 2873 271 2940 ln
298 2874 426 2940 floreno
451 2893 628 2960 numquam
654 2881 816 2961 peccator.
864 2869 960 2936 lliod.

201 2990 233 3046 B.
259 2987 351 3048 775.Ι
382 2978 469 3048 ἵπποι
493 2981 525 3046 δὲ
547 2982 621 3062 παρ’
645 2977 781 3061 άρμασιν
801 2975 876 3044 οἶσιν
899 2973 1009 3049 ἕκαςος
1030 2977 1185 3045 Ἔςασαν.

198 3095 236 3152 Η.
265 3091 340 3153 175.
387 3088 413 3153 οἱ
439 3086 470 3153 δὲ
491 3093 600 3168 κλῆρον
624 3087 816 3164 ἐσημήναντο
839 3080 960 3156 isacar.

196 3201 232 3258 H.
261 3197 335 3259 185.
383 3193 409 3260 ol
433 3193 460 3258 δ’
485 3195 519 3260 οὐ
542 3194 764 3272 γιγνώσκοντες
788 3189 981 3266 άτιρνάναντο
1005 3185 1126 3261 ἕκατοο.

196 3308 233 3364 ll.
259 3304 337 3366 55l.
385 3295 466 3365 οὗτοι
491 3297 540 3380 ἄρ’
564 3298 715 3378 ἡγεμόνες
738 3303 871 3362 Δαναῶν
893 3294 960 3362 ἕλον
984 3295 1079 3376 άνδρα
1105 3293 1225 3371 ἔνατος.

192 3413 226 3472 K.
251 3409 328 3473 att.
375 3410 434 3471 τῶν
458 3402 564 3470 ἄλλων
588 3406 613 3471 ol
637 3401 745 3477 ἕσται-ος
770 3401 815 3467 διν
838 3403 962 3469 δώσουσι
985 3402 1147 3481 μέλαιναν.

137 3517 279 3591 peccatur
302 3530 399 3598 saepe
423 3512 455 3576 in
481 3509 571 3586 aliis,
595 3529 732 3597 quorum
758 3516 822 3572 lam
845 3506 949 3574 facilis
972 3527 1069 3594 quam
1094 3516 1181 3575 certa
1206 3529 1317 3577 emen·

138 3611 215 3681 latio
236 3627 294 3683 est.
344 3618 480 3683 Prorsus
503 3615 612 3683 cadem
638 3616 721 3681 ratic
745 3624 794 3681 est
818 3611 994 3699 eademque
1018 3614 1147 3679 errandi
1168 3613 1316 3701 lrequen·

139 3721 178 3786 tia
205 3722 236 3787 in
267 3723 364 3796 ἄοινος
396 3721 496 3801 baca,
532 3721 677 3799 ἄλλοθεν,
709 3719 838 3799 basoli,
868 3717 967 3802 άιιιρ,
998 3718 1102 3794 ἄλλος
1127 3728 1159 3786 et
1182 3721 1317 3799 similia.

139 3823 167 3888 in
196 3827 310 3912 quibus
342 3831 420 3895 item
447 3827 533 3896 verbi
559 3846 715 3896 numerus
741 3825 922 3894 subiectum
950 3828 1119 3912 sequitur,
1147 3834 1182 3892 nt
1205 3825 1319 3896 Gram-

139 3933 239 3999 matioi
269 3933 464 4020 loquuntur,
497 3953 558 4000 non
592 3933 843 4020 appositionem.
879 3934 910 3996 in
937 3951 998 4017 qua
1025 3931 1162 3998 subiecti
1189 3935 1319 4019 partitio

139 4044 192 4102 est.
236 4037 275 4106 ut
297 4047 346 4106 est
368 4039 454 4126 apud
479 4039 667 4107 Sarnusrruu
694 4039 784 4106 Gelil.
810 4043 841 4104 6.
866 4038 950 4103 aliur
973 4037 1036 4104 olio
1059 4059 1146 4104 more
1168 4039 1318 4117 viventes,

141 4140 188 4206 ubi
219 4145 332 4212 nubent
358 4145 577 4232 exenrplorum
603 4148 800 4233 lntcrpreles
823 4142 1025 4222 attulerunt,
1050 4146 1097 4211 sio
1126 4144 1241 4210 Graece
1262 4143 1319 4210 ala-

141 4259 186 4320 λοι
216 4248 317 4324 ἄλλως
346 4251 491 4331 λέγοντες
525 4251 646 4319 dicitur
677 4273 739 4318 non
771 4251 890 4331 λέγων,
922 4270 1118 4338 quamquam
1146 4270 1241 4337 saepe
1265 4272 1322 4340 per

142 4352 253 4420 scribas
280 4376 340 4422 non
364 4356 459 4424 licuit
484 4358 626 4444 antiquis
650 4360 694 4424 ita
719 4358 848 4434 dicere,
874 4367 910 4424 ul
933 4357 1088 4424 solebant.
1126 4358 1162 4424 ln
1183 4357 1323 4424 Anchari

144 4453 188 4532 ll,
213 4481 242 4540 ι,
269 4465 319 4529 lll.
344 4461 431 4550 quod
455 4483 534 4553 pace
557 4463 764 4532 librariorum
789 4472 822 4532 et
845 4463 1004 4531 editorum
1030 4463 1153 4530 dictum
1178 4463 1240 4542 sit,
1266 4481 1322 4549 pu·

1119 4571 1135 4617 ο
