3208 4972
716 375 785 446 tut

153 570 298 654 οίτέφννι
335 571 494 651 προφήτης
529 572 582 636 ead
619 569 790 651 ίιαοοίρρρνς
824 567 877 634 καί
911 568 1113 648 ξυναγωγεὺς
1148 566 1201 633 καὶ
1235 565 1342 634 πάντα

154 676 245 757 μόνος
270 675 364 749 αὐτὸς
386 675 434 741 dr.
465 675 519 741 καὶ
542 682 602 741 τιῦν
626 676 750 756 βίβλων
773 673 833 747 τας
856 673 914 752 μὲν
937 673 1081 753 ἐξηγεῖτο
1103 670 1156 738 καὶ
1179 671 1341 756 διεσάφει,

154 783 279 856 πολλοῦς
303 781 336 846 δὲ
359 780 452 854 αὐτὸς
475 781 528 848 καί
551 781 729 863 ξονέγραφε
753 779 806 845 καὶ
829 779 944 854 driade
967 779 1061 846 αὐτὸν
1083 779 1188 844 tertre
1212 780 1343 857 ἡγοῦντο

154 887 207 954 καὶ
239 886 382 977 νομοθέτῃ
409 887 540 968 ἐχρῶντο
573 887 625 952 καί
657 884 810 968 προοιίτνν
840 884 1033 968 ἐπέγραφον.
1062 885 1115 950 τὸν
1141 883 1247 964 μέγαν
1270 887 1343 963 γοῦν

153 993 264 1060 ἐκεῖνον
299 990 344 1057 ἔτι
374 991 500 1070 σέβοντι
529 994 582 1059 τὸν
613 990 764 1075 dodonaeo
794 991 845 1056 τὸν
876 991 907 1056 ἐν
937 1000 976 1074 τῇ
1008 989 1183 1074 notaretur
1211 991 1344 1058 dearm-

153 1097 356 1174 λοτιτίέντα,
387 1094 433 1162 ὅτι
465 1099 570 1173 καινὴν
599 1097 718 1176 ταύτην
748 1096 877 1171 τελετὴν
907 1095 1079 1175 εἰσήγαγεν
1110 1097 1153 1164 cic
1182 1095 1235 1162 adr
1263 1096 1342 1175 βίον.

156 1202 295 1268 Librarii
317 1200 369 1268 his
390 1202 496 1270 verbis
520 1202 593 1290 ptus
612 1203 799 1271 detrimenti
818 1200 1000 1269 attuierunt
1019 1219 1115 1287 qoam
1137 1198 1269 1267 fanatici
1290 1199 1343 1266 ho·

156 1309 345 1374 muncioues
375 1307 567 1375 Christiani:
601 1309 634 1375 hi
663 1310 749 1376 enim
773 1326 902 1374 summa
926 1325 985 1394 ope
1006 1303 1113 1372 delere
1145 1303 1264 1371 librum
1289 1324 1344 1372 ne-

153 1411 334 1500 quidquam
364 1414 470 1480 conati
504 1424 600 1494 suut,
633 1415 678 1481 itii
706 1414 751 1480 ita
783 1411 987 1492 afflixerunt,
1017 1419 1054 1478 ut
1083 1407 1161 1497 quid
1193 1409 1344 1476 Ιιιιαιιιιιιε

156 1519 275 1584 dixerit
297 1537 359 1584 non
380 1518 592 1605 intelligatur.
641 1522 686 1587 Ac
707 1520 848 1606 primum
869 1515 1000 1604 quidem
1020 1513 1265 1602 transponeret
1287 1515 1344 1580 αὖ·

154 1625 208 1697 τίς
239 1622 416 1708 ξονίρραφε
446 1645 505 1711 pro
536 1627 630 1700 αὐτὸς
660 1625 733 1699 καί,
764 1623 879 1692 deiude
908 1621 1051 1710 expende
1082 1640 1123 1688 au
1155 1619 1234 1687 hueu
1269 1639 1344 1687 reru

156 1729 251 1796 lectio
283 1749 353 1795 esse
385 1726 549 1797 videatur:
590 1731 644 1798 καί
674 1733 713 1804 aa
744 1730 808 1796 teto
838 1729 932 1795 αὐτὸν
966 1728 1087 1812 ᾐδοῦντο
1118 1724 1171 1792 καί
1202 1723 1346 1806 νοριοίίτρ

156 1837 292 1917 ἐχρῶντο
322 1835 376 1901 καί
408 1835 565 1917 τριτάτην
594 1835 820 1920 ἐπεγράφοντο.
848 1834 935 1913 μετὰ
968 1838 1043 1913 γοῦν
1075 1834 1183 1898 ἐκεῖνον
1214 1828 1259 1897 ἔτι
1292 1829 1344 1894 τί·

154 1939 245 2017 βουοι
281 1939 333 2004 τὸν
374 1934 527 2022 οῦνίροιτον
562 1942 625 2007 ert.
693 1941 729 2007 {u
770 1939 985 2023 ἐπεγράφοντο
1024 1939 1184 2005 ttrurraus
1217 1953 1345 2022 quoque

157 2045 292 2124 incidit,
318 2045 350 2111 iu
375 2047 511 2113 caeteris
536 2065 665 2123 errane;
687 2047 775 2127 μετὰ
797 2049 873 2126 γοῦν
897 2047 1007 2114 ἐκεῖνον
1031 2043 1155 2112 dictura
1179 2049 1230 2110 est
1252 2049 1289 2108 ut
1311 2041 1343 2106 ia

157 2150 251 2216 Pluto
275 2153 353 2218 too.

383 2255 437 2321 καὶ
460 2257 516 2332 τὴν
538 2265 675 2336 γυναῖκα
698 2258 751 2323 eet
774 2259 826 2328 τὸν
850 2257 912 2325 vido
934 2255 986 2322 τὸν
1008 2253 1098 2335 μόνον

384 2357 416 2426 ῦν
440 2361 499 2439 tyto
523 2367 605 2444 φιλῶ
628 2362 754 2442 auterre
776 2363 885 2442 recedo
908 2360 959 2427 τέ.

155 2475 286 2533 caetera
318 2485 445 2552 queque
468 2468 577 2531 otunia
609 2476 674 2533 tam
701 2467 870 2554 perspicua
894 2475 991 2544 suut,
1021 2472 1144 2530 utnon
1177 2463 1221 2529 sit
1244 2461 1344 2530 inter-

157 2581 248 2658 prete
271 2590 361 2657 opus».
411 2570 445 2636 ln
481 2575 499 2656 S
526 2576 576 2637 12.
601 2574 626 2638 oi
650 2573 800 2654 Χριςιανοὶ
824 2573 987 2655 τνραφοροὶν
1011 2567 1182 2647 ποιούμενοι
1205 2568 1242 2634 τὸ
1264 2571 1346 2650 τοῦ·

155 2701 232 2756 γμα
251 2676 358 2742 adure
383 2676 513 2754 ἐκίνουν,
536 2679 685 2764 suspicor·
705 2663 876 2763 legendum
898 2696 969 2742 esee
989 2673 1097 2741 τιίντα
1119 2673 1200 2740 attor
1218 2673 1345 2750 ἐκίνουν,

159 2793 194 2848 ut
221 2783 354 2848 Graecis
377 2780 518 2849 sciemue
540 2789 590 2848 est
608 2782 726 2850 dicere.
773 2764 808 2848 l'n
835 2785 854 2867 ς
879 2787 917 2850 ta
939 2779 1146 2848 uehementer
1169 2776 1249 2846 mihi
1269 2786 1346 2846 suot

157 2889 229 2954 uitii
263 2894 412 2973 suspecta
444 2886 523 2954 haec
558 2887 670 2956 verba:
703 2890 733 2955 ir
763 2888 884 2970 βραχεῖ
918 2887 983 2967 γὰρ
1013 2887 1172 2969 ἀφειδοῦσι
1203 2887 1345 2965 aduror,

157 2995 234 3079 quia
259 2993 290 3082 ἐν
312 2993 451 3073 βραχεῖ,
475 2992 559 3078 quod
584 3013 711 3081 semper
733 2991 895 3078 significat
919 2992 1020 3068 breui,
1045 3012 1133 3060 nuuc
1156 2994 1347 3080 necopinato

156 3106 208 3164 est
232 3097 316 3165 idem
341 3105 439 3183 atque
462 3099 500 3171 cir
526 3095 597 3170 ἔτος
621 3100 735 3178 εἰπεῖν,
759 3097 845 3185 quod
868 3098 897 3164 si
920 3097 993 3184 quis
1016 3117 1216 3184 concoquere
1241 3107 1345 3185 potest

159 3224 223 3270 nou
242 3201 336 3270 tacite
356 3203 495 3288 reperiet
510 3201 634 3282 locutu,
659 3205 689 3270 iu
710 3224 773 3290 que
791 3203 931 3272 haereat.
963 3203 1051 3270 Fieri
1067 3211 1189 3291 potest,
1209 3211 1244 3272 ut
1260 3203 1345 3291 quod

159 3308 242 3376 mihi
262 3328 356 3394 saepe
376 3306 453 3374 atitt
470 3315 518 3374 est
538 3307 741 3375 obseruatum
762 3308 847 3376 idern
868 3308 943 3376 huic
960 3307 1154 3377 locaveram
1174 3307 1345 3377 lectionem

159 3415 322 3482 restituat.
371 3411 491 3480 Vocula
515 3423 565 3481 est
588 3416 696 3481 Attica
720 3413 889 3495 ἔμβραχυ,
917 3433 981 3501 qua
1004 3414 1137 3482 Veteres
1159 3413 1347 3501 frequenter

160 3519 352 3598 utebantur,
376 3537 504 3605 quaque
522 3521 691 3588 dtticistae
709 3520 890 3586 orationem
910 3537 1001 3586 suant
1020 3520 1195 3598 ornabant,
1215 3529 1347 3588 auctore

160 3625 228 3710 ipso
258 3622 390 3692 Lenaiou
421 3625 452 3692 io
485 3624 562 3692 Arte
598 3623 761 3692 Rhetorica
797 3645 828 3711 ρ.
858 3628 931 3690 159.
957 3623 1066 3698 Brun.
1099 3622 1154 3690 ubi
1186 3624 1347 3710 exquisite

158 3727 316 3814 quaedam
340 3728 493 3798 uocabula
514 3731 622 3798 Attica
642 3729 806 3814 eleganter
824 3729 998 3817 scripturis
1021 3726 1236 3798 commendat.
1261 3727 1347 3798 Suri·

160 3833 218 3902 lrae
238 3833 384 3902 voculam
405 3835 548 3920 ignotam
568 3835 629 3904 eibi
646 3835 750 3902 celent
767 3835 847 3900 satis
863 3842 1050 3902 constanter
1066 3833 1243 3921 depravare
1261 3834 1296 3900 iu
1317 3835 1347 3900 ἐν

159 3941 300 4021 βραχεῖ.
325 3941 419 4007 cuiue
443 3941 490 4007 rei
514 3940 674 4028 permulta
698 3939 844 4026 exempta
867 3937 933 4006 ridi
958 3938 992 4004 in
1015 3937 1185 4006 (lodicibus
1208 3947 1265 4008 aut
1291 3957 1348 4006 ra·

161 4046 319 4115 riantiutu
342 4044 517 4116 lectionum
537 4047 673 4115 acervis.
708 4046 811 4114 Etiam
833 4045 866 4110 iu
889 4043 954 4112 illis
973 4044 1068 4121 tucis,
1093 4043 1147 4112 ubi
1171 4043 1258 4112 docti
1278 4063 1348 4112 ma-

160 4151 256 4236 gistri
280 4170 376 4220 usunu
400 4151 525 4237 antiqui
551 4150 696 4220 vocabuli
720 4149 872 4233 ἔμβραχυ
893 4147 1096 4236 aperiebant,
1119 4149 1244 4216 saihue
1268 4148 1348 4216 nihii

160 4257 342 4340 cogitantes
364 4259 395 4322 ἐν
417 4259 541 4340 βραχεῖ
561 4255 612 4324 rel
631 4257 671 4337 ίμ
694 4257 817 4339 βραχεῖ
840 4255 1060 4334 substituunt,
1090 4253 1175 4341 quod
1208 4255 1240 4320 iu
1266 4253 1350 4322 Hat-

160 4379 340 4430 rocrurtour
377 4361 498 4432 ridebis
533 4369 566 4430 et
601 4361 765 4430 idesruuro.
820 4363 973 4430 horreretur
1009 4362 1077 4448 ipse
1109 4361 1142 4428 in
1177 4358 1350 4426 Godicibue

161 4475 250 4536 certe
273 4476 388 4538 auctor
420 4476 469 4536 eet
499 4467 659 4554 exquisite
688 4469 870 4556 scripturo,
904 4475 940 4534 ut
971 4487 1030 4554 pro
1061 4467 1169 4540 ιὶτλῦι
1194 4471 1290 4553 ponat
1319 4465 1350 4530 ἐν
