3204 4978
694 373 760 443 301

134 573 297 658 ingenium
322 579 353 638 et
380 570 518 638 indolem
545 570 711 638 insinuare
741 575 874 636 strenuo
900 577 931 636 et
957 567 1116 635 indelessa
1140 569 1247 637 labore
1271 591 1323 635 no·

133 676 219 757 lent,
245 677 286 744 iis
308 677 391 744 viam
413 679 539 766 praeire
556 686 588 745 et
608 676 781 764 propositis
794 674 949 764 exemplis
962 674 1155 763 quibusdam
1170 677 1322 764 insignio·

133 783 221 853 ribus
245 805 316 852 eum
342 785 498 852 rationem
527 784 566 850 iis
585 786 712 871 aperire
735 789 767 849 ct
788 783 987 870 patefacere,
1011 804 1109 871 qnam
1131 785 1191 872 ipsi
1213 786 1245 851 in
1259 785 1324 851 sin·

130 891 215 979 gulis
240 900 478 980 persequantur
496 899 528 958 et
549 890 736 977 perficiant,
763 899 798 955 ut
818 891 1013 977 comparatis
1034 890 1119 956 inter
1139 911 1208 956 sese
1229 889 1324 958 nrbe-

131 997 297 1064 niensibus
316 1006 348 1064 et
368 995 515 1075 ionibus,
537 997 652 1062 Atticis
672 1005 704 1062 et
718 997 894 1075 Atticistis,
907 997 1051 1083 antiquis
1062 1005 1094 1063 et
1108 997 1322 1083 sequioribus,

129 1105 218 1170 sanis
241 1111 273 1172 et
297 1103 423 1190 aegris,
443 1101 719 1189 praestantissime
738 1121 866 1189 quicque
878 1123 952 1168 curn
967 1102 1199 1181 deterioribus,
1212 1123 1324 1171 ornnes

129 1210 273 1278 omniurn
301 1218 481 1295 temporum
507 1208 682 1294 scriptores
705 1207 844 1275 Graecos
866 1208 1044 1297 intelligere
1069 1208 1195 1275 discant
1219 1218 1251 1276 et
1275 1211 1323 1276 sie

127 1315 328 1404 interpretari
360 1332 442 1402 quae
473 1311 534 1379 sibi
567 1322 652 1380 recte
685 1314 849 1382 intellecta
882 1314 965 1394 sint,
990 1323 1023 1383 et
1053 1316 1217 1382 emendare
1240 1335 1323 1404 quae

129 1429 312 1510 temporum
336 1429 370 1487 et
397 1419 565 1486 hominurn
591 1422 670 1486 vitio
694 1419 831 1506 intelligi
852 1420 892 1486 ab
916 1441 995 1487 sano
1015 1419 1145 1487 bomine
1170 1442 1231 1488 non
1254 1442 1322 1509 pns-

126 1527 202 1594 sint.
253 1524 477 1614 Cornpluscula
515 1527 579 1592 iam
620 1529 651 1593 in
686 1529 876 1594 decrescere
924 1528 1126 1607 notavimus,
1170 1527 1321 1596 nonnulla

127 1636 158 1700 in
195 1633 330 1700 Lucieno
361 1631 561 1699 emendando
597 1631 836 1720 adspersimus,
876 1632 1034 1720 permulta
1079 1635 1320 1722 unusquisque,

125 1741 180 1829 qui
212 1739 369 1806 Luernuuu
404 1737 576 1825 diligenter
605 1759 679 1806 cunr
715 1739 870 1818 Putrem,
903 1739 1067 1820 laeenam,
1102 1740 1321 1818 Dcuosruernr,

126 1833 559 1931 lrrsrornnnrcemparare
589 1855 619 1910 et
650 1845 721 1911 eius
755 1842 929 1912 dictionem
966 1845 1005 1910 ad
1038 1844 1167 1912 illorum
1193 1849 1322 1933 exigere

125 1954 298 2031 instituet,
339 1951 407 2038 ipse
439 1951 526 2017 nulle
567 1952 694 2038 negotio
728 1952 885 2038 reperiet,
922 1951 1131 2039 quamebrem
1169 1951 1320 2019 nonnulla

124 2059 271 2128 breviter
283 2057 554 2145 perstringemus,
570 2055 746 2144 insigniora
759 2055 916 2144 quaedam
932 2057 1064 2124 uberius
1076 2077 1321 2145 persequemur.

171 2167 215 2233 Ao
237 2164 381 2253 primunr
403 2163 533 2251 quidem
555 2162 642 2230 illam
663 2161 766 2229 labem
789 2161 916 2229 dicendi
939 2171 971 2230 et
992 2162 1213 2231 confusionem
1238 2163 1322 2230 indi·

124 2271 293 2348 eabimus,
318 2291 380 2357 qua
405 2291 517 2337 omnes
539 2271 705 2358 sequiores
730 2267 875 2336 laborare
901 2268 1042 2348 videbis,
1067 2289 1167 2357 quum
1204 2271 1322 2338 Atticis

125 2379 232 2446 lonina
270 2375 377 2463 inepte
409 2378 558 2444 inserunt
581 2387 613 2444 et
639 2386 811 2462 utramque
835 2373 1009 2442 dialectum
1033 2374 1108 2442 olim
1130 2376 1322 2444 certissimis
1423 2371 1426 2378 “

126 2483 245 2551 bnibus
270 2483 552 2571 circurrrseriptam
579 2482 751 2549 ridiculum
778 2483 810 2548 in
837 2481 967 2548 modurn
992 2482 1215 2549 commiscent.
1259 2481 1320 2564 Qui

126 2589 293 2678 eleganter
315 2589 477 2656 scribendi
511 2587 697 2656 lanultatem
722 2609 761 2655 ex
786 2587 879 2655 libris
903 2598 1048 2655 ueterum
1074 2587 1265 2674 colligebant
1289 2597 1321 2654 et

125 2695 273 2768 alebant.
310 2715 371 2761 uon
404 2696 529 2764 minore
559 2695 668 2763 studio
699 2703 731 2760 et
763 2694 978 2760 admiratione
1012 2695 1198 2760 flanonornu
1223 2713 1320 2782 quant

118 2804 248 2870 'Atticos
274 2801 573 2889 prosequebantur,
592 2809 624 2869 et
645 2800 738 2868 melle
759 2800 936 2868 dulciorem
970 2799 1145 2867 dictionem
1179 2799 1321 2867 llerodo·

124 2918 207 2976 team
234 2927 313 2976 cunr
332 2907 459 2995 eloquin
479 2908 588 2974 Attico
612 2909 644 2974 in
667 2927 723 2974 sua
745 2907 866 2992 scripta
890 2905 1180 2986 transfundebant,
1206 2926 1319 2994 parurn

125 3015 331 3084 attendentes
355 3033 452 3101 quarn
485 3014 677 3080 inconcinne
707 3021 740 3080 et
771 3012 970 3099 ineleganter
995 3012 1048 3080 illa
1072 3014 1214 3091 coirent,
1239 3033 1322 3101 quae

124 3132 237 3213 suapte
261 3132 380 3188 natura
409 3141 447 3187 ex
473 3120 533 3188 bde
564 3141 673 3187 rernm
718 3119 857 3187 discreta
897 3139 1024 3207 semper
1062 3140 1154 3188 more
1188 3119 1322 3208 locoque

124 3227 275 3298 luissent.
327 3228 383 3295 Est
406 3247 443 3294 ea
471 3247 523 3294 res
548 3225 750 3308 huiusmodi,
777 3234 811 3292 ut
834 3226 913 3292 satis
938 3226 981 3293 sit
1006 3225 1151 3314 exempla
1173 3246 1320 3293 errorum

125 3356 263 3424 ponere,
288 3334 407 3424 quibus
442 3332 579 3401 celerem
611 3331 727 3420 aliquis
760 3351 916 3420 quaerere
947 3333 1084 3420 proterit,
1109 3333 1135 3398 si
1161 3332 1264 3413 volet,
1289 3339 1323 3400 at

126 3443 284 3528 permixta
316 3461 387 3509 esse
417 3457 498 3528 quae
527 3438 606 3506 olim
635 3458 764 3525 semper
793 3447 941 3524 separata
976 3436 1096 3505 luerint
1122 3459 1217 3506 nemo
1249 3437 1322 3505 inb·

127 3547 189 3612 tias
218 3547 283 3627 ire,
310 3547 402 3614 utin
435 3567 469 3614 re
500 3555 609 3625 certa,
634 3546 762 3635 poterit.
812 3544 866 3612 Sin
892 3542 971 3610 mibi
995 3543 1128 3631 quidem
1154 3547 1321 3634 periuepta

127 3650 230 3720 solent
260 3651 380 3730 rideri,
412 3673 495 3740 quae
523 3637 646 3741 scripta
675 3651 809 3717 suntin
846 3649 932 3718 buno
966 3648 1116 3729 modum,
1148 3650 1243 3738 quale
1273 3661 1323 3718 est

129 3760 171 3822 tr
183 3806 192 3836 ,
229 3763 256 3823 l.
280 3761 340 3840 χρὴ
363 3759 481 3826 αὐτίκα
504 3757 600 3838 μάλα
630 3755 804 3839 segestrae
835 3756 887 3824 τὸν
916 3756 1103 3823 Ἀπόλλωνα
1130 3757 1147 3833 ἢ
1181 3756 1324 3839 olxrcloel

126 3863 160 3929 ol
184 3865 240 3940 rin
263 3863 353 3943 δόξαν
377 3873 433 3942 πῆς
464 3863 598 3946 τέχνης,
632 3872 689 3930 aut
720 3865 737 3950 §
765 3867 819 3930 54.
850 3864 905 3938 rin
930 3861 1091 3944 κωμῳδίαν
1117 3864 1201 3946 αὐτῷ
1226 3864 1322 3948 παρέ·

126 3967 223 4052 ζενξα
246 3970 299 4036 καὶ
324 3971 410 4038 κατὰ
440 3975 529 4038 τοῦτο
560 3972 681 4048 πολλήν
709 3971 742 4037 ο1
773 3967 1000 4051 μηχανώμενος
1024 3970 1080 4046 etv
1105 3966 1241 4046 εὔνοιαν,
1265 3977 1322 4037 aul

126 4079 188 4155 68,
214 4079 268 4142 21.
294 4077 319 4144 el
343 4077 375 4143 δὲ
399 4078 452 4144 καὶ
470 4076 595 4151 παντως
618 4073 764 4155 διὲγνωςο
786 4077 820 4142 οἱ
839 4072 1126 4151 ἀπαλλάττεσθαι,
1147 4083 1179 4140 et
1202 4079 1264 4153 l'l,
1289 4081 1320 4144 l.

126 4179 207 4258 ἥκειν
243 4183 287 4256 εἷς
317 4182 438 4265 Ἀρειον
476 4181 602 4262 πάγον,
645 4184 712 4249 ἐκεῖ
738 4183 770 4249 δὲ
809 4183 865 4258 τὴν
902 4182 961 4261 μὲν
1000 4182 1097 4257 Δίκην
1133 4182 1323 4265 ἀποκληροῦν

125 4287 306 4371 repleturi
326 4289 507 4372 δικαςῆρια,
532 4299 564 4358 et
589 4293 653 4369 70,
668 4293 728 4356 -21,
750 4286 913 4372 tergente
939 4292 1057 4372 σφισι
1082 4287 1117 4353 τὸ
1137 4284 1271 4369 ἔκπωμα
1290 4299 1323 4356 et

126 4395 212 4478 §lb
235 4395 513 4476 ἀναγιγνωσκέσθω
529 4395 648 4480 σφίσι
671 4395 707 4462 τὸ
730 4392 869 4461 πινάκιον
889 4401 921 4460 el
942 4391 1081 4473 similla,
1107 4413 1165 4482 pro
1182 4395 1268 4478 αὐτῷ
1291 4404 1324 4464 el
1361 4405 1363 4410 '

125 4499 231 4575 αὐτοῖς
266 4519 357 4570 more
391 4501 500 4570 lonico
537 4501 655 4570 llourm
690 4510 723 4570 et
759 4500 915 4568 Henenorr
948 4501 1070 4588 posita,
1094 4499 1179 4587 quod
1206 4500 1321 4569 vitium
