3160 4972
726 412 794 484 385

174 607 354 674 Atticorum
379 628 474 695 saepe
496 606 636 688 deserit,
671 617 707 677 ut
730 631 766 678 ea
790 608 1011 694 velignomre
1036 605 1184 673 videatur
1208 608 1254 673 vet
1279 613 1367 675 certe

174 713 252 778 nibil
284 732 410 780 curare.
459 715 495 780 ln
526 715 592 779 vita
626 714 761 783 Periclis
790 734 860 802 cep.
886 719 916 780 3.
950 711 1083 780 scribit:
1121 721 1270 794 Περικλῆς
1302 713 1367 795 γάρ

173 815 207 896 ήν
241 825 300 886 τῶν
321 817 393 898 Ιμὲν
426 827 533 904 Φυλῶν
568 823 824 901 Ἀκαμαντίδης,
867 827 926 886 τῶν
958 820 991 886 δὲ
1025 821 1126 898 δήμων
1162 820 1365 901 Χολαργεύς,

172 945 235 1013 quo
260 924 353 990 modo
377 945 471 992 nemo
497 946 649 1013 umquam
676 938 820 996 veterum
846 934 895 994 est
919 925 1057 992 locutus.
1113 923 1228 991 Forma
1261 925 1367 992 Attica

171 1042 305 1119 apparet
329 1032 361 1097 in
386 1032 525 1098 Aristide
546 1052 617 1120 cap.
644 1039 672 1100 1.
698 1033 868 1114 Ἀριςείδης
888 1033 901 1099 ί
921 1031 1112 1113 Λυσιμάχου
1132 1038 1236 1115 φυλής
1254 1025 1367 1112 μδνήν

171 1138 379 1218 Ἀντιοχίδος,
411 1138 525 1204 τῶνδὲ
550 1138 651 1217 δήμων
680 1141 915 1219 Ἀλωπεκῆθεν,
949 1137 1003 1204 ubi
1028 1137 1155 1224 vulgata
1180 1135 1274 1204 leutio
1297 1145 1368 1204 enai

171 1243 223 1310 τὸν
243 1245 275 1310 δὲ
295 1246 389 1323 δῆμον
406 1242 566 1310 tralaticio
582 1265 713 1324 errore,
733 1267 829 1333 quern
844 1264 1020 1332 numquam
1035 1245 1267 1310 cunrmiserunt
1281 1251 1364 1311 rete·

171 1369 243 1426 res,
268 1359 300 1416 at
320 1369 413 1437 saepe
431 1351 472 1415 iis
490 1351 638 1417 Graeculi
658 1350 817 1419 aliricant.
850 1353 952 1434 Quam
975 1370 1091 1436 magne
1111 1349 1199 1436 copia
1220 1349 1363 1418 locorum

170 1464 219 1522 est
251 1455 306 1522 ubi
340 1457 383 1523 ita
415 1455 591 1533 scribitur,
626 1445 715 1525 utin
744 1459 894 1525 Peiroms
926 1456 1154 1544 dutbpplnone
1188 1475 1260 1544 pag.
1282 1462 1313 1523 5.
1339 1478 1365 1524 e.

171 1559 216 1632 ἔτι
248 1563 280 1629 δὲ
308 1563 362 1630 τδν
393 1563 486 1644 δήμου
518 1563 667 1643 Πιτθεύς,
704 1563 737 1628 in
771 1563 829 1629 buc
861 1562 931 1630 lucu
961 1572 993 1630 et
1024 1562 1186 1628 similibus
1217 1561 1367 1631 omnibus

171 1669 398 1757 corrigendum
423 1689 493 1736 esse
513 1675 572 1734 τῶν
596 1670 699 1750 δήμων
721 1678 752 1736 et
779 1671 860 1735 ratio
882 1668 975 1736 docet
999 1678 1031 1736 et
1051 1669 1125 1736 boni
1151 1667 1224 1734 libri
1248 1669 1365 1758 saepis·

171 1776 253 1842 sime
288 1775 507 1843 confirmant·
541 1775 639 1842 Recte
672 1795 760 1842 nunc
791 1773 899 1842 editur
930 1776 963 1842 in
1002 1775 1206 1841 Themistocle
1235 1794 1306 1863 cap.
1337 1783 1365 1843 1.

170 1883 341 1957 Νεοκλέους
379 1883 538 1964 Φρεαρρίου
572 1888 632 1948 τῶν
668 1883 785 1961 δήμων,
827 1882 890 1948 nisi
932 1879 1017 1969 quod
1064 1880 1274 1949 Athenienses
1307 1888 1367 1948 τῶν

171 1989 273 2068 δήμων
304 1987 371 2056 lere
395 2008 589 2075 praeponere
615 1987 729 2056 solent.
777 1986 857 2054 Vide
887 1987 1073 2054 [linnomuua
1097 1986 1138 2053 ad
1164 1986 1240 2055 baec
1268 1987 1365 2056 nerlu

172 2094 386 2161 Denusrunnts
409 2114 439 2180 p.
462 2095 566 2171 1005,
601 2099 651 2160 15.
676 2093 745 2160 είπέ
768 2119 837 2174 μοι,
862 2093 990 2172 Βοιωτέ,
1015 2092 1106 2160 πάθεν
1129 2099 1180 2161 νῦν
1201 2097 1366 2176 Ἀκαμαν-

168 2202 250 2274 τίδος
295 2205 398 2285 Φυλής
446 2199 580 2279 γέγονας
625 2199 678 2266 καί
720 2206 779 2267 τάν
822 2201 923 2280 δήμων
966 2199 1116 2282 Θορίκιος;
1163 2199 1218 2286 11111
1256 2221 1367 2268 omnes
1468 2267 1470 2271 ,

170 2305 297 2373 codices
319 2307 371 2372 τὸν
395 2306 489 2387 δήμου
511 2303 551 2371 de
575 2325 664 2372 more
691 2305 860 2386 exhibent,
895 2325 977 2372 unus
1002 2303 1042 2385 S,
1077 2312 1111 2371 ut
1139 2306 1232 2385 solet,
1256 2325 1364 2373 veram

170 2409 339 2478 lectionem
371 2420 479 2478 servat
508 2409 606 2478 solus.
653 2409 755 2492 Quam
784 2411 984 2498 negligenter
1012 2411 1144 2498 scripsit
1173 2412 1366 2480 Pennancnus

172 2519 204 2583 in
238 2515 376 2584 Aristide
406 2537 476 2604 cap.
499 2523 531 2584 5.
556 2516 724 2598 μέλλοντος
748 2519 780 2584 δὲ
802 2523 856 2584 τοῦ
883 2518 1053 2600 προέδρου
1080 2518 1133 2584 τδν
1158 2517 1253 2597 δήμον
1282 2519 1367 2586 ἕπε·

170 2627 296 2708 ρωτοῖν
322 2661 362 2674 -
386 2626 489 2699 cinisii
513 2628 567 2689 τοῦ
592 2625 819 2708 ψηφίσματος,
851 2645 907 2712 pru
934 2629 989 2691 τοῦ
1020 2623 1170 2695 teretem
1198 2633 1231 2691 et
1253 2625 1365 2706 ἒπιψιρ·

169 2729 280 2816 φίζειν.
317 2729 351 2796 ln
384 2749 454 2817 cap.
483 2734 502 2796 t
527 2731 665 2817 pessime
688 2728 808 2816 legitur
836 2731 939 2811 κρίνων
969 2731 1101 2804 ἰδιώταις
1131 2731 1200 2797 δυσί
1222 2749 1281 2817 pro
1301 2732 1365 2813 κρί-

169 2862 224 2904 νων
248 2835 411 2903 δίαιταν
436 2836 518 2914 δυσί,
543 2835 599 2902 sed
625 2835 732 2918 κρίνειν
752 2836 874 2902 δίαιταν
900 2857 963 2902 nun
988 2838 1105 2903 sumsit
1129 2835 1169 2901 ab
1190 2835 1364 2904 Athenien·

169 2943 271 3010 sibus.
298 2942 333 3009 ln
356 2963 427 3031 ουρ.
450 2947 492 3009 bl
514 2941 637 3030 dieitur
657 2942 816 3010 Aristides
835 2945 890 3020 τήν
909 2945 1102 3027 άπογραφήν
1119 2949 1176 3009 τῶν
1192 2941 1364 3026 χρημάτων

169 3051 372 3128 ποιήσασθαι,
400 3057 434 3116 at
457 3057 582 3115 veteres
607 3050 701 3116 inea
726 3069 761 3115 re
791 3069 902 3116 onmes
931 3048 1028 3128 τάξαι
1052 3048 1223 3127 dicebant,
1255 3053 1271 3116 l
1293 3051 1363 3126 τοὺς

169 3155 278 3240 Φίρους
309 3154 412 3233 τάξας
440 3163 505 3229 τοῖς
534 3156 685 3230 Ἕλλησιν
717 3157 897 3238 Ἀριςείδιρς.
928 3156 992 3223 vit.
1018 3157 1161 3222 :insertam
1194 3155 1233 3221 de
1255 3153 1296 3226 F.
1325 3155 1362 3224 L.

170 3265 263 3350 555.
287 3263 320 3328 in
346 3259 479 3347 Clesiplt.
511 3261 621 3345 §tte
646 3263 853 3346 Ἀπογραφήν
874 3264 1024 3329 ποιεῖσθαι
1047 3270 1096 3328 est
1119 3281 1243 3328 censum
1272 3285 1366 3350 apere

168 3377 201 3436 et
229 3367 269 3434 de
293 3367 447 3434 bertranis
470 3363 534 3431 diei
562 3365 652 3434 solet.
699 3367 836 3435 Τάττειν
866 3369 936 3444 τοὺς
960 3369 1070 3451 φόρους
1094 3365 1291 3435 reddendum
1316 3376 1365 3437 est

170 3473 349 3540 Pnunnncno
385 3473 416 3537 in
453 3471 593 3539 Aristide
623 3493 691 3560 cap.
721 3477 781 3553 56,
828 3473 881 3540 ubi
917 3469 967 3540 ὅτε
1001 3475 1071 3548 τοὺς
1104 3473 1214 3559 φόρους
1249 3473 1363 3541 ἔταττε

169 3578 338 3665 legendum
362 3597 421 3666 pre
449 3577 602 3660 ἔπραττε,
627 3599 716 3667 -quae
747 3579 843 3647 rerba
873 3600 910 3647 ex
940 3581 1079 3646 Ceersnu
1108 3579 1300 3667 descripsit,
1329 3589 1362 3648 et

170 3685 202 3749 in
228 3703 297 3772 cap.
322 3687 377 3751 27.
403 3683 476 3762 μηδ’
507 3685 643 3769 ἐντάφια
669 3685 897 3765 καταλιπόντι,
930 3687 1005 3772 quia
1029 3683 1088 3752 bec
1112 3684 1289 3752 absurdum
1314 3699 1365 3757 est

171 3787 256 3856 baud
284 3791 351 3858 scio
381 3809 420 3856 an
452 3790 649 3858 Pnurnncnus
674 3793 841 3878 scripserit
871 3793 949 3873 μηδὲ
977 3799 1137 3876 ταφῆναι,
1174 3812 1257 3880 quae
1289 3801 1363 3860 nota

169 3903 219 3961 est
244 3897 275 3960 in
300 3913 336 3961 ea
361 3915 395 3962 re
418 3895 553 3974 locutio,
579 3905 615 3963 nt
640 3898 671 3963 in
698 3898 793 3964 Pluto
818 3917 864 3966 vs.
888 3902 964 3965 556.

260 4003 286 4067 εί
311 4000 497 4083 Φειτάμενος
522 4003 575 4070 καί
598 4004 762 4087 μοχθήσας
785 4004 975 4085 καταλείψει
998 4005 1076 4085 μηδὲ
1098 4009 1250 4089 ταφῆναι.

168 4114 201 4172 el
225 4107 257 4172 in
284 4105 459 4174 Ecclesiae.
484 4129 530 4174 rs.
552 4113 630 4176 591.

326 4212 379 4279 τδν
402 4215 459 4293 μὲν
483 4223 694 4281 πλουτεῖν-
718 4218 761 4299 τῷ
785 4212 912 4283 δ”είναι
935 4217 1012 4296 μηδὲ
1035 4223 1188 4303 ταφῆναι.

167 4317 205 4385 ln
231 4319 295 4384 vile
321 4317 446 4385 Solonis
467 4339 539 4407 cap.
566 4325 605 4387 18
625 4341 682 4408 pro
702 4325 763 4389 τῶν
781 4322 878 4401 νόμων
896 4324 1109 4404 κυριεάτοντας
1122 4311 1365 4394 male'Snrmrs

168 4423 362 4505 κυριεύοντας
387 4423 492 4504 dedit,
518 4428 662 4514 recipere
681 4427 818 4495 debebat
836 4430 951 4510 κυρίους
971 4429 1081 4510 ίντας,
1109 4439 1144 4497 ut
1163 4433 1270 4499 neseio
1290 4434 1364 4519 quis

167 4529 349 4598 rectissime
374 4533 535 4613 correxit,
560 4543 589 4600 et
613 4541 682 4621 post
707 4553 808 4623 pauca
832 4533 966 4602 emenda
989 4535 1084 4603 παντί
1108 4545 1260 4619 λαχεῖν
1279 4537 1365 4614 δίκην

1183 4646 1215 4692 κο
