3178 4972
716 409 761 482 35

135 610 190 678 τῆς
226 606 339 685 ιιιιιρῖιο
371 610 430 670 τῶν
450 603 652 688 ιέγοραιέμων
674 602 849 682 ἐξελοῦνται
876 606 960 685 ἡμᾶς
982 602 1104 686 χειρός,
1135 603 1190 669 ubi
1213 604 1331 684 ἐξαιρη·

134 731 241 775 σονσαι
267 709 416 776 Graccum
437 718 496 776 est.
523 709 598 776 Fuit
620 709 694 776 olim
711 709 768 778 boc
783 713 897 777 vitium
912 709 1155 798 pervulgatum,
1180 707 1329 796 quoplds

134 815 355 882 excusationis
392 815 504 895 babet,
540 834 737 903 atramquam
774 814 946 902 diligenter
975 813 1149 881 admonent
1181 813 1327 900 Magistri

134 921 362 986 auctoritatem
388 930 533 988 veterum
557 929 765 1009 opponentes.
805 921 935 988 Psornus
955 941 983 1007 p.
1008 925 1083 988 121.
1107 926 1164 996 15,
1189 921 1326 988 ιιαέαι-

132 1026 304 1106 ρησετε,
329 1028 362 1091 οὐ
386 1028 624 1094 sudseriae:
651 1025 832 1102 Oauvarbnr
856 1025 908 1093 aral
933 1033 992 1094 τῶν
1013 1025 1119 1092 ἄλλων
1141 1029 1167 1092 ai
1187 1026 1326 1108 τελείους,

133 1150 198 1196 nou
231 1127 394 1197 audebant
417 1128 525 1198 dicere
548 1133 600 1198 καὶ
626 1134 652 1198 al
675 1127 767 1198 ianas
792 1131 996 1212 σύμπαντες,
1032 1141 1161 1220 propter
1185 1131 1327 1198 auctori·

133 1243 234 1302 tatem
260 1233 363 1301 iutilis
385 1245 497 1324 poetae
522 1238 660 1318 consini,
686 1237 892 1318 Truosrnnrr,
923 1257 1017 1324 quem
1040 1236 1215 1304 adversarii
1240 1243 1325 1304 tam·

133 1360 230 1428 quam
258 1340 439 1407 machinam
463 1341 694 1420 admovebant,
720 1341 782 1409 vid.
811 1343 944 1410 Bauium
965 1343 1195 1418 ιὶνσιασιικισήν
1219 1361 1249 1428 p.
1269 1347 1323 1410 80.

135 1451 188 1514 12.
222 1445 249 1512 E
285 1446 400 1513 Paorro
433 1447 653 1516 errrendandus
683 1448 808 1527 Sarnus,
840 1449 934 1516 cuitus
957 1447 1047 1515 locus
1070 1456 1243 1534 corruptus
1268 1447 1324 1514 Lo·

132 1572 239 1618 aucam
263 1549 371 1618 iraudi
395 1550 456 1619 luit
480 1553 519 1620 ad
547 1555 659 1621 Psnru.
688 1574 717 1640 p.
745 1558 821 1621 itt.
851 1554 953 1636 Quam
974 1554 1126 1641 frequens
1147 1551 1244 1620 luerit
1264 1551 1323 1619 hoc

133 1659 249 1724 vitium
275 1657 391 1724 notabo
411 1659 443 1724 in
463 1679 501 1724 ea
521 1669 669 1738 auctore,
694 1680 757 1746 quo
779 1679 872 1726 nemo
892 1658 1080 1746 diligentius
1101 1657 1251 1726 Oratores
1268 1658 1323 1724 At·

132 1763 208 1830 ticos
240 1772 272 1830 et
306 1763 483 1830 ilistoricos
511 1774 543 1831 et
568 1763 775 1851 Philosophus
798 1765 907 1844 trivit,
941 1766 1109 1832 Dronusmu
1133 1763 1205 1830 dico
1230 1763 1322 1830 llnnr·

132 1888 360 1936 eranasssnssu
380 1869 414 1935 ιἰι
433 1868 679 1958 Antiquitatibus
698 1870 865 1950 Bouiania,
888 1871 912 1936 Ι.
935 1875 997 1949 et,
1022 1872 1113 1955 ζῆλοι
1135 1868 1323 1950 ἀξιούμενοι,

133 1975 303 2041 verissime
332 1975 496 2042 Vaticanus
518 1975 617 2042 codex
636 1975 838 2056 ἐξελούμενοι.
864 1978 916 2045 lV.
930 1984 988 2054 78,
1005 1973 1223 2057 μεσοβασιλέα
1239 1978 1322 2042 ἑλοῦ·

132 2105 202 2160 μαι.
252 2079 319 2146 Vll.
346 2081 541 2161 116,ε’ξελε1.
579 2081 662 2148 Vlll.
689 2087 750 2160 34,
774 2083 970 2150 ἀνελούντων.
1007 2087 1070 2159 86,
1094 2080 1269 2159 ἐξελοῦντες
1286 2079 1322 2148 τέ

133 2187 281 2269 φρούριον.
307 2185 361 2252 tx.
388 2191 451 2266 26,
476 2187 531 2264 σέρν
554 2174 932 2268 Ῥωμαίωνιιαέελοῦντες
951 2189 1061 2271 ἀρχήν.
1095 2188 1135 2255 X.
1162 2192 1218 2265 49,
1241 2188 1321 2269 νέφε-

134 2301 236 2358 λεῖται
269 2293 304 2358 τέ
335 2293 482 2372 εὐσεβές,
521 2293 575 2360 Xl.
607 2298 665 2373 18,
688 2296 857 2373 οένελοῦμεν
881 2296 915 2360 ἐιι
938 2295 1033 2373 μέσον
1057 2294 1127 2365 τοὺς
1150 2292 1320 2377 Φλυοέροιις.

135 2397 232 2464 Recto
265 2397 454 2464 Gnsauaonus
488 2397 541 2464 Xl.
578 2404 617 2476 d,
651 2401 820 2483 οὶφελεῑσέε
855 2400 1022 2486 rescripsit
1053 2419 1110 2485 pro
1140 2397 1320 2482 ἀφείλεσθε.

136 2501 240 2570 Simili
275 2501 368 2568 modo
401 2502 484 2570 Vlll.
519 2506 582 2583 at,
617 2525 674 2590 pro
705 2507 808 2572 οὶιεῖλε
839 2505 974 2572 errreuda
1004 2507 1112 2572 ἀνελεῖ
1132 2511 1165 2569 et
1190 2503 1228 2569 x.
1258 2507 1320 2582 44,

135 2609 322 2690 ἐξαιροῦντες
346 2608 466 2695 relinge
490 2610 522 2675 in
546 2608 733 2687 ἐξελοῦντες.
782 2611 815 2676 Si
839 2620 906 2677 tam
931 2631 1024 2698 saepe
1048 2609 1186 2696 deliquit
1209 2609 1322 2675 liranu-

136 2734 216 2792 sms,
245 2714 439 2782 (triticorum
464 2715 665 2796 acerrimus,
690 2736 827 2784 censura
851 2716 1009 2783 columbis
1035 2734 1165 2802 paruere
1189 2715 1317 2802 poterit.

179 2817 330 2887 Maiorem
356 2821 453 2887 etiam
476 2821 516 2887 ab
539 2841 575 2887 ca
601 2831 692 2908 parte
715 2825 953 2890 excusationem
975 2819 1070 2890 habet
1090 2839 1199 2898 error,
1224 2838 1319 2906 quem

138 2945 221 2991 nuno
254 2925 422 3006 indicabo,
452 2947 516 2994 non
549 2935 674 2996 tantum
699 2949 905 2996 communem
929 2927 1098 3006 omnibus,
1129 2923 1183 2991 sed
1210 2931 1337 3012 perpe·'

137 3039 239 3097 tuum.
285 3033 418 3118 Legitur·
453 3032 536 3120 apud
567 3035 779 3101 Acerranorum
810 3035 864 3102 ΙΙΙ.
899 3037 952 3101 58.
978 3037 1017 3110 5,
1048 3029 1144 3106 λιέλος
1169 3029 1319 3110 patronii

137 3137 255 3218 ψέέυρος
279 3138 396 3217 οἰκέτης
419 3138 577 3220 οὶγορεύσει
601 3139 636 3205 τέ
660 3143 798 3222 τρῖιγμα
819 3139 861 3215 εἷς
881 3139 1059 3224 τούμφανές
1079 3145 1112 3203 et
1128 3136 1184 3203 ΙΙΙ.
1207 3140 1261 3202 69.
1284 3141 1321 3214 1,

139 3241 321 3324 έξηγέρειισα
353 3247 542 3330 Μνησιλόχῳ
576 3247 618 3328 τῷ
651 3253 796 3312 Παιανιεῖ
813 3247 867 3322 την
890 3253 946 3319 τῆς
969 3252 1115 3324 γαμετῆς
1138 3241 1321 3320 ἀσέλγειαν.

140 3347 282 3426 Vitium,
306 3349 392 3437 quod
417 3351 588 3438 utrobique
601 3357 669 3430 est,
695 3350 740 3417 ita
764 3369 899 3436 arguam
925 3360 959 3415 nt
984 3349 1087 3415 labem
1112 3345 1322 3413 earrdemlata

140 3451 322 3538 glismntem
360 3455 457 3522 simul
492 3476 646 3543 argutam,
682 3475 716 3521 re
752 3457 846 3542 paulo
877 3456 975 3523 altius
1007 3455 1152 3542 repetita.
1190 3451 1322 3532 ,Λέγειι

140 3556 259 3623 dicendi
280 3569 311 3626 et
336 3559 483 3647 loquundi
504 3559 771 3646 significationem
798 3565 828 3627 in
858 3559 961 3628 tribus
983 3570 1110 3627 tantum
1135 3557 1322 3644 compositis

143 3664 273 3744 relinet,
305 3663 503 3746 ἀντιλέγειν,
535 3667 692 3746 ἐπιλέγειν
722 3677 753 3733 et
782 3668 952 3747 προλέγειν.
999 3664 1134 3752 Reliqua
1159 3661 1247 3728 verbi
1272 3661 1323 3728 λέ·

144 3793 205 3848 γειι
228 3769 366 3848 familia,
401 3781 435 3838 ut
462 3774 506 3838 ita
527 3771 653 3850 dicam',
678 3782 708 3839 et
733 3776 881 3853 cognatio
905 3774 937 3838 in
962 3769 1150 3858 corapositis
1173 3765 1324 3834 omnibus

146 3884 295 3960 superest:
330 3878 403 3959 ἐρῶ,
430 3874 530 3956 εἶτον,
556 3877 682 3960 εέρηιια,
708 3875 846 3958 εέρημαι,
870 3879 1047 3962 εἰρήσομαι,
1072 3875 1211 3957 tauto,
1236 3873 1323 3957 iniri·

147 4001 246 4060 σιμαι,
272 3987 369 4064 iriam,
401 3983 502 4065 ρἠτές,
533 3985 654 4066 ρἠτέον,
684 4004 747 4048 nou
776 3991 900 4050 teritum
929 3987 960 4051 in
987 3986 1099 4064 οἱντερῶ
1123 3988 1203 4057 cet,
1228 3981 1322 4061 έιτεριῗι

147 4093 222 4165 cet,
245 4095 353 4172 προερῶ
374 4098 435 4157 cet.
457 4097 602 4167 exstant,
624 4087 801 4155 sedeadem
824 4092 931 4156 anania
951 4097 1027 4155 sunt
1049 4089 1079 4152 in
1104 4088 1216 4168 αιεριῖι,
1238 4087 1322 4152 aival-

149 4211 214 4268 τοι,
243 4195 406 4277 ἄνεέρηιια,
437 4195 611 4276 οένερριὶέην,
649 4194 809 4276 οὶνοέρρησις
839 4203 901 4261 cet.
949 4192 1106 4260 Similiter
1137 4191 1169 4257 in
1203 4195 1323 4275 ἀτερῶ,

149 4291 239 4376 διερῶ,
271 4298 377 4381 ἐξερῶ,
409 4307 543 4380 κατερῶ,
574 4306 724 4382 ιτροσερῶ,
749 4305 856 4382 σιινερῶ
880 4309 911 4366 et
937 4302 1052 4380 ὑστερῶ,
1079 4296 1197 4384 quibus
1221 4317 1322 4385 quum

151 4393 241 4467 lorum
265 4405 296 4470 in
322 4405 422 4485 -λέγιι
448 4405 532 4472 nulla
559 4405 782 4492 responderet,
807 4409 839 4472 in
864 4407 933 4473 eius
955 4407 1060 4472 locum
1082 4402 1181 4470 subiit
1204 4403 1322 4490 ubique

152 4538 190 4555 -
207 4512 336 4592 ιιγορεύιο
367 4520 396 4579 el
428 4548 472 4562 -·
505 4512 652 4595 ηγέρειιον.
699 4511 753 4579 Sia
783 4511 797 4578 i
829 4511 921 4597 κήρυξ
950 4513 1051 4594 adrepti
1076 4518 1134 4577 11114
1163 4507 1321 4576 circinari
