3150 4972
764 345 834 415 100

203 539 345 604 retinent
369 541 550 622 ὑπεσχόμην
574 543 759 624 ἀποφαίνειν
783 543 838 617 τίον
861 539 961 614 ἀλλον
987 536 1091 604 οὐσίαν
1115 535 1190 613 sed,
1215 534 1299 622 quod
1324 555 1395 602 rem

204 645 352 725 conficit,
384 647 481 712 ἔίεσίε
511 648 597 725 νόμον
621 685 666 698 -
689 651 757 724 τοὺς
789 648 996 718 ἀντιδιδόντας
1027 645 1193 719 ἀλλήλοις,
1226 639 1300 710 όταν
1323 641 1396 721 όμό·

203 775 313 824 σαντες
344 755 539 836 ἀποφαίνωσι
564 756 618 828 τίον
640 758 744 822 οῦσίαν
768 756 962 835 προσομνύειν
992 753 1076 818 τόνδε
1099 751 1150 815 τόν
1174 747 1273 830 όρκον·
1298 752 1395 815 ἀπο-

205 858 331 936 φαίνω
355 862 408 935 τίον
440 861 545 926 οῦσόαν
576 863 630 935 τὴν
663 863 818 938 ἐμαυτοῦ,
847 863 921 947 quis
947 877 1098 944 umquam
1126 856 1251 921 audiuit
1275 857 1394 920 sic-itt·

205 973 330 1028 rentem
356 975 412 1030 alit
444 968 574 1032 Αίίιειιιό
608 969 782 1033 luccesse
807 967 941 1032 loruraur
966 963 1176 1030 iurisiurandi
1201 961 1310 1028 credet
1338 982 1397 1048 pro

204 1071 377 1150 ἀποφανῦί
415 1072 449 1136 Iu
479 1075 629 1139 llcroroorr
652 1076 731 1138 lilrro
755 1075 806 1139 lV.
831 1095 857 1139 c.
881 1079 941 1138 tlt
968 1071 1065 1136 codex
1094 1069 1240 1154 Arrltiep.
1266 1067 1398 1134 exhibet

204 1179 257 1240 οῦκ
280 1177 341 1259 ἔφη
366 1179 465 1256 μένειν
490 1183 565 1245 ἀλλ’
588 1181 865 1253 ἀποπλεόσασόαι.
888 1177 940 1242 alit
963 1178 1035 1242 libri
1066 1178 1315 1242 circumductor
1341 1175 1394 1241 de·

206 1279 342 1360 derunt,
370 1294 472 1363 μενεῖν
504 1287 697 1364 Srermuus,
738 1286 853 1350 mulius
883 1285 1063 1350 llrruoorrus
1094 1283 1220 1361 μενέειν.
1268 1282 1303 1347 lu
1333 1281 1394 1346 Lu·

205 1407 291 1452 ortuo
315 1411 441 1476 quoque
466 1413 527 1457 oou
548 1391 662 1456 desunt
685 1391 846 1457 luculento
869 1389 1033 1476 exemplo,
1058 1399 1091 1454 ut
1113 1395 1174 1467 tlt,
1197 1394 1250 1454 55.
1276 1390 1307 1453 οῦ
1330 1388 1395 1468 νάρ

206 1495 333 1561 ὁντινοῦν
372 1499 615 1582 ἀποφαίνειν
658 1500 852 1579 συγγραφέα
887 1499 1013 1578 φαμὲν,
1050 1498 1124 1561 ἀλλ’
1162 1491 1396 1570 ὑποδείξειν

205 1601 287 1674 όδοός
316 1629 422 1681 τινας,
467 1607 496 1668 in
533 1609 549 1688 §
583 1611 622 1669 54
656 1613 688 1668 et
722 1611 762 1670 δῦ
792 1604 977 1685 ἀποφαίνειν
1009 1603 1109 1684 φασί,
1143 1599 1319 1680 ὑπόσχοιντ’
1355 1598 1396 1665 ἀν

203 1709 389 1790 ἀποφαίνειν
418 1719 449 1775 εί
482 1711 560 1776 πολὺ
589 1711 703 1787 ἀμείνω
736 1710 920 1791 ἀποφαίνειν
954 1709 1071 1795 ultique
1104 1709 1237 1774 restitue
1265 1708 1395 1787 ἀποφα-

205 1821 264 1877 νεῖν
299 1824 330 1880 el
364 1837 434 1880 mox
467 1819 491 1881 εί
525 1818 559 1890 δῦ
590 1822 731 1882 τοιαῦται
768 1822 938 1896 φανοῦνται
980 1836 1037 1901 pro
1076 1815 1250 1897 φαίνονται.
1300 1815 1398 1878 Recte

206 1918 433 1987 Berienos'tu
469 1925 486 2007 §
522 1929 562 1987 54
600 1943 656 2008 pru
687 1922 917 2002 συγρράφοντα
953 1921 1040 1987 dedit
1075 1920 1303 2002 συνγράψοντα
1340 1918 1395 1984 sed

207 2024 286 2090 nihil
326 2027 467 2113 proderit
504 2028 602 2093 dorico
635 2031 695 2094 δεῖν
735 2028 934 2113 suppleveris
970 2035 1039 2113 post
1072 2025 1163 2104 ι’ίκειν.
1212 2026 1397 2092 Ridiculum

207 2131 321 2196 vitium
365 2136 572 2218 praetervidit
608 2137 640 2199 iu
676 2139 693 2218 §
727 2139 779 2200 55.
817 2135 868 2198 οῦκ
900 2136 929 2206 ἐς
964 2133 1084 2207 ’ποίησιν
1118 2140 1176 2199 τῶν
1212 2133 1398 2216 προσόντων,

208 2257 281 2302 nam
307 2249 415 2305 ectum
442 2247 527 2328 ogit,
563 2243 616 2327 qui
650 2241 716 2306 vult
742 2249 836 2306 ποιεῖν
859 2240 902 2304 τά
927 2239 1097 2320 προσόνπαε
1125 2239 1260 2305 emenda
1284 2247 1343 2305 τάν
1365 2241 1400 2304 οὐ

207 2345 386 2424 προσόντων.
436 2348 502 2413 Nou
539 2350 647 2413 utinus
679 2355 766 2413 certe
800 2366 851 2411 res
884 2353 932 2411 est
965 2345 998 2408 in
1033 2349 1090 2422 37,
1125 2348 1153 2414 1.
1193 2345 1325 2424 ἔμελλεν
1355 2381 1401 2394 -

207 2448 328 2516 ἕσεσίαι
352 2453 405 2518 καὶ
438 2455 594 2537 ἐκφαίνειν
620 2475 676 2540 pro
707 2456 862 2534 ἕκφανεῖν.
911 2451 1058 2516 Tertium
1085 2450 1240 2517 iudicium
1268 2471 1401 2537 corrup·

206 2556 288 2622 telae
308 2567 357 2623 est
379 2561 510 2646 voculae
528 2560 565 2627 ἀν
591 2563 623 2626 iu
650 2561 810 2626 sexcentis
833 2557 910 2624 locis
933 2556 1046 2620 vitioso
1068 2558 1218 2623 omissio:
1248 2557 1333 2623 nulla
1350 2565 1402 2623 est

207 2663 339 2743 rocula,
365 2686 446 2750 quae
471 2665 598 2733 facilius
623 2667 809 2733 intercidet:
843 2665 913 2731 eius
945 2662 1032 2728 salus
1056 2663 1243 2749 saepissime
1266 2683 1284 2728 e
1310 2663 1402 2729 tenui

206 2768 322 2835 lineola
346 2771 522 2857 pendebat,
543 2781 579 2839 ut
599 2773 790 2840 oculatiores
811 2772 926 2848 etiam,
947 2790 1042 2856 quem
1057 2768 1180 2834 scribae
1194 2767 1402 2835 describendi

206 2875 348 2941 taedium
376 2881 427 2945 vix
458 2879 662 2958 devorantes,
692 2878 781 2943 dulrii
814 2876 969 2942 haereant
993 2885 1102 2942 utrum
1128 2885 1331 2942 MAAICTA
1355 2895 1394 2941 au

207 2967 418 3049 MAAICT‘A‘
439 2985 469 3049 id
497 2993 545 3049 est
568 2985 678 3064 μάλις’
701 2983 739 3049 ἀν
765 2985 922 3070 scripturn
948 2984 992 3048 sit
1023 2983 1053 3047 iu
1079 2981 1210 3060 Codice,
1234 3003 1329 3068 quem
1356 2989 1403 3049 te-

209 3096 306 3151 neant
331 3090 491 3154 manibus.
540 3091 715 3157 Levissima
747 3090 786 3156 de
811 3109 906 3156 causo
931 3087 969 3154 ἀν
992 3089 1094 3174 perit,
1120 3088 1186 3154 sive
1210 3088 1289 3175 quid,
1312 3109 1402 3176 prae·

210 3191 294 3256 cedit
327 3195 394 3258 sive
427 3197 574 3281 sequitur
602 3197 686 3282 qood
711 3217 773 3261 non
801 3195 937 3261 multum
964 3194 1143 3280 discrepet,
1169 3194 1329 3281 particula
1350 3193 1404 3260 ab·

210 3297 369 3364 sorbetur.
417 3300 453 3365 ln
478 3301 643 3367 Phaedone
666 3324 696 3389 p.
721 3307 762 3368 ot
787 3323 814 3367 c.
849 3321 941 3368 neoto
964 3300 1094 3367 offendit
1121 3303 1152 3367 in
1176 3301 1242 3368 his:
1267 3303 1293 3367 εί
1317 3300 1349 3367 δέ
1372 3326 1404 3368 τι

210 3403 276 3484 περὶ
308 3406 421 3472 τούτων
450 3410 608 3490 ἀπσρεῑτον
638 3411 682 3488 μὴ
706 3409 850 3485 duodenos
883 3409 936 3473 καὶ
968 3407 1055 3474 αὐτοὶ
1085 3409 1181 3473 εἰπεῖν
1215 3407 1243 3472 εί
1265 3432 1307 3492 περ
1332 3409 1405 3486 ὑμῖν

207 3514 357 3589 φαίνεται
379 3516 502 3595 βέλτιον
521 3517 684 3594 λεκίῆναι,
709 3535 821 3581 omnes
848 3525 934 3582 recte
958 3515 1002 3580 ita
1027 3517 1192 3604 occipiunt
1214 3533 1251 3579 oe
1276 3515 1302 3578 si
1327 3515 1407 3594 βίλ-

211 3645 273 3687 τιον
298 3619 340 3688 ἀν
357 3622 507 3704 λεχθῆναι
533 3633 616 3688 esset
642 3623 819 3707 scriptum,
845 3621 899 3686 sed
923 3631 956 3687 ot
977 3620 1037 3686 ltoc
1056 3620 1255 3706 intelligatur
1273 3641 1405 3688 necesse

213 3736 262 3792 est
284 3738 319 3793 ut
343 3729 386 3793 ite
413 3729 585 3794 scribetur.
634 3727 725 3814 dpud
751 3728 949 3794 Tuucruroru
975 3727 1027 3793 vt.
1055 3733 1109 3794 dl.
1134 3724 1259 3806 νομίζων
1283 3727 1299 3803 ἢ
1323 3731 1405 3795 ἀπο-

213 3834 336 3915 τρέψειν
361 3834 377 3910 ἢ
401 3834 558 3914 μάλιςα
581 3833 673 3908 οὕτως
699 3837 853 3915 ἀσφαλῶς
875 3837 1045 3900 ἐκπλεῦσαι
1067 3843 1142 3900 sunl
1163 3834 1219 3920 qui
1239 3833 1352 3912 μάλις’
1366 3833 1406 3900 ἀν

214 3943 400 4027 requiram,
434 3941 551 4026 quibus
583 3942 758 4018 assentior,
783 3941 978 4026 aliinegaot
1003 3961 1082 4027 opus
1106 3961 1187 4006 esse.
1236 3939 1325 4007 Scire
1349 3961 1405 4007 ve·
1470 4021 1476 4029 .

212 4046 269 4112 lim
294 4067 333 4112 an
360 4047 455 4113 iidem
482 4048 512 4112 iu
539 4047 648 4113 eodem
674 4067 743 4132 cop.
769 4048 801 4112 io
824 4048 928 4113 verbis
948 4051 986 4121 ἀς
1011 4049 1028 4123 ἢ
1050 4045 1331 4128 ιιατοιςρεφομένοις
1349 4049 1405 4128 ἐφ’

213 4152 235 4218 ἀ
267 4151 376 4218 ἔπλεον
398 4152 414 4228 ἀ
442 4154 524 4220 οὐδὲν
543 4153 581 4220 ἀν
597 4161 777 4234 σφαλεῖσαν
795 4154 943 4233 μεράλνν
963 4153 1091 4233 δύναμιν
1111 4173 1213 4239 aequo
1233 4154 1341 4219 animo
1361 4153 1404 4218 la·

214 4259 279 4324 turi
311 4261 395 4338 siut,
429 4261 454 4325 si
485 4260 523 4326 ἀν
555 4268 784 4326 removeretur.
833 4260 923 4345 Piget
951 4257 1039 4338 lere,
1072 4279 1172 4346 quum
1198 4259 1251 4324 isti
1277 4279 1405 4333 errores

214 4367 508 4452 praestantissimos
548 4375 691 4432 veterum
731 4365 929 4444 deforment,
964 4368 995 4431 in
1027 4365 1159 4432 Lucrum
1188 4386 1242 4432 eos
1274 4364 1402 4443 tollere,

213 4473 267 4539 sed
290 4473 447 4560 defungor
471 4494 536 4540 uuo
559 4473 644 4550 loco,
671 4471 755 4538 uude
778 4471 944 4558 digressus
968 4491 1039 4537 sum
1066 4477 1127 4550 70,
1151 4477 1204 4538 51.
1231 4470 1283 4537 uhi
1310 4490 1404 4537 nemo

75 4854 214 4932 A
