3086 4974
811 365 884 438 484

305 558 517 627 Considerent
549 560 642 630 velim
676 563 819 630 iuniores
850 560 899 628 rel
932 563 965 628 in
998 561 1057 630 hoo
1081 581 1145 630 nno
1167 563 1256 642 loeo,
1281 583 1373 652 qnam
1396 563 1432 626 sit

258 664 398 731 sublesta
424 675 455 731 et
481 667 601 734 Punice
637 667 715 736 tides
749 667 904 734 librorum
937 669 1011 735 Mss.
1045 669 1162 757 quihus
1196 669 1339 737 nonnulli
1363 666 1433 736 nihil

256 792 319 838 non
344 770 540 839 eredendum
565 795 635 842 esse
659 774 814 842 iudicant.
862 775 1086 843 Necessarium
1119 786 1167 844 est
1192 777 1362 858 ἐβουλόμην
1384 778 1433 854 μὲν
1507 827 1508 842 .

256 877 296 944 ύυ
321 877 478 966 (nollem),
510 889 545 946 at
575 883 621 948 illi
645 883 818 963 ἐβουλόμην
848 884 905 963 μέν
928 877 977 950 οὖν
1003 883 1149 950 unanimi
1171 903 1332 952 eonsensn
1351 881 1434 950 exhi-

257 983 347 1050 bant:
374 988 590 1054 necessarium
626 1001 672 1056 est
706 1010 743 1056 ex
780 999 863 1056 certo
893 991 1051 1057 sermonis
1075 989 1145 1077 lege
1166 989 1202 1057 ἵν’
1226 993 1315 1069 ἐξῆν,
1340 997 1373 1054 at
1395 987 1434 1054 illi

257 1108 368 1156 omnes
392 1089 477 1157 fideli
500 1095 670 1162 onnoorrlia
694 1095 846 1163 dantiae
869 1093 938 1180 ε’ξῇε
965 1087 1130 1183 praeterea
1149 1117 1261 1163 omnes
1280 1095 1321 1163 ad
1342 1114 1435 1162 unum

258 1195 477 1264 malesanum
504 1201 593 1267 scioli
617 1199 773 1268 emblema
798 1209 984 1269 constanter
1002 1213 1144 1270 servant.

304 1303 379 1369 Post
403 1324 504 1390 pausa
527 1306 636 1373 editur
660 1311 678 1394 §
701 1313 732 1374 3.
758 1307 916 1391 γρύφουσί
932 1333 1012 1382 τινες
1030 1307 1135 1393 ρ’ᾳδίοος
1154 1307 1349 1390 παρανόμους
1368 1309 1436 1389 γνύ-

257 1433 321 1490 μας
343 1411 396 1477 καί
415 1417 520 1478 ταῦτα
537 1409 633 1497 ἕτεροί
648 1437 727 1489 τινες
744 1415 788 1479 ‘rol
805 1415 1006 1495 ψηφίσματα
1026 1413 1275 1498 έπιψηφίζουσιν.
1300 1414 1436 1482 Emenda

256 1518 309 1582 καί
332 1517 471 1585 ταύτΛΟ
494 1517 589 1602 ἕτεροί
611 1544 689 1594 τινες
713 1519 951 1604 ἐπιψηφίζουσιν
974 1529 1135 1606 expuncto
1155 1521 1199 1587 rol
1221 1523 1435 1606 ψηφίσματα,

257 1632 293 1688 ul
317 1625 348 1688 in
376 1627 485 1709 §lae
510 1627 524 1691 l
546 1627 606 1702 τὰς
627 1626 755 1706 γνύμας
774 1627 971 1710 ἐπιψηφίζων
991 1634 1025 1693 el
1048 1629 1156 1712 5128.
1180 1627 1319 1694 aaran.
1335 1627 1436 1714 Lepet.

257 1731 275 1814 ς
300 1733 354 1796 65.
378 1731 448 1803 τοὺς
480 1733 636 1814 προέδρους
667 1733 868 1815 ἐπιψηφίζειν
894 1733 953 1807 τὰς
978 1733 1124 1812 γνύμας,
1148 1741 1181 1799 et
1204 1730 1278 1799 alibi
1302 1737 1436 1822 saepius.

302 1836 334 1900 ln
371 1837 488 1912 vicinia
523 1838 643 1924 legitur
676 1840 731 1907 οὐκ
763 1841 797 1906 έκ
824 1843 878 1906 τοῦ
917 1839 1110 1906 δικαιοτάτου
1140 1838 1252 1921 τρύπου
1286 1841 1436 1923 λαχόντες

255 1942 456 2024 προεδρεύειν,
471 1944 564 2012 —dv
587 1943 620 2011 δέ
648 1968 694 2017 τις
717 1952 775 2012 τῶν
798 1943 904 2012 ἄλλων
926 1946 1100 2026 βουλευτῶν
1122 1945 1213 2020 ὅντως
1236 1945 1327 2031 λύχη
1350 1950 1437 2034 [κλη-

252 2049 389 2131 ρούμενος
414 2050 611 2138 προεδρεύειν]
635 2053 701 2120 xri.
747 2050 945 2138 Opntidum
969 2051 1125 2119 emblema
1150 2061 1182 2120 et
1206 2053 1341 2120 auribns
1376 2075 1437 2120 mo·

252 2154 386 2221 lesluml
423 2156 508 2223 Belle
539 2158 739 2240 κληρούμενος
771 2156 894 2224 addidit
928 2160 1020 2244 qnasi
1051 2159 1322 2246 veroquisquam
1347 2161 1437 2227 aliter

253 2282 351 2352 qnam
383 2265 583 2347 κληρούμενος
609 2267 707 2353 possit
732 2272 865 2346 λαχεῖν,
889 2272 920 2331 et
946 2283 1039 2330 nemo
1064 2283 1218 2351 nmquam
1242 2265 1290 2332 sie
1314 2265 1437 2332 leontos

252 2379 318 2448 est,
345 2371 502 2459 quamsit
519 2370 731 2460 perfrequens
753 2371 871 2455 ἔλαχον
888 2371 1064 2453 βουλεύειν,
1085 2371 1285 2454 προεδρεύειν,
1309 2372 1438 2454 δικάζειν

250 2488 282 2545 et
307 2479 379 2545 sim.

297 2585 333 2652 ln
358 2587 376 2672 ς
401 2591 432 2654 7.
457 2583 573 2670 duplex
597 2581 755 2650 emblema
779 2583 899 2650 exime:
924 2583 1018 2665 μηδὲν
1042 2586 1185 2664 lyristen
1208 2583 1314 2666 μικρὸν
1330 2581 1435 2672 [εἶναι]

251 2699 310 2760 τῶν
337 2692 478 2759 τοιούτων
504 2689 723 2769 οίδικημοίτωυ,
757 2698 789 2755 et
815 2687 892 2778 [έπί]
916 2689 1012 2756 πολὺν
1036 2689 1090 2766 ἤδη
1113 2677 1230 2771 γ’ςρύνον.
1278 2693 1437 2772 Ἡγεῖσύαι

250 2798 355 2883 μικρύν
386 2799 457 2865 alne
484 2794 561 2864 εἶναι
594 2807 642 2863 est
675 2806 887 2874 οοιιίοιιιιιοτυς
919 2797 1061 2874 ιίγεΐσύαι
1091 2805 1123 2864 el
1156 2795 1286 2879 νομίζειν
1309 2800 1338 2864 si
1362 2797 1435 2866 εἶναι

248 2907 395 2976 additum
421 2904 538 2972 habent
562 2902 601 2970 de
625 2904 766 2990 opinione
788 2901 945 2969 dicuntur
966 2903 1036 2970 sine
1059 2904 1206 2970 actione:
1234 2913 1346 2970 eontra
1368 2905 1436 2978 τοὺς

250 3015 363 3086 αὐτοὺς
387 3013 497 3096 φίλους
522 3009 574 3079 καί
598 3010 724 3093 έχύρούς
744 3009 891 3091 νομίζειν,
915 3009 1009 3091 χείρω
1030 3010 1160 3093 νομίζειν
1182 3010 1269 3089 τινύ,
1294 3012 1437 3091 νίγεῒσίαί

250 3147 280 3187 τι
303 3119 427 3202 μικρόν,
452 3118 533 3189 θεοὺς
553 3117 682 3199 νομίζειν
703 3125 735 3183 et
756 3117 830 3182 sim.
850 3115 1046 3184 infinitivum
1069 3113 1146 3183 εἶναι
1167 3137 1229 3182 non
1250 3117 1436 3187 admittunt.

251 3225 483 3313 Aristophanes
506 3223 587 3290 Neo.
614 3229 712 3290 1078.

265 3371 271 3386 ·
339 3338 404 3413 χρῶ
428 3341 467 3416 τῇ
495 3331 607 3414 φύσει,
632 3330 762 3412 σκίρτα,
787 3330 891 3410 γέλα,
916 3329 1019 3409 νίμιζε
1043 3330 1138 3409 μηδέν
1162 3330 1301 3414 οιίσχρύι.

249 3449 281 3509 et
306 3460 353 3506 vs.
378 3441 456 3505 819.

543 3545 578 3609 τὸ
602 3545 666 3610 Δία
689 3541 818 3624 νομίζειν
840 3542 915 3609 ύυπα
935 3545 1134 3618 τηλικουτονί.

295 3655 329 3720 ln
363 3655 436 3738 §8.
474 3649 589 3721 ποίυτες
620 3652 646 3716 οἱ
677 3658 806 3716 πολῖται
840 3643 1129 3731 παρακαταθέμενοι
1160 3651 1215 3726 τίον
1246 3648 1336 3716 πόλιν
1367 3652 1437 3730 ύμῖν

247 3761 311 3853 [καί
340 3762 396 3835 alra
426 3759 586 3825 πολιτείαν
619 3755 889 3843 διαπιςεύσαντες]
916 3758 982 3822 ιιτέ.
1031 3755 1134 3822 Huius
1167 3755 1227 3822 loci
1252 3755 1340 3842 prior
1364 3775 1437 3842 pars

247 3866 383 3934 Athenis
407 3866 528 3952 scripta
552 3873 622 3942 est,
650 3864 807 3950 posterior
832 3864 865 3928 in
891 3861 970 3928 urbe
1003 3859 1219 3929 Constantini.
1270 3863 1436 3929 Praeterea

247 3972 307 4059 leg.
335 3972 388 4036 έοδν
412 3965 564 4052 ἐξελέγξω
589 3991 647 4058 pro
671 3968 894 4048 ἐξελέγξωμεν.

265 4067 267 4070 ’
297 4076 469 4144 Aeschines
503 4080 535 4144 in
568 4077 702 4164 Ctesr’plt.
738 4079 755 4161 §
782 4079 834 4142 10.
869 4073 1039 4160 ᾐσχύνοντο
1070 4076 1134 4158 γὰρ
1154 4072 1240 4157 οἶμαι
1264 4078 1289 4142 oi
1312 4072 1436 4144 δικαςαί

248 4187 273 4253 εί
297 4184 473 4268 φανήσεται
505 4186 599 4259 αὑτὸς
629 4185 702 4264 ύυίηρ
735 4185 765 4248 έν
790 4192 829 4266 τῇ
854 4183 934 4264 αὐτῇ
958 4181 1046 4248 πόλει
1073 4183 1182 4269 [τυχὸν
1207 4182 1239 4248 δὲ
1259 4181 1312 4248 καί
1336 4181 1368 4247 έν
1394 4179 1436 4260 τξι

247 4294 331 4374 αὐτῷ
357 4292 496 4381 ἐνιαυτῷ]
540 4289 639 4377 πρῴην
678 4290 734 4370 μέν
768 4313 844 4356 ποτε
876 4289 1134 4371 οίνοογυρειιύροειος
1165 4285 1211 4356 ύτι
1247 4291 1436 4372 ςεφανοῦτει

247 4401 357 4478 ἀρετῆς
390 4395 479 4464 ἕνεκα
514 4397 567 4464 καί
608 4394 796 4471 δικαιοσύνης
823 4435 865 4445 -
889 4395 994 4476 μικρὸν
1036 4395 1062 4460 δ’
1095 4395 1231 4478 ἐπισχὼν
1254 4434 1298 4444 -
1321 4400 1435 4466 κλοπῆς

247 4503 407 4582 ύΦληνύς.
457 4501 490 4568 Si
515 4503 588 4588 quis
612 4501 671 4568 hoo
696 4510 788 4588 aget,
816 4509 910 4588 turpe
934 4501 1090 4569 emblema
1117 4501 1323 4568 manifestum
1349 4509 1432 4566 tene·
