3150 4972
750 375 819 448 131

183 569 398 659 potationem,
430 593 471 640 ne
504 591 601 640 sensu
631 571 762 660 quidem
794 569 873 637 satis
905 568 1018 636 idoneo
1050 576 1082 636 et
1113 566 1153 634 ad
1177 569 1371 636 sententiam

182 687 267 764 apto.
292 679 534 762 Μαλακύζεούαν
558 687 590 746 et
613 678 762 759 ααλακύν
785 701 815 744 το
840 677 972 743 ἐνδοῦναι
989 674 1110 741 dicitur
1131 674 1187 761 qui
1207 674 1246 742 de
1267 675 1373 761 priore

182 781 310 861 studio,
333 786 531 865 acrimonia,
555 785 778 863 vehementia,
803 782 917 850 ardore
939 781 1077 848 remittit
1098 789 1129 847 et
1149 781 1373 867 quumacrius

183 908 279 974 agere
311 889 507 957 instituisset
532 911 618 958 nunc
643 892 773 977 segnior
798 889 833 955 tit
856 889 988 977 agitque
1013 888 1191 955 remissius.
1242 891 1284 954 tt
1309 907 1371 954 non

183 993 244 1060 hoe
267 994 347 1061 dicit
371 994 505 1062 Orator:
534 997 655 1064 inertes
676 995 823 1062 desidere
842 993 960 1060 clamat
978 995 1064 1079 cives
1084 1013 1177 1072 suos,
1201 993 1281 1059 nihii
1299 1013 1372 1080 age·

183 1119 240 1178 re,
266 1111 387 1186 torpere
410 1102 443 1166 in
468 1103 618 1168 maximis
640 1103 773 1168 Pataram
794 1101 932 1167 iniuriis.
958 1097 1104 1166 Servavit
1127 1098 1218 1164 nobis
1238 1097 1371 1166 verbum

184 1227 259 1274 acre
273 1207 522 1288 Hrnrocmrron,
547 1207 601 1274 cui
621 1207 747 1276 scribae
766 1207 967 1287 μαλακύομεν
979 1203 1200 1273 affricucrunt.
1224 1206 1375 1272 dascarcr

183 1311 297 1391 loeus,
335 1333 398 1400 quo
433 1315 568 1391 nititur,
600 1314 718 1400 partim
744 1316 861 1380 evasit:
887 1315 1007 1391 ύκμνῑτν
1030 1313 1172 1392 nondun
1193 1310 1275 1390 τοδί,
1299 1331 1373 1379 nam

183 1418 268 1506 quod
294 1417 379 1485 docti
404 1417 550 1485 homines
574 1419 761 1506 corrigunt:

503 1525 562 1591 ἔλα
585 1525 667 1591 δύναι’
691 1527 811 1604 οὶκμνῑτο
834 1524 977 1603 μαλκύων
1000 1523 1081 1591 ποδί.

185 1651 249 1696 non
279 1629 430 1696 viderunt
460 1629 537 1697 haec
569 1631 656 1696 inter
687 1649 899 1717 repugnare.
947 1630 1038 1696 Docti
1063 1629 1293 1707 Grammatici,
1319 1627 1375 1718 qui

183 1735 285 1815 λέξεις
309 1734 542 1812 condiderunt,
568 1734 678 1802 sedulo
701 1737 847 1816 ρκλκίειν
872 1736 1075 1822 interpretati
1101 1743 1197 1810 sunt,
1222 1733 1278 1802 sed
1298 1753 1373 1800 cunr

184 1841 359 1928 multiplici
391 1840 569 1908 infortunio
593 1841 748 1929 reliquiae
772 1849 917 1910 veterum
939 1839 1051 1919 λέξεων
1075 1840 1116 1908 ad
1140 1861 1198 1906 nos
1221 1859 1377 1929 pervene-

185 1956 273 2014 runt.
317 1947 493 2014 'Haeremus
520 1947 601 2014 duos
632 1957 782 2014 auctores
813 1949 971 2034 sequitur.
1008 1947 1054 2014 Ex
1081 1947 1182 2014 attero
1203 1946 1376 2033 descripsit

183 2063 400 2137 μαλκοεῑνε
434 2055 469 2118 τὸ
502 2054 559 2120 tet
590 2053 713 2136 ψύχους
744 2052 939 2120 ύνεοτύούαο
969 2053 1030 2128 τοὶς
1056 2062 1189 2137 χεῖρας,
1214 2073 1253 2120 ex
1277 2054 1377 2122 altero

184 2161 434 2242 μαλκύετοοι
461 2167 613 2239 μαλακῶς
637 2160 690 2226 καὶ
712 2161 842 2234 deiende
866 2159 992 2242 ἔχετον,
1017 2161 1155 2234 ἐπιεικῶς
1175 2161 1207 2228 δὲ
1226 2161 1297 2238 τοὺς
1318 2163 1376 2229 ὑπὸ

185 2267 290 2349 κρύους
321 2264 518 2346 κεκμηκότας
544 2266 628 2353 (dege
652 2265 922 2346 κατέσκληκύταςρ
947 2272 1084 2344 onerario
1113 2267 1251 2346 λέγουσι.
1301 2269 1377 2335 Pau·

186 2393 254 2439 rrus
277 2375 356 2439 item
380 2393 397 2439 e
417 2371 542 2438 duobus
561 2371 869 2451 herimannitarum,
895 2371 1011 2439 deinde
1026 2382 1165 2452 μαλκννῑν
1184 2374 1378 2463 iuterpreta-

187 2487 252 2545 tur.
278 2478 474 2544 Paarmcaus
497 2477 634 2544 Baaaaar
658 2475 774 2544 Aneod.
798 2477 822 2542 Ι.
846 2497 876 2566 p.
902 2485 957 2544 51.
983 2488 1145 2557 μκλακνῆν
1168 2480 1290 2549 attutit.
1323 2483 1378 2550 Νι-

186 2603 298 2650 caman
322 2586 353 2649 ἓν
376 2584 535 2664 γλώσσαις
561 2583 659 2670 tapud
684 2582 862 2650 Scaocrnsr.
887 2583 957 2650 Nnc·
984 2584 1129 2651 Tdert'oc.
1151 2605 1198 2653 rs.
1222 2587 1301 2677 582)
1321 2591 1378 2667 rin

187 2689 312 2768 μύλκην
343 2689 422 2774 φησὶ
449 2692 532 2772 ῥῖγος
560 2688 625 2770 περὶ
659 2688 730 2764 τούς
762 2689 860 2763 τύδας
890 2689 943 2756 καὶ
980 2699 1091 2772 χεῖρας
1115 2691 1167 2758 καὶ
1192 2692 1380 2774 ὑποδήματα

187 2797 295 2872 ridant·

345 2901 522 2981 πνεύματος
547 2899 711 2983 οὶργαλέονο
736 2899 835 2969 ndacii
857 2927 893 2968 τε
915 2902 1130 2981 μαλκεύοντες.

189 3007 220 3074 id
254 3017 304 3076 est
334 3010 530 3088 μαλκύοντες.
579 3006 661 3088 Quia
694 3006 934 3076 Grammaticus
968 3029 1029 3076 non
1062 3009 1180 3077 calceos
1208 3012 1297 3099 ponit
1320 3013 1375 3081 sed

187 3114 349 3200 exemplo,
375 3134 431 3202 pro
456 3113 643 3193 ὑποδήματα
666 3115 793 3200 corrige
818 3115 910 3181 sodes
935 3116 1167 3196 ὑποδείγματα.
1192 3118 1273 3186 Hinc
1299 3121 1379 3188 satis

187 3230 258 3287 tuto
284 3221 387 3286 daero
411 3221 443 3284 in
466 3219 693 3287 Phaenomenis
719 3240 764 3285 rs.
790 3225 855 3286 294
877 3241 967 3288 suoru
995 3241 1127 3289 manum
1154 3226 1325 3307 restitues,
1346 3229 1378 3294 si

188 3326 375 3413 scripseris:

629 3430 701 3498 τότε
724 3432 755 3497 ei
779 3432 865 3513 κρύος
888 3433 922 3498 ἐκ
946 3431 1019 3508 Δούς
1043 3434 1088 3503 der

415 3539 512 3622 ναύτρ
533 3537 698 3617 μαλκύοντν
722 3538 900 3620 κακώτερον.

190 3666 247 3733 pru
272 3643 402 3730 vulgata
426 3644 614 3722 μαλκνύωντν
637 3652 670 3711 et
695 3644 827 3710 Hrsroou
850 3645 884 3710 io
913 3642 947 3710 0.
972 3655 1001 3710 et
1025 3645 1064 3711 D.
1091 3666 1136 3713 vs.
1162 3651 1239 3716 528.
1267 3653 1380 3734 λυγρὸν

187 3751 375 3832 μαλκίοντες
408 3769 467 3836 pro
496 3751 719 3828 μαλκνύαντες.
764 3749 851 3817 Satis
874 3749 972 3817 etiarn
998 3761 1124 3819 certum
1149 3764 1198 3820 est
1223 3755 1254 3820 in
1279 3755 1378 3825 Xeno·

188 3877 314 3924 auonrrs
337 3853 443 3921 tibatto
465 3855 504 3921 de
531 3855 696 3922 Veneticae
724 3875 759 3931 r,
784 3860 816 3922 λ.
844 3875 900 3941 pru
924 3858 958 3922 αἱ
982 3858 1070 3932 κύνες
1092 3863 1296 3938 antoniano
1319 3866 1379 3940 τοὶς

186 3967 271 4048 ῥῖνας
295 3963 328 4028 ού
351 3961 497 4028 δύνανται
517 3961 714 4028 αἰούύνεούαν
736 3959 977 4028 rescribendum
1001 3983 1070 4028 esse
1089 3967 1292 4043 μαλκύοοοαν.
1317 3971 1379 4036 Ar·

189 4069 291 4156 ripuit
324 4067 383 4132 hoc
418 4066 550 4133 verbum
584 4071 752 4143 dacianus,
785 4068 973 4154 perineptus
998 4069 1137 4155 scriptor
1160 4072 1316 4142 librorum
1342 4078 1381 4144 de

189 4176 315 4242 Natura
343 4173 555 4251 Aumatium,
589 4172 774 4239 huiusmodi
809 4173 961 4259 vocabula
990 4176 1099 4241 venari
1124 4177 1238 4246 solitus
1262 4182 1380 4268 quibus

189 4280 367 4346 orationem
399 4287 564 4365 tamquam
590 4279 728 4365 gemmis
752 4276 944 4363 distinguat.
994 4279 1116 4362 Quater
1138 4303 1219 4350 usus
1242 4295 1308 4361 est,
1333 4297 1379 4354 to·

190 4387 252 4452 ties
288 4383 412 4450 scribae
447 4384 670 4471 inquinarunt.
707 4383 731 4449 Ι.
768 4388 824 4449 λ3.
860 4393 1024 4463 μαλακνεῑ.
1058 4387 1095 4453 V.
1131 4393 1181 4454 12.
1214 4401 1377 4470 μαλακνεῖ.

192 4489 246 4557 ΙΧ.
281 4496 312 4556 lt.
343 4497 521 4569 μαλακνεῖν.
558 4491 611 4558 ΙΧ.
640 4495 692 4558 16.
718 4495 957 4570 μαλακοούοαν,
983 4511 1040 4578 pro
1062 4495 1211 4576 μαλκίεν,
1236 4498 1381 4576 μαλκύεον
