3178 4972
853 399 900 472 14

274 595 311 672 db
334 595 378 677 τῷ
400 594 660 679 χρυτιτόμω,
686 592 762 680 lud.
778 633 822 646 -
835 592 994 663 Similiter
1007 613 1080 662 mox
1099 597 1132 661 in
1148 594 1214 662 bis:
1235 595 1281 667 ἔτι
1300 620 1357 664 του
1377 595 1457 664 σύνε-

275 725 322 774 σις
342 700 411 766 νέων
431 700 483 764 ιιοιδ
504 700 653 782 γερόντων
670 702 830 768 οὶσυνεσόοι.
854 701 1108 784 χρυσόσομοι
1121 704 1185 786 γόιρ
1200 731 1233 774 ου
1221 707 1380 774 ’διδόσιιει
1392 705 1458 790 φρό·

275 830 358 882 νησιν
389 806 476 872 ailbei
509 807 605 888 Φύσις
636 809 688 875 eal
713 810 780 890 όρόδρ
804 809 918 875 δόοιιτσι.
947 805 1004 896 (.Cl
1031 813 1459 915 p.734,1o).12iuerax

276 911 451 1000 implexum
478 911 601 980 babens
622 940 637 997 ρ
659 924 691 981 et
714 913 820 996 χρόνος
843 923 876 980 et
900 808 1090 995 Χρόσόςομος
1110 916 1288 1002 signifieat:
1314 920 1368 1006 qui
1389 918 1459 984 baeu

277 1021 311 1085 in
339 1017 394 1085 tali
419 1018 486 1084 loon
510 1019 706 1087 confundere
737 1028 858 1106 potest,
890 1022 919 1086 ei
945 1018 1077 1086 mandes
1099 1023 1126 1086 si
1150 1023 1227 1109 quid
1260 1033 1348 1092 reete
1371 1043 1459 1090 eura·

278 1134 346 1191 tum
379 1123 469 1191 uelis.
517 1125 563 1191 [lx
589 1124 700 1192 eodem
734 1125 821 1194 lente
853 1135 1027 1193 manarunt
1059 1147 1186 1196 errores
1218 1127 1402 1197 huiusmodi
1428 1138 1460 1195 ut

280 1232 453 1299 ὃυυιιυυιυυ
476 1231 571 1315 σοφός
595 1232 741 1310 dicatur,
772 1232 992 1299 llarmsraenes
1022 1233 1134 1312 diuos,
1168 1235 1333 1302 Xnnoeaoo
1364 1234 1459 1314 ξένος,

280 1337 528 1406 dursroreors'
508 1362 626 1421 νιριτοςε
651 1349 762 1406 eontra
788 1337 872 1424 apud
899 1339 1085 1405 lluoroonnr.
1105 1361 1134 1406 ι.
1156 1339 1263 1419 Ζεῦξις
1284 1341 1400 1408 nobilis
1419 1344 1460 1429 pi·
1549 1327 1550 1375 l

277 1453 347 1512 utor
367 1444 489 1511 dicitnr
509 1447 769 1528 Αριςυτόλιιι
786 1451 846 1511 τῶν
864 1469 927 1510 ιιοιτ
927 1446 1102 1513 ’ἐκεῖνον
1070 1469 1122 1512 τον
1132 1449 1238 1530 χρόνον
1250 1446 1438 1533 ζωγροιφων
1430 1467 1460 1512 ιιι

209 1619 213 1624 ,
277 1550 428 1618 omnibus
451 1550 543 1618 codd.
571 1572 629 1640 pro
653 1551 766 1633 ἄριςος.
814 1550 958 1618 Notanda
981 1561 1031 1617 est
1055 1553 1195 1619 nominis
1224 1552 1411 1642 depravatio
1431 1555 1460 1619 in

278 1659 405 1726 Sromrn
431 1657 602 1744 Floriteqio
627 1657 689 1724 xo.
715 1663 735 1724 9
762 1657 816 1724 ubi
840 1655 997 1724 editiones
1021 1657 1166 1739 Ἐνδόρου
1199 1679 1313 1728 nomen
1347 1659 1462 1748 praele-

279 1771 375 1841 runt‚
400 1762 500 1830 cortex
524 1765 666 1849 optimus
690 1764 825 1845 ἕκιδόρου
850 1764 999 1830 servarit.
1025 1771 1103 1830 Ket
1126 1774 1167 1830 Ic
1191 1764 1344 1833 conlundi
1369 1766 1463 1832 solere
1550 1849 1551 1856 ἵ

278 1881 390 1938 notum
416 1889 487 1936 esse
509 1869 650 1935 arbitror
669 1879 702 1936 et
724 1869 872 1951 εἰσιδόρου
892 1868 1053 1957 appeliant
1072 1870 1196 1938 scribae
1217 1871 1301 1959 quod
1325 1873 1463 1956 Ἰσιδόρον

278 1991 346 2060 est,
372 1965 475 2070 quini
494 1981 685 2069 productum
709 2002 765 2069 per
782 2006 807 2048 ει
829 1979 1064 2067 diphthongum
1085 1981 1164 2047 satia
1184 1991 1372 2052 constanter
1391 1982 1463 2052 suri·

278 2089 309 2156 bi
335 2089 456 2156 solebat
486 2091 519 2155 iu
545 2089 690 2176 antiquis
718 2085 826 2166 libris,
859 2087 1064 2172 granunatioi
1096 2087 1175 2154 adeo
1203 2091 1372 2159 certabant
1396 2098 1462 2156 utra

278 2197 440 2284 scriptura
473 2203 558 2263 esset
590 2195 713 2282 potior.
747 2193 831 2282 qood
856 2213 907 2259 me
933 2193 1052 2259 Sonros
1076 2193 1242 2263 Eurrmuus
1264 2196 1376 2265 docuit
1396 2197 1461 2263 odo.
1551 2225 1552 2252 ι

282 2310 454 2374 Grommut.
487 2307 513 2373 l.
540 2327 582 2373 rx.
616 2309 679 2372 169
711 2304 861 2388 ζητοῦμεν
891 2305 916 2370 el
949 2305 1113 2386 εόχόλινον
1142 2307 1195 2372 noel
1220 2308 1362 2386 εὐώδινος
1385 2292 1455 2393 τῷν

277 2419 366 2500 μόνον
389 2417 545 2500 γραπτέον
568 2419 584 2496 ἢ
607 2427 647 2501 τῇ
671 2399 707 2485 εἰ.
757 2417 817 2483 Sed
843 2415 882 2482 de
908 2414 958 2480 bis
979 2409 1135 2481 'omnibns
1157 2415 1240 2483 alius
1263 2417 1395 2488 dabitur
1418 2421 1463 2486 di·

278 2523 372 2592 cendi
396 2522 505 2603 loeus,
538 2523 577 2590 ad
604 2523 763 2591 Srooaruu
793 2532 947 2590 revertor.
995 2523 1198 2588 durrroonrrs
1229 2523 1319 2592 loeus
1351 2527 1464 2612 legitur

280 2655 309 2720 p.
336 2635 401 2698 730
425 2637 550 2713 πρῶτον,
573 2627 680 2711 οἷμοιι,
712 2636 772 2698 τῶν
795 2631 826 2695 ἐν
849 2631 1029 2709 οὐρανοῖς
1053 2628 1098 2698 tet
1123 2629 1300 2710 τοιόδιυσις,
1325 2631 1463 2721 lepidum

279 2746 440 2814 hominem
466 2747 522 2833 qni
546 2767 584 2814 ex
609 2727 708 2823 οἶνοι-τ,
733 2747 753 2812 i.
774 2765 803 2811 e.
823 2741 1005 2824 όνόρότοις,
1030 2743 1063 2807 in
1090 2741 1139 2808 bis
1164 2743 1269 2811 verbis
1289 2743 1394 2814 delabi
1416 2765 1464 2834 po·

280 2863 344 2930 tuit
368 2861 407 2929 ad
432 2842 541 2940 orbo—e,
567 2862 587 2926 i.
613 2879 642 2926 e.
668 2860 822 2940 οὐρανοῖς,
855 2876 895 2922 ne
919 2855 979 2922 boo
1003 2855 1132 2943 quidem
1158 2858 1304 2943 cogitans
1326 2857 1464 2944 οὐρσνοόι

280 2990 337 3058 pro
361 2968 481 3050 οὐρονόν
508 2966 634 3033 Grooeis
657 2983 726 3030 esse
750 2960 932 3028 inauditum
958 2983 996 3028 ao
1018 2971 1141 3029 temere
1164 2963 1288 3030 eoelum
1314 2986 1351 3031 au
1365 2974 1464 3033 terras

280 3077 429 3141 miscens.
478 3071 600 3158 lluplen
633 3071 748 3135 vitium
780 3077 829 3134 est
855 3085 885 3152 p.
912 3073 988 3134 757.
1036 3071 1117 3134 Δόων
1148 3067 1241 3147 ἔλεγε
1272 3072 1340 3136 nat·
1365 3069 1464 3137 ‘Holo-

277 3182 325 3247 δον
348 3181 419 3261 τρόοι
442 3179 518 3258 γένιρ
542 3173 619 3242 elom
644 3173 914 3254 μοιόιιμιότων,
947 3179 1098 3257 χρυσοῦν,
1123 3177 1290 3258 ἀργυροῦν,
1314 3180 1463 3257 χοιλιιοῖιν.

276 3290 408 3370 χρυσοῦν
431 3286 489 3364 μὲν
512 3283 546 3348 τὸ
571 3289 629 3349 τῶν
652 3281 790 3349 διδόντων
813 3279 865 3346 nai
889 3283 935 3361 μδ
954 3280 1187 3360 μοινόοινόντυν,
1213 3283 1363 3364 οδργυροῦν
1382 3284 1414 3349 δὲ
1432 3281 1464 3346 τδ

276 3401 334 3460 τῶν
368 3391 505 3459 διδόντων
534 3391 587 3456 eui
618 3387 847 3468 μοιόοινόντων,
881 3391 1023 3470 χαλκοῦν
1051 3388 1083 3454 δὲ
1106 3389 1140 3454 ri
1164 3395 1223 3455 τῶν
1253 3389 1464 3468 μωνόοινόντων

276 3502 333 3580 μὲν
357 3502 389 3566 οὐ
413 3496 549 3564 διδόντων
574 3495 615 3563 δέ.
656 3495 718 3562 lies
741 3497 810 3580 ipsa
831 3491 950 3560 elamat
967 3495 1111 3573 μοιόιρτῶν
1134 3513 1204 3562 esse
1227 3493 1462 3562 emendandum

277 3627 335 3694 pro
358 3603 569 3684 μοιόνριοότων,
593 3611 628 3669 at
651 3600 724 3688 quis
747 3610 795 3667 est
819 3601 875 3685 qui
902 3599 960 3665 boe
985 3598 1125 3667 dixerit?
1173 3600 1281 3667 Facile
1301 3602 1462 3686 negotium

278 3721 326 3779 est
352 3711 493 3798 reperire
516 3709 589 3795 quis
614 3705 674 3774 boe
697 3714 728 3772 et
753 3707 891 3772 senserit
914 3713 946 3771 et
969 3714 1034 3772 tam
1067 3708 1173 3774 iocose
1195 3705 1333 3786 dixerit,
1367 3707 1394 3773 si
1417 3706 1464 3772 όων

277 3818 379 3885 solum
402 3815 590 3882 memineris
610 3833 680 3880 esse
701 3813 894 3899 genuinum,
920 3811 1115 3879 dadieotum
1136 3813 1176 3879 ab
1194 3833 1249 3890 eo,
1273 3814 1331 3901 qui
1347 3809 1464 3878 adseri·

278 3925 327 3992 bit
349 3919 505 4011 quidquid
531 3919 688 3987 collibuit.
727 3917 847 4004 Nempe
870 3917 1140 4004 quemadmodum
1166 3937 1202 3986 ea
1227 3918 1335 3988 dicere
1357 3917 1463 3985 Souno-

277 4051 332 4097 rrs
356 4045 533 4114 numquam
559 4026 682 4112 potuit,
715 4025 762 4090 sio
787 4023 866 4091 satis
889 4033 1014 4090 eertrrm
1046 4035 1095 4094 est
1118 4025 1373 4113 Boryetbenitom
1398 4023 1464 4088 Bro-

277 4157 338 4204 ιιιιιι
364 4135 421 4201 boo
456 4132 581 4199 lusisse.
631 4129 729 4197 Nemo
762 4150 846 4196 nuno
879 4127 1028 4198 dubitare
1060 4134 1160 4221 possit
1191 4135 1269 4220 quio
1300 4140 1386 4198 reete
1410 4145 1464 4216 pro

279 4249 331 4330 δῷ,
356 4247 386 4311 in
412 4243 736 4331 quoradrentiuium
761 4251 831 4321 est,
856 4245 972 4325 tribe
1000 4245 1053 4325 όερ
1076 4243 1251 4330 repositum
1273 4243 1325 4308 srt
1363 4243 1395 4308 ln
1416 4258 1463 4304 uo

280 4351 351 4419 dire
376 4351 480 4418 ierim
504 4361 539 4417 ut
562 4350 706 4427 Μιλήτου
731 4349 929 4430 versiculus,
955 4368 1050 4436 quem
1075 4349 1182 4416 editus
1202 4349 1356 4416 Sronsaus
1376 4356 1463 4420 binn-
