3150 4972
697 359 765 429 103

135 551 366 621 Αίίοννίοννοίίουο
397 574 459 621 non
493 561 543 622 eat
568 553 601 618 in
633 573 694 620 usu
719 555 824 632 γνίεῖν
848 551 903 618 sed
927 550 1112 632 νεγνίένοον,
1137 568 1199 614 non
1224 549 1322 627 γνίῶν

134 657 276 727 dicebant
299 661 352 727 sed
376 660 526 742 γεγνίοίς.
575 660 681 744 igitur
700 661 856 739 ε’τνννίεῖν
877 679 894 724 e
916 660 995 725 vilio
1016 664 1127 722 natonr
1149 664 1198 720 est
1216 662 1248 720 et
1272 672 1320 718 re·

133 767 330 834 scribendum
352 771 445 836 τοῖσδ’
463 768 624 848 ἐγεγήίεν,
648 767 680 831 id
705 776 753 832 est
773 765 849 832 οὕτω
871 767 934 847 γοὶρ
954 765 992 831 tto
1017 764 1112 835 οὐδεὶς
1135 761 1229 827 τοῖσδ’
1252 759 1321 838 ἐγε·

133 873 213 950 ridet
238 875 306 940 sive
334 873 467 957 ίχουρεν.
516 873 673 940 Similiter
704 872 866 940 Eonrrrons
898 874 930 937 in
954 871 1134 958 fragmento
1157 867 1216 934 llll
1240 865 1321 951 Hip·
1427 880 1428 883 ’

131 979 224 1066 polyte'
245 986 300 1048 τοῦ
324 980 559 1060 καλυπτομένου
585 979 680 1044 dixit:

260 1093 342 1170 φεῦ,
365 1093 444 1172 φεῦ,
469 1087 504 1154 τὸ
527 1088 573 1166 μίρ
597 1087 639 1152 τοὶ
662 1083 830 1166 ττροίνροοοτ1
854 1085 1016 1166 οὶνίροίτονς
1042 1081 1127 1164 ἔχειν

260 1196 383 1277 Φωνὶρν,
409 1191 444 1258 ἵν’
469 1185 547 1266 ἦοοον
571 1192 665 1273 μηδὲν
690 1193 715 1257 01
739 1192 824 1257 δεινοί
849 1191 963 1271 λέγειν.

132 1299 208 1384 qood
239 1299 374 1387 perinde
404 1307 452 1365 est
476 1319 513 1364 ao
544 1298 573 1365 si
604 1296 738 1364 dixisset
762 1297 929 1380 οὐδὲνγὰρ
954 1296 991 1362 ίον
1017 1289 1094 1370 ἦτονν
1117 1302 1150 1361 et
1174 1293 1209 1358 in
1233 1291 1321 1376 trag·

136 1413 237 1474 mento
261 1409 355 1480 Ἰνοῦς
379 1405 471 1472 le:

294 1519 372 1596 χρῆν
392 1511 457 1593 γὰρ
480 1510 531 1578 τὸν
554 1511 732 1591 εὐτυχοῦνθ’
756 1505 802 1576 ὅτι
826 1509 960 1582 τλείςοος
986 1505 1070 1590 ἔχειν

298 1623 470 1698 paternae,
494 1617 579 1699 είτερ
602 1617 638 1692 at
662 1618 762 1698 τροφὲ
785 1615 888 1696 δόμοιο
912 1623 1031 1698 napis,

299 1727 338 1799 ὥς
362 1726 418 1802 aar
440 1723 537 1798 κοοκέρν
560 1725 617 1803 μὲν
642 1721 800 1800 ἒξέβοολλε
824 1721 972 1802 tapetam

300 1832 355 1906 τὴν
380 1831 406 1896 δ’
430 1827 522 1897 οὗοον
550 1829 659 1904 tatano
683 1827 773 1906 ἡδέως
798 1829 946 1910 ἐσώζετο,

138 1935 213 2020 quod
241 1935 330 2003 idem
354 1936 516 2022 significat
540 1943 635 2022 atque
660 1933 736 2002 οὕτω
759 1935 823 2018 γὰρ
852 1935 890 2002 ἂν
913 1937 967 2011 τὴν
989 1933 1048 2012 μὲν
1070 1928 1168 2004 aazia
1191 1925 1323 2005 ἐξέβοολ·

135 2056 184 2121 λε,
207 2045 263 2120 τέρν
289 2043 315 2109 δ’
339 2044 449 2118 ἐσθλὴν
472 2043 611 2127 ἐσώζετο.
657 2043 777 2128 Ecquis
806 2048 872 2120 est,
904 2041 960 2129 qui
988 2045 1080 2127 putet
1110 2036 1144 2101 ln
1177 2033 1228 2099 his
1257 2032 1324 2112 tyl-

135 2171 235 2228 ννετο,
268 2151 455 2226 ἀνηλίσκετο
480 2157 546 2216 oet.
573 2148 659 2214 salva
684 2147 843 2215 sententia
870 2155 903 2214 et
930 2145 1101 2214 Graecitote
1131 2148 1188 2207 aut
1212 2139 1246 2204 in
1270 2134 1324 2216 yt-

137 2277 230 2331 ννοντο
254 2263 290 2322 et
314 2257 511 2323 οίνοολίονοοντο
536 2255 655 2320 mutari
681 2274 792 2341 posse,
817 2261 874 2321 aut
903 2251 941 2319 νίν
974 2249 1093 2318 adiici?
1119 2247 1234 2322 Nemo,
1259 2242 1324 2329 opi·

138 2378 199 2427 nor.
245 2363 314 2428 Gur
344 2364 446 2448 igitur
476 2363 587 2447 aequis
618 2362 735 2428 animis
762 2359 847 2427 lerre
870 2364 1046 2448 potuerunt
1069 2355 1147 2420 vitia
1174 2348 1323 2419 manifes-

135 2473 183 2545 ta,
214 2466 312 2553 quale
343 2466 463 2552 legitur
493 2467 526 2532 in
557 2465 637 2532 lsnnr
668 2467 812 2532 oratione
833 2464 889 2532 Xl.
915 2469 948 2532 6.
975 2470 1105 2546 τροονῖκε
1130 2457 1322 2541 τονρέχεοίου

136 2575 300 2655 μαρτυρίοις
326 2571 399 2661 (leg.
424 2571 614 2660 μοίρτυροον),
639 2570 688 2640 ἵνοο
715 2575 839 2652 μᾶλλον
863 2569 901 2638 ἂν
925 2569 1103 2648 ἐπορεύετο,
1128 2573 1184 2632 aut
1204 2565 1241 2629 in
1272 2559 1322 2626 Si-

136 2678 237 2762 ορρίνο,
264 2680 383 2745 incerti
407 2679 550 2744 auctoris
576 2677 717 2766 dialogo,
743 2679 800 2765 qui
825 2681 856 2743 in
878 2675 1052 2743 Platonicis
1075 2667 1322 2744 circumfertur,

136 2800 162 2867 p.
180 2789 254 2852 587.
279 2784 356 2867 χθές
380 2808 416 2850 σε
439 2783 537 2851 πολὺν
555 2783 662 2867 χρόνον
685 2786 893 2864 ἀνεμείναμεν
916 2778 996 2855 ὅπως
1021 2780 1059 2848 dtr
1080 2780 1225 2861 ξυννκροῶ
1250 2775 1322 2852 ἡμῖν

136 2889 229 2972 ἀνδρὸς
261 2895 377 2975 σοφοῦ,
405 2898 442 2957 et
471 2892 518 2956 sio
542 2909 635 2976 saepe
665 2899 818 2976 peccator
842 2889 928 2976 apud
960 2896 1084 2956 veteres
1109 2892 1141 2951 et
1173 2879 1322 2968 probatos

140 2993 317 3063 Graecitatis
351 3004 510 3062 auctores.
558 2995 678 3082 Nempe
710 2995 748 3063 ίον
781 2995 940 3063 addebant
968 2993 1044 3074 isti,
1076 2992 1132 3081 qui
1156 2985 1235 3077 quid
1259 2982 1321 3050 sibi

137 3100 244 3169 vellent
277 3103 454 3180 ε’τνςεύετο,
483 3101 648 3184 ξυννκροῶ,
679 3102 817 3182 similia,
856 3123 916 3168 non
945 3103 1025 3167 satis
1056 3095 1325 3183 assequebantur·
1383 3145 1386 3151 .

138 3207 222 3294 dpad
241 3210 415 3286 laetanea,
438 3210 532 3274 ouius
549 3229 647 3276 eausa
668 3208 747 3275 haee
767 3209 938 3296 praemisi,
952 3205 1049 3274 sernel
1062 3214 1188 3272 tanturn
1207 3201 1325 3268 Graeco

133 3319 162 3376 et
188 3315 331 3400 genuina
355 3313 458 3380 lornra
482 3316 583 3380 evasit
619 3320 653 3391 5,
678 3318 730 3381 52.
764 3315 821 3382 ὑπὸ
843 3327 881 3399 τῇ
904 3317 956 3397 ρον)
980 3317 1072 3397 ε’χρνῑν
1096 3309 1267 3395 aepactae,
1288 3304 1324 3373 ἵν’

134 3418 167 3492 dt
188 3429 314 3490 τλείςον
343 3419 484 3488 οίνέοτυν
513 3429 569 3497 τῆς
592 3423 705 3498 ἡδονῆς.
754 3421 833 3502 Quis
858 3440 944 3487 nuno
969 3441 1031 3487 non
1063 3417 1150 3485 videt
1173 3412 1323 3482 manifes-

136 3529 198 3590 tant
224 3526 379 3594 mendum
400 3527 433 3592 in
454 3525 506 3592 lrls
532 3531 588 3606 10,
610 3531 648 3610 6,
674 3531 706 3594 2.
732 3528 841 3595 sillam
861 3529 954 3610 ἐχρῆν
974 3527 1051 3593 τότε
1070 3525 1123 3592 aot
1144 3519 1323 3598 τείνήξετοον

137 3631 189 3696 “7³⁹
219 3633 368 3716 ἵερίντυν
399 3631 508 3708 inrasae
538 3629 588 3699 ίνοο
610 3637 656 3714 μὴ
688 3633 792 3711 μοίτνν
815 3633 862 3700 ἂν
883 3634 975 3708 ἐνίους
1006 3628 1203 3714 ἐίεροίτευονί
1237 3625 1322 3692 salin

138 3746 255 3806 certam
282 3749 334 3808 est
359 3739 398 3808 ἂν
422 3739 592 3806 delendum
626 3739 715 3806 esse?
750 3739 817 3806 Non
840 3741 944 3826 magis
966 3737 1068 3806 eidem
1094 3734 1225 3802 voculae
1250 3751 1321 3818 par·

139 3844 266 3912 centlum
304 3851 367 3926 15,
400 3851 430 3912 2.
464 3845 565 3926 ν’ίρνςον
596 3845 631 3925 ἦν
662 3886 707 3896 -
736 3843 771 3912 ἐν’
802 3843 841 3912 ἂν
872 3846 924 3912 aa)
958 3850 992 3912 τί
1016 3844 1104 3926 μέρος
1129 3843 1224 3909 οούτοῦ
1248 3836 1324 3905 ἐκου-

140 3971 183 4022 ϊίο·
216 3949 295 4035 ἔχων
323 3951 549 4028 οίτνλλοίττετο
581 3959 613 4018 et
645 3955 707 4029 tt,
742 3955 794 4017 18.
826 3951 886 4017 alde
918 3975 957 4030 γε
989 3952 1142 4029 οίννίμοτος
1168 3947 1205 4013 ὢν
1232 3946 1324 4012 τοῦτ’

141 4050 240 4134 ἔλεγες
255 4057 306 4125 ίνον
326 4059 379 4124 nal
399 4061 522 4129 οὶπντεῖυ
543 4057 582 4126 olo
602 4056 762 4137 ἐδυνάμην.
810 4057 877 4124 Non
903 4066 952 4124 est
968 4077 1064 4124 ovum
1088 4074 1146 4120 ovo
1170 4051 1325 4128 almiflua,

141 4176 228 4241 quarn
246 4171 294 4228 est
313 4161 427 4230 horum
449 4163 592 4230 locorum
614 4165 740 4251 primus
761 4164 829 4230 loeo
851 4165 1013 4230 Pannonis:
1039 4161 1089 4229 ίνοο
1102 4163 1145 4241 μίν
1158 4162 1200 4234 είς
1214 4156 1326 4233 ἄδηλον

142 4268 233 4342 natal
253 4269 369 4345 οτουδίρ
390 4269 571 4345 danninum
593 4277 780 4356 poteratque
801 4271 961 4356 parasitus
984 4268 1036 4334 his
1056 4269 1135 4355 ipsis
1156 4265 1263 4331 verbis
1276 4263 1325 4330 uti

143 4385 195 4452 pro
216 4375 282 4442 suis
305 4371 356 4440 ίνοο
379 4377 423 4454 μίν
446 4376 551 4454 μοίτνρν
575 4377 667 4452 ἐνίους
687 4375 877 4458 etantanto.
928 4375 1026 4442 Soioli
1049 4381 1202 4461 quartum
1225 4369 1263 4438 ἄν
1287 4367 1326 4434 de
