3204 4978
805 349 875 422 364

184 611 189 621 ,
255 543 396 627 ἔπεμπον
427 546 459 612 δὲ
479 545 736 629 ,ἐπειρησομένους
764 548 790 612 εί
823 544 1077 625 καταχράσονται
1102 545 1157 619 τὴν
1183 541 1367 626 ὑποζάκορον
1392 549 1450 610 τῶν

256 650 437 728 decimani
482 653 623 739 optitnns
671 651 779 720 (lodex
824 650 955 717 Archias
998 651 1260 734 καταχρήσωνται
1308 650 1450 718 serravit

256 756 354 824 solus.

302 861 350 928 to
375 883 405 948 p.
435 869 510 932 138.
559 863 699 931 Verbum
725 867 910 947 ὑποφωνεῖν,
935 863 1017 950 quod
1044 865 1235 930 Ponuntcaus
1259 863 1380 948 optime
1404 863 1449 928 in·

258 978 474 1057 terpretatur,
500 971 539 1036 alr
570 990 607 1037 eo
632 981 776 1038 sumtum
802 979 851 1038 est
882 990 918 1038 ex
946 973 1167 1038 datsmmmms
1197 968 1449 1036 delassandum

257 1097 302 1142 rs.
327 1080 403 1142 841.
521 1113 525 1122 ·

414 1183 475 1250 οὐδ’
499 1182 595 1258 άλλοο
619 1184 778 1264 άνίριὺπων
803 1186 966 1266 ὑποψωνῶν
991 1209 1025 1250 σε
1050 1193 1192 1263 πημανεῖ
1213 1208 1254 1249 τι.

257 1291 351 1356 cuius
375 1289 461 1356 verbi
487 1290 568 1356 duas
589 1291 872 1376 interpretationes
885 1289 1082 1356 Scholiastae
1101 1288 1290 1376 proferunt,
1314 1288 1448 1356 alteram

257 1416 372 1464 ranam
395 1405 427 1462 et
457 1396 586 1473 salsam,
605 1395 738 1464 alteram
761 1417 869 1464 reram
895 1405 924 1464 et
952 1404 1091 1470 certant.
1118 1395 1173 1462 sed
1196 1397 1305 1464 minuis
1325 1397 1449 1484 perspi·

257 1523 316 1570 cne
348 1513 379 1570 et
415 1502 534 1570 diserte
568 1504 744 1589 scriptam,
776 1522 873 1588 quam
905 1502 991 1590 apud
1026 1505 1221 1570 Paermoamt
1245 1512 1306 1570 est.
1357 1499 1449 1588 Apud

257 1609 456 1676 Paermcamt
484 1629 627 1696 quoqne,
662 1617 697 1674 ut
725 1608 809 1695 apud
843 1610 997 1686 Pacatum,
1035 1608 1195 1696 perumlta
1227 1607 1381 1695 leguntur
1410 1627 1449 1674 ex

257 1717 401 1802 antiquis
437 1717 470 1780 in
506 1718 738 1782 tuscanorum
777 1715 914 1782 Scholiis
951 1728 1119 1803 expromta
1157 1715 1268 1783 multis
1305 1716 1463 1802 partibus'

258 1819 390 1887 meliora
416 1821 478 1898 iis,
503 1840 584 1906 qnae
611 1840 696 1887 ιιιιιιι,
720 1821 1008 1889 circumferuntur.

304 1925 351 1992 dd
377 1945 448 2012 pag.
478 1931 550 1992 ttt.
599 1926 876 2008 Quemadmodum
908 1939 954 1995 nt
986 1938 1018 1995 et
1048 1938 1080 1996 N
1111 1927 1376 2008 cmtlmtduntur,
1404 1929 1450 1994 sic

261 2031 423 2098 interdum
445 2052 502 2118 pro
525 2041 555 2098 N
580 2033 612 2098 in
638 2031 739 2100 cont.
761 2045 807 2100 nt
829 2033 989 2121 scriptum
1011 2044 1071 2103 est.
1111 2035 1452 2102 Paeneo-dmsrorutas

215 2217 217 2222 ¹
258 2139 325 2220 περὶ
350 2138 528 2218 θαυμασίων
556 2139 762 2220 ἀκουσμάτων
786 2161 856 2227 cap.
882 2161 939 2206 xor
967 2141 1007 2208 de
1039 2151 1132 2210 antro
1161 2140 1302 2229 Sibyllae
1335 2138 1451 2207 Cuma·

260 2265 319 2313 ttae
344 2244 489 2312 scribens
513 2245 621 2313 addit:
648 2252 753 2313 τοῦτον
775 2245 809 2312 δὲ
835 2247 886 2313 τὺν
909 2247 1002 2315 τίτον
1024 2248 1158 2328 λέγεται
1182 2247 1370 2328 κυριεὺεσίιιι
1393 2247 1452 2312 ὑπὸ

259 2352 456 2432 Λευκαδίων,
484 2351 567 2420 unde
602 2351 738 2418 unirifica
772 2351 811 2418 de
841 2353 1074 2421 Leucadiorum
1110 2353 1232 2420 colonia
1265 2351 1340 2418 olim
1375 2351 1452 2418 illuc

259 2459 396 2527 deducta
422 2459 507 2526 docti
529 2459 675 2526 homines
702 2461 876 2526 comoranti
896 2468 983 2527 sunt.
1026 2460 1062 2527 ln
1087 2468 1350 2528 ΛΕΤΚΑΔΙΩΝ
1375 2457 1454 2524 late·

260 2565 313 2632 bat
343 2575 589 2634 ΛΘΤΚΛΝΩΝ
615 2566 825 2654 (Λευκανῶν),
850 2587 930 2653 quos
956 2586 1049 2634 uerno
1074 2576 1198 2655 partem
1223 2567 1292 2651 agri
1314 2563 1453 2632 Cumani

256 2672 429 2762 aliquando
458 2693 631 2760 occupasse
657 2671 840 2739 irritabitnr.

302 2780 349 2846 td
376 2800 445 2867 pag.
477 2785 549 2845 151.
598 2776 765 2844 llanilesto
797 2798 908 2845 errore
942 2779 1076 2860 χλαμὺο
1108 2787 1139 2845 et
1170 2779 1286 2860 χλανίς
1319 2774 1453 2843 contusa

256 2894 333 2954 sunt
364 2885 448 2973 apud
484 2885 683 2952 Peurtaoouu
718 2883 756 2950 dc
791 2885 886 2950 Genio
910 2885 1047 2952 Socratis
1079 2889 1200 2971 p.,585
1224 2905 1252 2951 r.
1286 2883 1331 2950 coi
1356 2878 1453 2960 δὲ,ά

228 2993 376 3074 ·πάτερ,
402 2992 562 3068 Μιλνσίαν
594 2989 821 3074 χλαμὺδα,
853 3001 893 3074 τῇ
924 2993 955 3058 δὲ
987 2991 1079 3074 μητρὶ
1104 2991 1320 3073 παραλουργὸν
1343 2987 1453 3066 ὑνκσί·

256 3103 338 3180 μεία
368 3098 524 3180 χιτώνιον,
563 3106 595 3163 et
635 3095 673 3162 de
704 3095 879 3162 Aleaoodrr'
911 3097 1024 3164 virtute
1053 3119 1082 3184 p.
1109 3101 1174 3162 550
1205 3117 1232 3162 o.
1264 3095 1452 3176 ’λρίσιππον

257 3202 447 3286 θαυμάζουσι
480 3204 532 3269 τὸν
565 3202 775 3286 Σωκρατικὸν,
808 3198 854 3267 ὑτι
886 3203 938 3268 καί
971 3203 1093 3286 τρίβωνι
1124 3203 1199 3284 λιτῷ
1229 3201 1281 3267 καί
1306 3201 1452 3283 Μιλησίᾳ

253 3309 444 3391 χλαμύδι
467 3310 622 3390 χρώμενος
652 3311 689 3376 δι’
713 3308 896 3392 άμφστέρων
921 3309 1017 3392 ἐτήρει
1041 3309 1076 3374 τὸ
1100 3308 1272 3397 εὑσχκμον.
1320 3305 1451 3373 Utrobi-

256 3435 320 3504 que
338 3416 446 3482 cultus
463 3415 640 3500 elegantior
666 3426 697 3482 et
727 3414 852 3482 trrollior
876 3416 1101 3501 significatur,
1126 3415 1235 3499 itaque
1254 3412 1395 3495 χλανίδα
1420 3420 1453 3478 et

256 3522 383 3606 χλανίδι
407 3521 644 3589 emendandum
669 3531 729 3590 est.

303 3628 348 3696 dd
375 3649 445 3717 pag.
475 3634 546 3695 153.
596 3628 791 3695 ddrerhinm
813 3626 912 3696 ἑκοντί
936 3627 1049 3694 vitiose
1073 3624 1194 3712 legitur
1215 3626 1246 3691 in
1274 3623 1379 3713 lepido
1397 3622 1452 3690 So·

255 3757 377 3804 anoctis
413 3737 514 3814 dicto,
557 3756 657 3821 quarn
690 3755 787 3802 senex
821 3731 994 3800 admodum
1031 3734 1061 3798 in
1095 3732 1252 3799 iudicium
1292 3729 1452 3796 adductus

255 3853 361 3922 esset,
395 3841 481 3928 apud
513 3844 723 3908 dmsroraueu
756 3843 788 3906 in
826 3839 1001 3906 lllrctoricis
1031 3839 1087 3906 lll.
1120 3845 1173 3906 15.
1201 3845 1365 3920 Σοφοκλῆς
1390 3834 1451 3918 lgna

223 4007 226 4014 ,
256 3949 394 4032 τρέμειν,
420 3949 480 4028 οὑχ
499 3951 538 4020 cis
557 3951 571 4013 ὑ
591 3949 773 4029 διαβάλλων
793 3945 876 4030 ἔφη,
901 3942 952 4011 ἵνα
970 3947 1042 4030 δοκῇ
1068 3946 1162 4028 γέρων
1190 3946 1266 4011 άλλ’
1293 3941 1328 4020 ἐξ
1352 3939 1454 4022 άνάρ·
1582 3985 1583 3990 ,

255 4078 320 4131 unc.
349 4055 382 4118 οὑ
407 4053 469 4134 γάρ
501 4055 626 4120 ἑκοντὶ
660 4051 736 4122 εἶναι
758 4056 850 4136 ἀὑτῷ
884 4050 937 4128 ἔτη
970 4053 1176 4132 ὀγδοήκοντα,
1202 4051 1397 4129 Soranum,
1425 4049 1451 4114 sl

256 4160 453 4247 quisalius,
479 4161 632 4230 Ἀττικιτὺ
657 4160 744 4248 loqui
769 4159 901 4238 solitus,
927 4156 1053 4226 dixerat
1076 4158 1186 4226 ίκίντι.
1320 4239 1327 4264 ἱ

302 4265 348 4334 Ad
374 4283 446 4354 pag.
466 4271 541 4334 165.
582 4266 618 4334 tn
639 4266 723 4354 apud
743 4267 966 4332 Xanoraomart
983 4265 1075 4342 σκεὺν
1098 4285 1156 4352 pro
1176 4265 1285 4340 σκευήν
1307 4261 1451 4351 irrepsit,

255 4373 365 4440 eodem
392 4371 504 4452 modo,
530 4375 706 4440 autetiam
729 4373 821 4460 peius
845 4371 969 4440 laborat
1000 4371 1090 4460 lucus
1115 4371 1267 4438 Pourssm
1292 4375 1328 4446 ll,
1354 4371 1396 4445 8,
1421 4371 1451 4432 2.

256 4479 412 4558 Αεπτίνιρο
436 4479 490 4554 τὴν
512 4479 592 4544 ίδίαν
620 4482 712 4555 τολὺν
743 4477 928 4558 άπσίίμενοο
957 4479 1010 4547 κιιί
1036 4479 1145 4558 λαβὼν
1177 4479 1303 4545 αὑτοῦ
1328 4474 1451 4548 σκεὺιι
