3150 4972
734 339 804 414 lou

170 540 333 608 seruntur.
380 538 515 616 ’Λυκύνι
546 537 734 619 έτοξύεσύαι
759 535 854 604 ulline
876 545 926 603 est
950 547 1044 606 notae
1066 536 1222 604 locutioni
1244 539 1362 618 ύυκοῖνι

169 643 428 724 ἀπομύττεσθαι,
454 643 555 710 crelin
578 666 611 710 ce
631 665 816 731 emurque,
842 641 906 710 eiu.
925 644 1087 711 Mrnrcrurr
1105 643 1145 710 ad
1165 643 1243 710 liaeo
1264 642 1359 710 rerba

172 752 314 818 lltoornus
347 748 472 815 lacurn
498 750 530 815 ln
556 749 655 816 Biunc
676 749 729 816 lv.
756 753 809 816 lu.
834 749 900 829 ἐμοὶ
925 751 939 816 ύ
964 751 1066 832 πατὴρ
1086 751 1142 828 μὲν
1167 745 1200 825 ἦν
1222 749 1359 817 ueraci·

170 860 270 940 ύεμος,
294 858 338 938 τῷ
361 857 478 936 οῖγκιῖνι
500 853 767 936 ύτομυσσύμενος.

216 964 251 1030 ln
277 965 296 1048 §
324 967 362 1028 tl
387 962 492 1028 scribe
515 960 645 1028 ύκούετε
670 961 746 1044 λεῴ,
773 980 834 1026 non
858 963 954 1039 λεύς,
979 970 1012 1028 et
1035 960 1280 1042 κκτυτιισέμεύα
1302 979 1359 1048 pru

172 1068 435 1148 κατατκσύμεέα.
462 1070 491 1153 ·§
535 1073 586 1134 17.
621 1075 766 1134 σκοπεῖτε
797 1067 911 1153 ποτέρα
942 1072 1026 1148 ἡμῶν
1056 1074 1180 1148 ύιμεινον
1211 1065 1245 1145 ἦν
1276 1068 1360 1149 αύτῷ

171 1183 315 1244 συνεῖναι.
348 1191 412 1240 nun
444 1172 502 1239 huc
537 1173 663 1258 agitur,
693 1172 748 1238 sed
774 1181 845 1239 utra
869 1193 943 1241 eum
970 1174 1101 1260 posthac
1125 1176 1185 1255 sibi
1211 1174 1361 1241 habitura

171 1284 227 1350 sit.
278 1281 433 1367 Expunge
465 1277 508 1356 ἦν.
536 1283 553 1364 ς
579 1283 621 1345 20
648 1281 802 1362 ἑταιρικῶς
828 1279 1059 1360 ἐσκευασμένη,
1085 1283 1204 1368 passini
1229 1278 1362 1348 confusa

173 1387 263 1455 rideo
295 1385 433 1470 σκευάζει
464 1395 497 1452 et
525 1385 707 1467 ένσκευύζυ.
741 1405 805 1472 quo
836 1395 926 1454 certo
954 1386 1142 1454 discrimine
1165 1386 1363 1454 dirimantur

172 1514 272 1582 quuru
294 1492 419 1560 εουῖιιοε
440 1491 585 1557 nesciant
603 1491 786 1578 promiscue
800 1511 916 1578 ponere
929 1493 1042 1560 solent.
1055 1492 1213 1576 σκευάζειν
1226 1490 1360 1560 verbum

172 1609 221 1668 est
240 1597 279 1668 cle
299 1596 406 1667 culina
426 1604 460 1662 et
480 1597 800 1684 coquinariaeartis,
828 1597 1178 1682 υυύεύψασκευύζειν,
1202 1595 1361 1678 σκευάζειν

172 1707 207 1774 τύ
239 1705 357 1774 ύιῖτνον
383 1702 503 1769 dicitur
526 1711 559 1769 et
582 1704 617 1770 αῖ
641 1703 803 1771 σκευασίαι
829 1724 945 1773 nornen
971 1705 1100 1773 hahent.
1148 1705 1363 1788 Ἐνσκευοέζειν

173 1814 214 1880 rle
237 1811 329 1880 cultu
349 1811 496 1896 corporis
520 1808 660 1886 dieitur,
686 1811 752 1892 τερι
776 1817 832 1885 τῆς
856 1819 976 1888 σκευῆς.
1024 1812 1136 1900 ltaque
1160 1815 1187 1881 si
1207 1834 1272 1901 qua
1292 1833 1362 1882 esse

172 1918 294 1986 dicitur·
310 1914 498 1982 meretricio
517 1913 628 1992 cultu,
653 1915 807 1996 ἑταιρικῶς
829 1917 1071 1996 ἐνεσκευασμένος
1084 1918 1147 1986 dici
1161 1917 1274 2000 (lebet,
1302 1922 1362 1988 lla·

173 2043 236 2111 quc
259 2019 486 2107 corrigentium
511 2029 561 2088 est
583 2025 647 2097 25,
675 2025 715 2088 10
739 2023 908 2090 οέλλύιιοτον
930 2026 1041 2100 τκευῖιν
1064 2025 1306 2106 ἐσκευασμένον,
1326 2035 1362 2093 ul

174 2132 206 2200 in
240 2133 302 2206 46,
336 2133 375 2194 tl
405 2125 577 2208 βασιλικῶς
609 2128 831 2208 ἐσκευασμένος
861 2149 899 2196 ex
933 2129 1037 2196 tribus
1061 2129 1153 2199 libris
1176 2142 1359 2201 correctum

174 2243 222 2304 est
255 2243 287 2301 ot
314 2237 373 2310 ll,
401 2237 441 2298 lo
466 2233 637 2312 βασιλικῶς
661 2234 840 2301 διεσκεύασε
865 2235 934 2324 (ΤΥ
955 2235 1117 2326 ἐσκεύασε)
1144 2247 1230 2306 recle
1253 2239 1364 2308 Fntuu-

174 2361 246 2409 ουυι
277 2339 459 2406 ἐνεσκεύασε
490 2341 644 2426 reposuit.
692 2338 803 2407 Obiter
833 2340 1008 2408 ridiculum
1043 2343 1195 2410 urendum
1218 2346 1364 2414 eximee

175 2449 386 2516 lienornonrrs
417 2443 672 2512 Memorabilibus
703 2445 727 2514 l.
760 2466 813 2512 ru.
839 2451 870 2512 ι.
896 2442 945 2528 ἄρ’
967 2450 1002 2514 ού
1025 2448 1069 2515 τύ
1092 2447 1148 2527 iio
1171 2459 1227 2526 τῆς
1249 2451 1362 2533 τέχνης

174 2553 324 2635 μιμητέον
347 2552 417 2624 τοὺς
440 2550 578 2630 cratone
602 2551 760 2627 αύλιςτοέςι
784 2552 837 2618 καὶ
861 2559 977 2634 τούτου
997 2555 1054 2632 μέν
1074 2555 1119 2620 ύτι
1139 2557 1245 2624 ἐκεῖνον
1269 2557 1364 2636 σκεύνι

174 2685 210 2728 τε
238 2659 326 2726 καλῖι
355 2657 520 2734 κέκτηνται
553 2656 606 2723 καὶ
637 2657 816 2730 ύκολούύους
843 2661 978 2732 τολλούς
1000 2659 1202 2741 σεμνύνονται
1225 2664 1289 2730 κτέ.
1316 2683 1363 2732 re·

176 2785 257 2855 ponc
286 2773 489 2852 quantocyus
515 2763 626 2840 σκευήν
656 2786 690 2830 τε
714 2764 815 2838 καλῖιν
838 2764 1021 2840 κέκτηνται,
1047 2766 1108 2830 uisi
1133 2767 1261 2854 putabis
1285 2765 1364 2836 haec

175 2870 239 2938 dici
264 2870 304 2937 de
327 2867 537 2957 supellectile,
560 2887 643 2955 quae
664 2869 706 2934 sit
727 2869 759 2934 iu
781 2867 952 2936 tibicinum
973 2869 1126 2951 aedibus,
1147 2873 1232 2958 quod
1251 2874 1364 2941 absur-

175 2976 253 3046 dum
288 2984 347 3044 est.
396 2973 430 3041 ln
456 2973 480 3064 δ
507 2979 544 3040 21
573 2975 625 3042 τὸν
648 2973 706 3053 μέν
728 2974 833 3052 τύνον,
857 2970 928 3058 ύτερ
953 2976 1017 3052 cet.
1040 2977 1179 3059 τονκρὸν,
1204 2979 1308 3056 ἡδεῖαν
1331 2980 1363 3046 δέ

175 3085 229 3161 τὴν
254 3082 356 3160 ἡδονὴν
379 3081 501 3157 οῖκέείς,
523 3078 652 3166 decepit
671 3078 821 3146 librarios
839 3081 980 3163 τονκρύν,
1006 3083 1091 3170 quorl
1108 3085 1257 3152 neutrius
1268 3105 1363 3172 geue·

175 3191 223 3257 ris
255 3197 323 3268 est,
355 3196 388 3254 et
413 3185 467 3265 ἡδύ
492 3205 549 3272 pro
572 3186 676 3262 ἡδεῖαν
702 3186 960 3264 restituendum,
984 3189 1046 3254 uisi
1071 3187 1153 3256 lorte
1176 3191 1249 3277 quis
1275 3202 1366 3278 putat

178 3315 235 3384 pro
268 3292 436 3375 errationis
478 3289 603 3358 τύντον
637 3293 760 3371 γλυκύ,
796 3292 883 3360 salva
919 3291 1100 3361 Graecitate
1134 3306 1166 3364 et
1205 3303 1365 3366 sententia

178 3409 313 3483 γλυκεῖα
344 3398 408 3466 diui
443 3417 545 3485 posse.
593 3395 709 3463 Statim
742 3399 890 3484 sequitur
920 3399 973 3466 καὶ
1005 3405 1111 3466 ταῦτα
1139 3399 1241 3486 Ἰι’ύσιτεο
1265 3405 1366 3484 ῖκέτιςν

178 3508 228 3574 ἐστὶ
252 3507 304 3574 τὸν
327 3509 381 3574 τοῦ
405 3503 489 3571 ἐλέου
512 3503 618 3583 βωμὸν
641 3504 657 3568 ἐ
664 3503 705 3570 rrl
729 3505 784 3580 τῖον
808 3503 911 3582 ἡδονὴν
945 3506 1191 3588 καταφυγέντα,
1217 3511 1368 3580 Lucrinus

180 3615 223 3682 ita
254 3631 346 3683 suurn
378 3629 510 3678 uranum
542 3619 694 3696 agnoscet
724 3610 752 3675 si
783 3609 921 3678 alterum
956 3612 1048 3678 ἐτιε
1080 3613 1161 3680 rnala
1188 3634 1285 3684 rnanu
1309 3618 1366 3685 ad·

179 3720 338 3808 scriptum
362 3716 529 3784 deleveris.
580 3715 732 3782 Graecum
755 3724 804 3782 est
827 3717 877 3782 ἔτι
901 3718 956 3794 riv
979 3716 1100 3796 ἡδονὴν,
1124 3717 1224 3804 ύστερ
1244 3724 1295 3789 ἐτι
1313 3725 1365 3791 τὸν

178 3831 231 3894 τοῦ
253 3825 339 3893 έλέου
361 3823 468 3905 βωμὸν
487 3827 700 3906 καταφυγεῖν.
750 3821 783 3888 Si
803 3830 1014 3910 transpones,
1040 3825 1123 3911 quod
1144 3831 1314 3896 venustius
1333 3840 1368 3899 et

179 3931 358 4020 elegantius
393 3940 459 4009 cst,
495 3929 688 4016 praepositio
723 3945 785 3992 non
822 3928 996 4014 repetitur:
1025 3927 1124 4015 ύσσες
1155 3934 1206 4002 ἐκ)
1238 3937 1290 4004 τὸν
1313 3943 1366 4006 τοῦ

180 4039 264 4107 ἐλέου
293 4037 401 4120 βωμὸν
432 4039 488 4113 sliu
518 4035 621 4112 ιὶδονέςν
651 4039 864 4116 καταφυγεῖν.
912 4033 1041 4102 liliatinr
1075 4040 1294 4126 exemplorum
1317 4051 1366 4112 est

181 4145 265 4234 apud
296 4164 425 4222 ornnes,
458 4149 598 4218 veteres,
627 4141 834 4207 recentiores.
883 4139 963 4207 llale
987 4141 1089 4209 seduli
1114 4155 1313 4215 correctores
1335 4158 1369 4218 et

75 4239 82 4250 '
180 4249 352 4338 magistelli
388 4248 564 4316 inferciunt
598 4245 731 4313 alteram
766 4247 1054 4334 praepositionem,
1090 4269 1187 4335 quam
1223 4251 1367 4340 undique

180 4356 333 4446 expellet,
369 4356 424 4443 qui
460 4352 617 4420 iudicium
655 4350 750 4418 halret
785 4351 914 4419 assidua
947 4363 1092 4422 veterum
1126 4355 1262 4424 lectione
1290 4360 1366 4426 sub-

180 4474 302 4546 actum.
329 4463 430 4549 Saepe
453 4463 501 4527 sic
526 4458 763 4546 interpolarunt
783 4457 1013 4528 homunciones
1032 4481 1131 4528 unum
1150 4464 1295 4532 omniurn
1315 4464 1370 4531 At·
