3204 4978
721 378 792 451 329

157 569 219 638 iem
244 567 351 637 laeum
375 567 510 636 laudans
536 571 598 646 17,
623 571 655 635 b.
679 565 744 632 ἐπεί
769 566 819 643 δὲ,
846 567 920 641 ded
950 565 1047 641 καλάς
1070 589 1128 633 που
1151 566 1246 651 inirem
1266 566 1348 650 ἔφη,

156 685 220 751 τοῖς
253 683 313 742 τῶν
348 676 509 743 νοσούντων
542 673 649 747 σιτίοις
685 671 806 738 ἑοικύπα
840 671 1041 754 λαμβάνουσι
1067 670 1177 752 dedit,
1213 679 1272 740 τῶν
1305 699 1349 742 νο·

156 782 286 852 οούυπου
318 803 357 850 ex
386 781 546 850 sententia
578 778 656 846 dicti
690 778 865 858 assumsit,
902 799 965 845 nen
997 799 1036 845 ex
1068 776 1213 846 Oratoris
1243 779 1351 848 verbis

157 889 343 976 descripsit.
532 967 539 978 ι

203 995 240 1062 ιιι
266 1000 325 1071 70,
358 1000 399 1061 35
425 993 455 1060 iv
479 995 593 1076 άκορεῖ
612 997 664 1060 τοῦ
688 991 816 1074 χρόνον,
850 992 948 1059 Αιιιοι
974 991 1147 1060 articulum
1173 993 1350 1072 omittunt,

159 1111 229 1169 tum
266 1100 463 1182 τελέσματος
495 1100 647 1167 buricum
685 1097 876 1166 vocabulum
908 1107 960 1166 est
990 1118 1048 1185 pru
1078 1099 1238 1179 δαπάνης,
1274 1102 1352 1170 eise·

158 1208 315 1290 λύματος.

205 1314 242 1381 ιιι
279 1312 496 1381 Demosthenis
528 1309 679 1378 Eruenda
711 1317 772 1392 7ι,
810 1320 822 1378 ι
861 1310 981 1398 iegitur
1013 1311 1214 1399 ineptissima
1247 1311 1352 1380 torma

160 1420 329 1502 διαβαλιῶν
359 1439 416 1507 pro
447 1417 673 1499 περιπατύουν.
720 1417 818 1484 Baete
843 1425 987 1484 extrema
1011 1424 1061 1484 est
1085 1417 1269 1498 barbaries,
1294 1417 1351 1486 sed

158 1536 210 1595 est
232 1527 295 1593 iste
314 1524 440 1592 iibeilus
463 1543 502 1592 ex
528 1525 763 1591 recentissimis
787 1523 1062 1611 Constantinopoli
1088 1525 1240 1612 scriptus.
1264 1529 1283 1615 ς
1308 1530 1350 1592 53

158 1641 222 1708 τοῖς
244 1635 471 1712 ἀπολογισμοῖς
495 1629 720 1712 ἐγγέγραπται
745 1637 986 1718 promeruere
1011 1630 1152 1716 positum
1178 1639 1237 1698 est.
1265 1634 1352 1716 357.

159 1739 313 1817 ἐκτήσατο
336 1741 441 1813 αὐτοῖς
464 1735 585 1804 άκούειν
607 1735 765 1816 Εὔβοιον,
797 1736 956 1820 Μέγαρα,
982 1736 1097 1802 vitiose
1120 1756 1178 1824 pro
1203 1736 1352 1813 ὑπηκόους

160 1846 299 1924 ἐποίησεν
333 1843 462 1924 Εὐβοοῖς
498 1842 546 1909 vei
582 1843 799 1927 κατεσρέψατο
835 1841 884 1910 vel
920 1843 1025 1910 lenius
1060 1842 1279 1926 προσηγάγετο
1309 1839 1354 1932 ¹),

161 1953 211 2022 rel
246 1951 351 2019 simile
386 1948 475 2038 quid.
521 1951 540 2036 §
573 1953 616 2017 50
650 1950 736 2031 μετά
770 1959 864 2033 χοῖροι
899 1950 933 2016 τὸ
969 1949 1056 2019 πισὸν
1091 1957 1147 2028 τῆς
1182 1949 1353 2032 ἐλευθερίας

161 2057 263 2143 ἔχειν,
294 2065 419 2125 veteres
449 2056 535 2138 μετά
557 2064 667 2140 χεῖρας
692 2056 747 2124 sed
772 2057 834 2122 atie
859 2074 973 2123 sensu:
1005 2057 1038 2122 in
1064 2055 1118 2122 tali
1145 2075 1180 2123 re
1204 2054 1355 2122 dicebant

161 2166 319 2248 πρόχειρον
352 2162 449 2246 ἔχειν.
498 2162 535 2229 in
571 2156 751 2250 Pbitopctri
786 2181 848 2228 non
886 2162 975 2229 insat
1010 2163 1057 2251 (ιιι
1091 2161 1216 2228 bucrnrn
1247 2160 1354 2229 verbis

163 2281 239 2340 utar
270 2275 329 2348 79,
362 2270 418 2358 23)
446 2270 501 2346 την
524 2268 631 2351 κάπρον
655 2270 818 2351 ἐκκαθῆραι
843 2271 898 2346 την
922 2267 1078 2347 Αύγείου,
1105 2277 1162 2335 aut
1186 2268 1220 2334 in
1246 2267 1355 2334 Citeri-

162 2378 269 2454 deme,
292 2385 350 2444 aut
370 2377 404 2441 in
424 2374 625 2442 carminibus
644 2375 874 2442 semibarbaris
896 2383 927 2442 et
940 2375 1206 2462 epigrammatis,
1229 2393 1269 2441 ne
1280 2373 1355 2462 quis

164 2483 245 2552 mibi
269 2483 396 2551 accinat
419 2484 621 2568 epigramma
647 2487 698 2548 ιιι.

277 2591 320 2663 είς
343 2588 375 2656 τί
396 2586 502 2668 μάτην
525 2588 641 2662 νίπτεις
666 2581 928 2667 δέμαςίυδικύπ
950 2587 1040 2670 ίοχεο
1062 2587 1188 2671 τέχνης.

391 2697 423 2763 ού
448 2693 576 2761 δύνασαι
601 2695 744 2778 δνοφερὴν
767 2694 867 2762 νύκτα
890 2693 1089 2769 καύηλιάσαι.

163 2802 298 2870 Frustra
324 2799 517 2880 didicimus,
553 2808 589 2866 nt
613 2798 672 2867 bec
698 2820 761 2866 una
785 2799 961 2886 deiungar,
986 2800 1063 2888 quid
1089 2800 1173 2866 inter
1197 2797 1296 2866 λούειν
1317 2808 1353 2866 et

165 2908 254 2992 νίζειν
277 2908 423 2986 intersit,
446 2907 598 2987 λέλουμαι
621 2917 653 2972 et
677 2905 838 2987 νίνιμμαι,
863 2907 890 2972 si
911 2906 989 2992 quid
1010 2905 1101 2973 nobis
1119 2924 1194 2973 cum
1208 2904 1280 2972 istis
1293 2908 1354 2972 erit

164 3014 368 3091 commercii,
393 3032 473 3099 quos
498 3013 606 3078 omnia
632 3013 740 3100 inepte
761 3014 897 3081 miscere
917 3019 950 3080 et
970 3032 1178 3100 corrumpere
1198 3009 1355 3079 ridemus.

165 3121 268 3188 Unam
303 3119 558 3186 observationem
590 3105 670 3185 mibi
702 3121 863 3186 reservavi
898 3128 933 3186 nt
957 3118 1053 3186 finem
1077 3117 1250 3206 aliquando
1273 3116 1356 3184 iace-

165 3246 255 3305 rem,
278 3245 359 3314 quae
381 3223 565 3292 huiusmodi
579 3234 643 3302 est,
666 3235 701 3292 ut
722 3245 783 3292 nun
803 3227 835 3292 in
849 3225 960 3294 aliare
976 3227 1354 3313 megisappareatquam

165 3335 209 3401 sit
239 3330 437 3400 consuetudo
467 3333 627 3397 sermonis
651 3331 683 3396 in
706 3330 881 3399 formarum
907 3332 1035 3400 delectu
1057 3351 1181 3399 morosa
1208 3339 1240 3398 et
1265 3330 1354 3396 iasti-

166 3439 275 3519 diosa,
311 3447 347 3505 ut
370 3437 430 3503 aiia
455 3435 585 3504 aliunde
609 3435 766 3504 adsciscat
792 3447 823 3506 et
839 3447 1037 3526 componat,
1067 3437 1129 3505 aiia
1155 3434 1302 3526 repudiet
1326 3445 1359 3502 et

168 3545 319 3625 abiiciat,
345 3543 463 3631 quibus
485 3543 652 3611 commode
677 3553 801 3632 peterat
825 3546 890 3624 uti,
921 3552 954 3611 at
978 3543 1101 3624 noluit,
1126 3551 1223 3630 atque
1246 3541 1357 3609 eadem

168 3653 216 3719 sic
240 3659 365 3720 constet
389 3648 468 3729 sibi,
494 3659 530 3717 ut
553 3671 650 3739 quam
675 3650 778 3737 legem
803 3650 864 3717 sibi
889 3651 957 3738 ipsa
982 3651 1168 3738 scripserit,
1194 3668 1265 3716 eam
1285 3667 1360 3715 con·

169 3757 368 3825 stantissime
399 3765 523 3836 seruet,
555 3765 592 3824 ut
623 3759 752 3845 ineptus
783 3759 826 3824 sit
854 3758 911 3846 qui
935 3756 1115 3843 analogiam
1140 3775 1236 3843 quam
1262 3773 1358 3821 usum

169 3864 260 3954 sequi
285 3862 436 3932 maluerit
460 3873 493 3930 et
516 3883 599 3930 nera
623 3846 743 3950 fingere
766 3883 865 3950 quam
886 3865 933 3930 uti
955 3865 1089 3952 paratis.
1121 3863 1264 3930 Centena
1282 3869 1361 3928 sunt

169 3972 202 4038 in
230 3971 350 4038 Graeco
371 3989 536 4048 sermone,
562 3969 617 4037 ubi
637 3989 715 4037 usus
735 3968 775 4036 ab
794 3969 1102 4058 analogiadirersus
1113 3967 1198 4047 abit,
1219 3967 1362 4057 piurima

167 4113 411 4129 ψ

203 4200 229 4265 ι)
255 4200 408 4265 Impedienda
433 4203 458 4249 et
481 4197 617 4249 absurdum
643 4196 760 4248 Droeonr
785 4195 883 4248 Srerrcr
908 4197 994 4248 locum
1020 4195 1077 4246 XV.
1102 4197 1159 4255 σε..
1188 4195 1214 4244 ιιι
1240 4207 1291 4261 qao
1316 4191 1364 4243 boe

166 4285 273 4334 verbum
294 4282 400 4346 legitur,
422 4279 489 4332 felici
506 4280 681 4331 emendatione
696 4280 795 4330 sanarit
811 4279 850 4329 vir
866 4280 931 4330 doct.
949 4293 1004 4330 σιιι
1024 4277 1129 4332 Οοιιιιτ.
1148 4278 1253 4328 Editur:
1278 4273 1364 4337 Τιρύ·

168 4367 238 4424 θεος
260 4363 381 4419 πλεύσας
405 4361 446 4420 οῖς
463 4363 515 4429 σορκ
535 4358 735 4428 Κεφαλληνίαν
751 4361 813 4419 τάς
827 4377 865 4411 τε
887 4360 974 4418 πούς
992 4363 1034 4425 τῇ
1047 4356 1154 4411 πόλει
1171 4357 1363 4427 προσηγάγετο

169 4449 219 4499 sei
242 4447 292 4505 τὰς
316 4445 387 4497 κατὰ
405 4447 456 4512 τὴν
473 4441 664 4514 Ἀκαρνανίαν
680 4442 779 4508 ipsine
795 4441 905 4496 ἔπεισεν
922 4439 1069 4494 ἀποκλῖναι
1087 4442 1155 4512 πρὸς
1177 4439 1364 4509 Ἀθηναιους.

168 4533 234 4585 Rem
251 4547 298 4584 eeu
314 4531 397 4596 tetigit
414 4529 552 4594 corrigeres
573 4528 623 4588 τάς
640 4532 665 4578 τ’
685 4528 715 4579 ιν
732 4527 805 4592 σιτῇ
821 4526 916 4587 πόλεις
933 4527 1133 4596 προσηγάγετο.
