3160 4972
725 363 795 433 390

168 581 208 637 γε
230 555 401 624 παιδοποιοὶ
422 563 481 624 τῶν
505 559 664 634 Ἀθήνησιν
694 558 898 640 Ἐρεχθκῖδάν
920 555 972 621 καδ
1002 555 1188 637 Κεκροπιδῶν
1212 557 1245 620 αἱ
1269 563 1358 636 Τροι-

169 662 273 746 ζκνθων
296 663 348 728 καὶ
381 664 533 730 Λακάνοιν
564 663 749 745 θυγατέρες,
784 684 855 729 uaut
882 661 1087 744 Ἐρεχάηϊδάν
1113 659 1282 726 barbarum
1307 668 1357 726 est

168 778 199 834 et
225 769 412 851 Κεκροπιδῶν
443 771 541 835 uituis
573 770 735 856 lepidum,
767 770 919 855 quoniam
950 769 975 833 ol
1006 767 1188 848 Κεκροπίδαι
1213 785 1275 832 unu
1300 785 1357 853 pa·

167 875 269 972 rinpt.
318 874 380 956 Qut
408 875 576 941 l'tumacat
597 875 729 941 Codices
752 875 898 960 inspiciet
924 876 1082 959 seriptum
1104 893 1173 940 esse
1198 874 1355 959 reperiet,

168 989 203 1047 ut
226 982 359 1068 upittor,
392 981 594 1061 Ἐρεχθιρθδων
627 981 678 1046 καὶ
710 982 916 1060 uenturum,
941 999 1022 1066 tpuae
1046 997 1146 1064 quum
1174 979 1357 1067 reposueris

168 1085 344 1174 prudenter
367 1087 525 1162 Ἀθήνησιν
546 1105 719 1172 expunges.
759 1091 797 1152 tt
819 1087 944 1152 seriliae
963 1087 1151 1171 saepissime
1172 1087 1355 1172 impingunt

167 1193 198 1258 iu
226 1191 364 1269 talibus,
388 1192 496 1278 qualia
522 1201 599 1257 suut
621 1193 749 1270 ἑςάναι,
775 1193 902 1270 tenum,
928 1191 1094 1269 δεικνῦναι,
1114 1191 1277 1270 τεθνάναι,
1299 1191 1355 1258 δει·

166 1301 306 1374 κ’νῦντες,
329 1307 470 1379 xrisma,
498 1300 698 1379 κεκερᾶσθαι,
728 1301 914 1378 κιχράσθαι,
937 1298 1077 1362 τετάσθαι
1102 1306 1158 1362 aut
1181 1307 1295 1362 curura
1321 1297 1351 1361 iu

165 1404 314 1482 κινλθται,
350 1397 471 1483 κύσαι,
503 1405 612 1486 νίψαι,
649 1405 830 1485 κεχράοθαι,
866 1405 1051 1479 κεκονθοθαι,
1084 1405 1261 1487 μεμίχθαι,
1298 1427 1356 1470 τε·

165 1507 325 1592 τράχθαι,
356 1511 458 1590 κλθραα
489 1519 520 1577 el
544 1509 641 1592 κρίμα
670 1521 701 1576 et
724 1511 840 1588 τλύμα
864 1518 895 1576 el
919 1509 954 1574 τά
978 1509 1121 1591 δακρύον,
1153 1508 1356 1576 conluuduul

167 1615 262 1697 αθρειν
284 1625 316 1681 et
340 1617 452 1697 aipein,
476 1615 568 1695 βάλοι
593 1626 625 1682 et
655 1615 763 1696 βαλῶ,
787 1615 945 1693 οοννέΦειν
965 1625 999 1682 et
1023 1623 1199 1699 συννεφεῖν,
1228 1615 1354 1684 xantius

166 1729 198 1788 el
222 1720 367 1798 κυλινδά,
399 1721 607 1805 κατατρύχων
636 1731 668 1788 el
698 1729 916 1804 κατατρνχῶν.
966 1722 1045 1788 uere
1077 1742 1205 1809 semper
1229 1727 1295 1806 χοά
1323 1729 1356 1788 el

164 1830 247 1910 χοάς
271 1845 329 1914 pru
348 1826 415 1908 χθα
432 1836 467 1893 et
486 1829 568 1909 χόας
589 1828 791 1913 scriptitant,
814 1811 847 1893 εἶ
865 1828 1015 1910 ipsemet
1028 1829 1156 1896 θλθοθειν
1175 1837 1207 1895 et
1225 1829 1354 1911 ττάρειν

165 1943 197 1999 et
221 1932 350 2000 sitruda.
388 1933 533 2000 deustos
554 1935 586 1998 in
608 1936 708 2001 -κθεῑν
733 1933 904 2020 prodnetns
928 1933 1046 2020 ultique
1068 1935 1098 2000 in
1124 1933 1222 2002 ·άθοιν
1241 1933 1354 2022 depra-

166 2048 301 2117 varunt,
336 2048 372 2106 ut
408 2039 501 2106 multi
535 2039 691 2126 hodieque
721 2042 895 2126 opinentur
926 2039 1047 2105 Graeca
1079 2061 1148 2106 esse
1178 2040 1353 2122 linealiter,

164 2145 348 2225 cinaediae,
387 2145 536 2222 εἷκάθειν,
578 2145 766 2223 ὑπεικάθειν,
798 2143 1010 2227 ταροικάθειν,
1045 2146 1213 2228 εἶργάθειν,
1248 2147 1353 2214 άλιιά·

168 2253 242 2329 θειν,
266 2273 366 2339 quum
399 2252 554 2320 διωκαθεῖν
584 2261 662 2318 eett.
696 2252 832 2317 anristos
859 2271 930 2317 esse
947 2250 1125 2318 emenus
1148 2252 1188 2318 ad
1212 2251 1353 2320 Medeam

167 2377 212 2422 ss.
241 2361 303 2424 186
336 2367 429 2424 aeute
462 2358 670 2446 perspexerit.
721 2357 755 2423 ln
789 2358 939 2424 Petronis
969 2357 1113 2445 Sophiste
1136 2378 1207 2445 pag.
1234 2363 1299 2426 254
1323 2379 1351 2428 ο.

168 2463 222 2527 ἐάν
253 2462 314 2546 άρα
348 2466 421 2542 ἡμῖν
451 2489 493 2547 nn
522 2465 714 2546 ταρεικαοθῇ
745 2463 849 2547 diplom
880 2463 1101 2530 ἀπαλλάττειν
1133 2463 1210 2530 daut
1241 2484 1354 2533 omues

170 2589 227 2655 pro
258 2569 442 2652 ταρεικάθρ,
464 2569 548 2655 quod
571 2571 741 2636 Βοιιιιιιιιιιιε
766 2572 895 2655 reperit.
945 2569 1101 2636 llesremn
1126 2568 1222 2636 redde
1246 2572 1354 2640 εἰκά·

167 2675 182 2739 θ
190 2698 307 2754 enen:
329 2678 603 2757 παραχωρήσαιμεν
620 2695 676 2763 pro
694 2671 913 2753 εἷκαθθτοιριεν.
948 2673 1064 2741 lisdem
1087 2674 1354 2756 deletnr’onvp·

166 2784 226 2866 τθρ
254 2785 340 2847 νικάν
364 2801 421 2869 pro
444 2779 629 2860 Ὀλιθριτια,
651 2789 759 2850 καλεῖν
783 2782 833 2848 ἔτι)
858 2779 942 2866 ξενθρι
967 2801 1025 2868 pru
1049 2779 1151 2860 ξένια,
1176 2790 1207 2847 et
1232 2783 1350 2868 passim

163 2886 380 2965 Ὀλυμπιάσιν
401 2894 433 2953 el
454 2890 668 2966 Ὀλυμπιάσιν
694 2908 752 2976 pru
776 2888 1010 2968 Ὀλυμτθοιοιν,
1036 2895 1067 2953 et
1099 2895 1248 2954 sexcenta
1273 2897 1350 2954 sunt

165 2990 368 3070 huittsmodi,
400 2992 430 3058 in
463 2992 580 3079 quilius
604 3004 790 3060 constanter
823 2992 973 3061 Graeculi
1004 2992 1173 3072 labuntur,
1197 3003 1231 3060 et
1257 2994 1353 3060 ninus

164 3115 260 3184 saepe
284 3095 425 3164 (iritieos
449 3118 558 3166 seeum
581 3103 775 3167 interrorem
799 3099 944 3167 trallunt.
982 3097 1215 3165 Foedissimum
1237 3099 1352 3164 vitium

162 3212 214 3271 est
236 3205 380 3271 τεθνάναι
411 3223 469 3291 pro
499 3205 641 3272 τεθνάναι
673 3206 830 3284 seribere,
864 3227 936 3272 nam
966 3205 1093 3272 brevem
1117 3203 1258 3270 vocalem
1281 3223 1354 3272 esse

163 3317 310 3389 onustat,
337 3320 371 3376 ut
398 3313 429 3376 in
453 3310 621 3392 τάθναριον,
646 3309 778 3392 ἕτοιμον,
803 3311 940 3391 τθθναθι,
964 3310 1071 3390 teeti,
1095 3310 1220 3397 decepit
1245 3318 1352 3378 temen

163 3414 276 3482 (laetos
300 3414 465 3494 homiues,
486 3419 543 3504 qui
566 3419 597 3500 ip
618 3417 775 3485 unnim
795 3417 976 3504 fragmento
989 3422 1019 3484 λ.
1039 3437 1083 3484 vs.
1102 3415 1352 3484 uendiderunt:

436 3523 553 3590 αι’ντθκα
574 3526 766 3592 τεθνάναι
790 3523 915 3604 βέλτιον
939 3526 955 3600 ἦ
979 3525 1097 3603 βίοτος,

166 3645 265 3714 quana
291 3628 324 3694 in
349 3626 441 3695 libris
459 3631 503 3696 sit
520 3632 638 3698 αι’ντθκα
663 3631 697 3706 u
720 3630 862 3698 τεθνάναι
886 3639 915 3697 et
945 3649 1055 3697 sertim
1076 3627 1355 3695 videaturedstnoe

165 3733 201 3807 ll
224 3732 371 3813 θάνατος,
396 3755 470 3803 uam
491 3738 635 3804 τεθνάναι
659 3755 748 3804 mere
769 3746 818 3804 est
842 3736 1016 3803 nat-nantes.
1065 3736 1183 3818 lugens
1206 3742 1354 3820 superest

166 3840 308 3906 locorum
342 3861 516 3920 nunnius,
550 3843 605 3909 ulu
634 3852 787 3910 senentes
823 3843 971 3929 imperite
999 3853 1033 3908 et
1067 3841 1192 3908 indocte
1216 3841 1353 3930 appositi

165 3945 357 4013 senteutiam
383 3949 552 4015 verborum
587 3947 808 4037 pessumdant.
857 3949 913 4015 usi
937 3946 1059 4034 aliquid
1084 3948 1169 4014 inter
1188 3948 1302 4030 λέχους
1323 3955 1355 4014 et

164 4056 296 4133 λερριῦι,
320 4052 429 4120 εθκοτιν
452 4065 485 4122 et
519 4055 648 4134 εθκθτιν,
682 4061 784 4129 καλῶς
809 4064 841 4122 el
865 4055 986 4132 καλάς,
1017 4053 1078 4120 τάν
1105 4053 1299 4137 ὑτάρχοιοαν
1321 4063 1355 4122 el

163 4161 223 4225 τάν
247 4159 460 4242 ὑπαρχοιοάν,
492 4161 546 4227 καθ
573 4172 605 4229 et
625 4167 708 4239 καῖ’,
734 4161 861 4235 λέοντας
885 4171 916 4227 et
935 4164 1083 4238 λεοντᾶς,
1108 4159 1226 4237 οθκθτνν
1249 4161 1356 4244 πάροι·

164 4287 211 4334 νιν
243 4266 383 4350 κολάζειν
415 4275 447 4334 et
478 4269 553 4350 παρ’
583 4263 675 4347 οἶνον,
707 4287 791 4355 quae
822 4267 930 4334 anania
959 4265 1090 4334 confusa
1115 4287 1186 4334 esse
1217 4263 1354 4334 ostendi.

164 4370 256 4438 luvet
282 4371 333 4439 lais
356 4373 508 4440 nonnulla
530 4373 678 4461 exempla
702 4373 819 4442 addere
845 4395 884 4442 es
910 4393 972 4440 nnn
1001 4372 1176 4462 eodemque
1199 4373 1356 4458 scriptore

165 4487 295 4556 sumta,
319 4499 358 4546 ex
386 4481 555 4547 Pturanetu
580 4481 669 4558 nitie,
693 4480 812 4566 quibus
843 4479 960 4549 similia
990 4477 1120 4550 aliunde
1144 4480 1197 4547 alii
1223 4476 1358 4562 coinqui-
