3150 4972
700 383 746 456 87

140 575 274 644 Editores
305 585 426 646 certam
459 579 638 664 analogiam
670 578 862 644 auctoritate
895 585 1060 662 poetarum
1092 575 1251 642 munitam
1285 583 1319 641 et

141 683 423 751 Grammaticorum
449 683 645 752 testimoniis
669 681 903 749 confirmatam.
946 682 1027 764 Quia
1051 681 1091 748 ad
1115 681 1317 747 Puurnocuuu

139 788 316 855 devenimus
347 789 445 855 buius
473 791 520 857 rei
541 787 684 876 exempla
707 789 863 875 quaedam
887 809 904 855 e
927 787 1005 853 Vilis
1025 807 1041 852 a
1062 787 1232 855 Srnromsro
1251 785 1318 852 edi·

140 895 176 960 lis
197 893 386 961 adscribam.
425 895 459 962 ln
489 895 603 962 Tbesco
623 916 650 960 c.
672 897 725 960 36.
750 903 981 960 commemorat
1004 895 1176 960 Ποσειδῶνα
1199 911 1317 978 eogno-

140 1001 218 1066 mioe
240 1000 432 1083 ’Λοφαλιον,
457 1003 490 1067 in
515 1001 660 1088 Lycurpo
686 1005 733 1065 11.
755 999 862 1082 tuapte
887 999 1078 1066 Cretensium
1104 1019 1160 1086 pro
1183 999 1315 1080 ιίνδρεῖα.

140 1106 188 1173 21.
212 1105 426 1188 καθαριότητος
448 1128 504 1194 pro
523 1106 766 1188 καθαρειότητος.
795 1111 847 1172 28.
868 1108 1000 1189 κρνττία
1020 1125 1077 1194 pro
1097 1107 1256 1188 κρυπτεία.
1283 1105 1315 1169 111

142 1209 256 1278 Cimone
278 1218 308 1279 1.
330 1213 360 1278 ἐν
379 1225 417 1296 τῇ
437 1213 676 1294 Πληοιανακτίιρ
696 1219 752 1297 τοᾷ
776 1232 832 1299 pro
851 1214 1103 1295 Πεισιανακτείῳ.
1124 1211 1155 1276 in
1172 1209 1319 1297 Pompeio

141 1322 188 1383 31.
213 1319 423 1400 Σταρτακιόις
442 1339 504 1407 'pro
529 1319 763 1400 Σπαρτακείοις.
794 1323 846 1384 52.
872 1321 1060 1400 ’Τψικρατία
1085 1337 1142 1405 pro
1166 1314 1319 1400 ’Τψικροί·

139 1445 219 1501 τεια,
244 1425 278 1489 in
303 1422 467 1510 Lysandro
496 1431 544 1492 tu.
568 1426 611 1492 τοί
635 1423 812 1506 Λνσοίνδρια
837 1443 894 1510 pru
917 1411 1142 1508 Λυσοίνίρειοι,Ι
1166 1423 1197 1488 in
1223 1423 1319 1487 Aratu

141 1533 187 1594 ii.
209 1529 244 1595 τί
267 1528 408 1611 Ἀραίτιον
431 1539 526 1618 turpe
557 1531 671 1596 vilium
696 1550 753 1617 pro
776 1529 951 1610 Ἀράτειον,
982 1542 1045 1616 qua
1069 1527 1221 1614 analogia
1239 1525 1321 1591 nibil

140 1645 182 1700 est
204 1637 405 1701 constantius
428 1645 459 1702 et
484 1636 629 1723 pluribus
652 1633 806 1722 exemplis
826 1634 1023 1712 stabilitum,
1051 1644 1084 1700 ut
1105 1635 1147 1700 τιί
1167 1633 1319 1712 Κιμώνεια

143 1741 332 1831 (μνήματα),
364 1744 399 1807 τί
423 1751 570 1820 Θησεῖον,
596 1745 738 1821 Αἰγαῖον,
769 1739 944 1818 Λίοἰντειον,
973 1742 1195 1819 Μανιιίλιιον,
1219 1747 1320 1818 Tigu·

140 1848 279 1913 λείντειον
309 1847 414 1935 (Pcor.
440 1847 471 1913 in
501 1847 616 1914 Ῑιίιιοί.
644 1846 712 1936 39).
750 1844 895 1911 Ridicule
927 1856 1103 1932 peccarunt
1136 1845 1258 1910 librarii
1285 1845 1318 1909 iu

143 1953 266 2018 Βιιιιιλι
288 1952 403 2018 Anccd.
425 1953 448 2019 1.
471 1973 499 2039 p.
515 1958 597 2030 360,
624 1959 673 2019 10.
698 1952 804 2019 Atat:
830 1949 995 2016 οἰκίντιον
1015 1951 1170 2029 ’Atrinum
1193 1953 1245 2016 καί
1265 1955 1319 2015 τοῦ

142 2061 250 2126 Αἰακοῦ
280 2059 406 2137 τέμενος
438 2078 496 2145 pro
526 2061 684 2126 Aianteion:
717 2057 753 2123 τὸ
780 2057 924 2133 'Altinum
951 2061 1005 2123 τοῦ
1036 2058 1154 2123 Αἰακοῦ
1184 2055 1320 2137 τέμενος.

144 2163 339 2238 Suionibus,
372 2166 427 2250 qui
453 2163 662 2232 haecomnia
687 2162 766 2230 bene
790 2163 911 2248 scripta
935 2180 1004 2228 esse
1028 2161 1182 2240 credidit,
1212 2159 1322 2228 sedulo

143 2268 270 2336 iormam
302 2278 442 2336 Neruo
475 2271 597 2356 recepit
628 2271 659 2336 in
686 2267 783 2335 Bruto
807 2272 860 2334 25.
886 2265 987 2334 Morio
1019 2274 1074 2335 21.
1100 2267 1232 2335 Lucullo
1256 2269 1321 2344 11,

145 2377 201 2456 11,
232 2381 283 2443 32.
332 2375 433 2441 biulto
466 2377 630 2462 antiquior
661 2385 710 2442 est
741 2373 792 2440 bio
826 2376 893 2462 ipse
924 2393 1014 2440 error
1038 2373 1069 2439 in
1096 2376 1196 2441 veteri
1225 2372 1322 2439 verbo

144 2479 239 2548 ionico
261 2490 293 2548 el
317 2455 419 2548 :illico
442 2489 557 2548 1ΛΛΩ
582 2489 613 2546 et
638 2479 824 2569 compositis
852 2478 984 2558 ἕξίλλω,
1016 2479 1151 2556 οἰνίλλω,
1185 2479 1321 2557 ἰτίλλιι,

144 2596 287 2670 κατίλλο,
312 2595 437 2670 inlato,
462 2595 493 2658 in
520 2592 638 2678 quibus
661 2611 760 2678 quum
784 2572 863 2657 {sit
888 2599 1002 2658 natura
1027 2591 1220 2678 productum
1246 2599 1320 2657 nater

145 2709 187 2765 est
208 2708 240 2766 et
257 2703 377 2788 passim
402 2699 594 2765 inveteravit
618 2697 780 2784 scriptura
800 2705 957 2774 61ΛΛΩ,
982 2695 1066 2784 quod
1091 2695 1324 2762 eiusdemmodi

145 2814 186 2871 est
206 2815 300 2892 atque
323 2813 465 2871 Temni
490 2803 538 2871 rei
559 2811 690 2868 Neltdil
709 2800 759 2868 vel
776 2809 989 2869 ΠΟΛΕΙΤΛΙ
1007 2810 1040 2868 et
1060 2801 1189 2868 millena
1209 2799 1249 2867 de
1269 2821 1322 2889 ge·

146 2929 213 2977 uere
237 2911 293 2977 boc
318 2911 357 2977 in·
378 2911 549 2988 nummis,x
575 2906 860 2996 inscriptionibus,
893 2907 1058 2975 codicibus
1083 2903 1188 2993 paullo
1212 2915 1322 2973 volus·

147 3015 291 3093 lioribus,
315 3024 351 3082 ut
371 3015 423 3081 ὑπ’
444 3015 556 3082 insinno
575 3013 660 3101 apud
681 3013 800 3080 ltronmr
819 3013 929 3081 Gunrs.
953 3034 981 3099 p.
999 3017 1063 3080 116
1083 3032 1141 3100 pro
1154 3013 1320 3080 insulamn.

146 3117 202 3184 Pro
228 3121 325 3196 ἰλλιιν
356 3121 452 3190 Artior·
484 3121 592 3185 minus
623 3129 747 3185 veteres
778 3121 869 3186 εἰλεῑν
895 3128 1068 3206 coeperunt
1100 3117 1222 3185 dicere:
1247 3117 1322 3184 binc

145 3223 232 3300 ἰλλο,
264 3225 358 3293 εἰλλα
387 3235 419 3291 el
443 3227 514 3292 εἰλῶ
545 3232 698 3314 perpetuo
731 3224 770 3291 de
800 3224 870 3291 ioco
902 3235 1046 3312 pugnant
1071 3225 1103 3289 in
1128 3224 1268 3313 simplici
1291 3232 1325 3291 et

147 3335 329 3420 compositis.
378 3331 423 3399 ida
448 3331 487 3398 iis
513 3351 573 3396 non
600 3329 773 3395 difficulter
797 3333 842 3396 ita
866 3333 1013 3417 componi
1042 3337 1160 3417 polest,
1186 3337 1222 3396 ut
1245 3333 1322 3397 ἰλλιι

146 3455 210 3502 com
234 3439 419 3525 compositis
442 3436 613 3504 addicatur
635 3437 890 3523 antiquioribus,
914 3438 1078 3523 sequiores
1100 3437 1171 3502 εἰλῶ
1192 3445 1323 3503 etcom-

149 3543 238 3624 posita
261 3544 320 3610 sibi
346 3543 501 3616 babeant,
528 3542 666 3631 deniqne
690 3543 824 3608 vitiosae
850 3559 972 3608 merces
996 3542 1109 3623 εἰλλο,
1134 3545 1223 3624 sinc,
1246 3549 1321 3627 ἰλιι,

149 3643 211 3721 ina.
236 3648 313 3715 ἰλλιι
336 3649 542 3715 obiiciantur.
580 3649 680 3734 Legat
706 3647 785 3712 mibi
810 3649 882 3734 quis
907 3646 946 3712 ad
967 3646 1044 3712 baec
1064 3667 1146 3734 quae
1167 3651 1322 3720 Housma-

150 3769 240 3820 nusros
258 3756 435 3821 dunnnenro
455 3754 672 3843 suppeditavit
689 3751 728 3819 ad
750 3751 891 3819 Traianou
910 3773 939 3819 r.
959 3760 1018 3832 γῆν
1037 3755 1199 3834 ἰλλομένην
1219 3779 1248 3846 p.
1264 3765 1322 3840 71,

150 3865 175 3923 el
196 3858 388 3928 honoremus
411 3859 478 3947 ipse
502 3859 629 3946 collegit
653 3857 692 3925 ad
718 3879 747 3925 r.
771 3859 950 3925 ιίνείλλεται
972 3879 1002 3945 p.
1023 3865 1082 3935 31,
1107 3870 1139 3928 ιιι
1163 3873 1330 3952 §implum

151 3969 243 4048 pili,
266 3975 298 4033 et
322 3966 402 4032 satis
422 3985 582 4053 superque
609 3963 736 4031 babebit
757 3965 842 4031 unde
862 3963 944 4031 banc
964 3965 1122 4032 rationem
1143 3965 1323 4031 coniirmet.

151 4069 267 4138 Videbis
290 4072 485 4159 scripturam
513 4080 690 4139 ΕΙΛΛΕΙΝ
716 4071 907 4158 imposuisse
933 4079 1058 4138 tantum
1081 4092 1142 4138 non
1161 4073 1327 4153 omnibns,

153 4175 200 4240 sed
221 4177 313 4244 iidem
345 4179 431 4244 docti
461 4177 604 4262 llagislri
634 4179 666 4242 in
692 4195 728 4244 ea
753 4195 788 4243 re
811 4185 876 4242 tam
903 4195 996 4263 saepe
1020 4185 1052 4243 et
1078 4179 1110 4244 in
1132 4178 1238 4244 verbis
1259 4188 1323 4245 tam

153 4281 317 4351 maniiestis
347 4283 512 4350 caecutire
542 4283 663 4361 solent,
699 4291 735 4348 nt
760 4283 879 4348 nemini
914 4282 1099 4367 religionem
1133 4283 1237 4352 iacere
1268 4296 1326 4352 aut

155 4389 325 4475 scrupulum
345 4391 480 4456 iniicere
492 4387 638 4456 debeant.
672 4389 759 4456 Unus
779 4387 950 4455 liosrcmus
969 4389 1093 4456 adalim
1113 4389 1201 4458 dabit
1220 4411 1325 4459 exem-

157 4489 284 4577 plorum,
306 4478 361 4564 cui
384 4495 464 4565 οἰδίιο
485 4505 535 4563 est
558 4495 651 4576 nido,
676 4495 791 4564 einero:
817 4493 925 4572 ἦλθεν,
952 4497 1137 4579 sinopem:
1162 4500 1324 4578 ἒτιίνμεῑ,
