3204 4978
706 343 776 414 349

146 535 252 615 batur,
297 555 397 624 quino
442 538 594 625 egregius
632 534 736 604 Codex
779 535 944 604 Vaticanus
979 534 1177 611 δεκασθέντες
1213 533 1334 603 ειιιιΙιι.

143 637 232 712 itlius
256 645 289 710 in
310 641 420 711 eodem
447 645 541 711 verbo
565 662 657 711 error
680 642 758 710 satis
783 643 889 730 turpis
913 663 931 710 a
956 642 1034 710 viris
1059 642 1164 710 doctis
1188 644 1330 712 noudum

145 751 386 819 duimadrersus
408 761 468 819 est.
515 749 658 819 Credunt
680 749 800 817 Graece
826 748 890 814 dici
919 769 1010 836 posse
1030 749 1249 832 δωροδοκοῦμαι
1273 772 1331 840 pro

144 858 307 942 δωροδοκῶ,
328 856 411 944 quod
430 866 463 924 et
483 878 593 946 perse
613 865 792 944 spectatum
814 855 991 922 absurdum
1014 865 1063 924 est
1084 865 1116 924 et
1138 859 1256 926 nititur
1270 879 1334 925 uno

144 964 210 1030 ioco
240 964 413 1052 depravato
444 972 476 1032 et
503 963 597 1030 iacilo
628 962 827 1029 ernendando
859 962 1072 1030 bsuosrucnrs
1104 986 1135 1052 ρ.
1162 969 1246 1045 tto,
1279 971 1332 1036 20.

143 1067 187 1137 ότι
217 1071 281 1155 γαρ
311 1073 400 1138 ταῦό
431 1071 539 1144 οἶοι-λῶν
569 1069 818 1152 δεδωροδόκηνται
850 1070 902 1136 καὶ
934 1071 1026 1150 τιμὴν
1049 1069 1172 1155 ἔχουσιν
1196 1069 1329 1142 ἅπαντα

142 1177 253 1244 τούτων
282 1173 361 1244 ούτοι
390 1175 587 1259 πολλαχόθεν
619 1178 717 1254 δῆλον.
749 1185 781 1240 at
806 1176 1029 1257 δωροδοκεῑτόαι
1062 1180 1184 1265 optime
1208 1179 1332 1247 Graece

143 1281 264 1350 dieitur
287 1282 336 1361 id,
360 1282 445 1370 quod
470 1285 543 1370 quis
566 1282 801 1365 δεδωροδοκηνός
825 1281 981 1350 adversus
1012 1303 1125 1371 remp„
1151 1283 1277 1363 iecerit,
1301 1294 1335 1352 et

141 1391 184 1457 τόν
218 1389 455 1473 δωροδοκηθέντα
496 1399 573 1456 suut
612 1390 656 1455 τόν
692 1389 749 1455 dard
783 1395 842 1454 τῶν
882 1389 1116 1471 δωροδοκούντων
1154 1392 1241 1458 κατὰ
1274 1398 1332 1467 τῆς

61 1569 62 1572 ¹
140 1494 259 1572 πόλεως
282 1495 474 1577 πραχθέντα.
521 1493 798 1576 Quemadmodum
825 1495 858 1560 in
891 1493 989 1561 nobiti
1019 1495 1234 1564 Duuosrnrms
1265 1495 1335 1589 loeo

141 1612 190 1670 est
214 1624 246 1690 p.
270 1607 330 1682 54,
353 1606 407 1668 nt.
432 1601 623 1685 προπέποται
646 1608 701 1677 τῆς
720 1601 836 1668 αύτόκα
858 1602 960 1678 ἡδονῆς
980 1603 1033 1669 καὶ
1052 1601 1182 1686 χόριτος
1209 1603 1254 1671 τόν
1276 1611 1333 1679 τῆς

141 1706 259 1783 πόλεως
282 1708 480 1792 πράγματα,
515 1707 624 1774 εούειιι
659 1706 753 1773 modo
783 1707 932 1774 dicebant
962 1709 1006 1774 τόν
1027 1717 1084 1786 τῆς
1107 1708 1225 1784 πόλεως
1249 1709 1333 1792 δωρο·

141 1815 276 1883 δονεῖται
306 1824 338 1883 et
366 1816 496 1902 saepius
527 1815 781 1897 καταδωροδοκεῖν
808 1833 866 1901 pro
887 1815 1104 1896 taratantara
1133 1817 1331 1895 tirannidem,

142 1931 177 1989 ut
199 1921 427 1998 καόηδνταόεῐν
450 1930 482 1988 ει
504 1919 605 1986 mnba
629 1921 710 2000 alia,
736 1919 800 1987 nid.
826 1921 940 1988 brsrnu
965 1921 1096 1990 xxvtt.
1123 1929 1154 1990 5.
1177 1922 1233 1989 sed
1254 1922 1333 2011 qdid

141 2027 258 2116 ptura?
305 2028 475 2094 Auscmnrs
508 2027 699 2093 beuosracm
731 2028 835 2094 amice
866 2047 957 2113 opem
992 2027 1073 2095 ieret
1095 2038 1125 2096 et
1152 2027 1269 2096 efficiet
1295 2049 1334 2098 ne

141 2136 323 2202 scribarum
348 2133 510 2201 calumnia
535 2135 823 2202 circumveniatur.
873 2137 1035 2203 desumus
1059 2135 1154 2202 rerba
1179 2137 1211 2203 in
1238 2136 1335 2204 Ctesi·

138 2241 275 2330 pbonteo
299 2262 329 2329 p.
350 2245 414 2321 85,
440 2246 493 2308 tn.
527 2243 545 2326 §
573 2245 647 2307 til.
680 2241 723 2306 τοδ
753 2241 817 2321 γὰρ
841 2242 908 2323 περὶ
939 2242 1010 2316 τοὺς
1040 2242 1241 2326 Ἀμφισσέας
1265 2247 1333 2322 ἧσε·

140 2347 268 2429 βημόνα
298 2371 343 2415 σοι
377 2347 431 2414 καὶ
461 2348 504 2415 τόν
536 2349 603 2429 περὶ
636 2350 691 2426 την
724 2348 862 2429 Εὔβοιαν
896 2347 1132 2431 δωροδοκηόέντα
1170 2351 1331 2417 neminem

141 2453 292 2523 dubitare
323 2452 448 2534 sinent,
486 2455 562 2541 quin
597 2453 809 2522 brnosrnrnrs
844 2455 922 2521 baec
957 2457 1000 2520 sit
1033 2475 1163 2522 suanus:
1200 2451 1245 2523 ότι
1269 2458 1333 2542 γὰρ
1454 2517 1457 2526 .

140 2561 231 2628 ταῦθ’
258 2561 365 2634 innoc
398 2559 630 2643 δεδωροδόκηται
660 2562 725 2626 ari.
757 2581 839 2648 quae
863 2561 1026 2647 scriptura
1051 2562 1082 2627 in
1110 2561 1272 2628 nonnullis
1296 2561 1334 2628 ti-

130 2663 208 2734 'bris
232 2676 284 2733 est
309 2665 363 2732 sed
383 2663 541 2732 librorum
564 2665 722 2753 praesidio
744 2687 804 2732 nou
827 2665 963 2753 indiget:
986 2669 1095 2754 itaque
1115 2668 1334 2752 δωροδοκοῦμαι

111 2805 116 2816 ·
141 2793 177 2842 en
203 2769 437 2854 δεδωροδόκηται
464 2781 528 2838 tam
561 2772 698 2839 absurde
723 2783 835 2839 uatum
861 2781 910 2839 est
934 2793 970 2839 ac
996 2774 1023 2839 si
1044 2775 1118 2859 quis
1138 2795 1176 2842 ex
1200 2777 1243 2842 rat
1266 2780 1337 2855 ιἠοε-

139 2881 269 2962 βημένα
298 2903 364 2956 τοι,
400 2879 443 2945 τόν
479 2880 544 2959 έμοδ
574 2879 757 2961 βεβιωμένα
791 2877 885 2945 ιεΙΙει
917 2880 1096 2960 ύοεβοῦμαι
1134 2901 1192 2968 pro
1227 2882 1335 2961 ύτεβῶ

141 2996 289 3076 repetere
324 2984 370 3052 vei
402 3005 460 3072 pro
489 2985 548 3065 βιῶ
571 2995 628 3052 ant
651 2984 690 3067 ζῶ
720 2987 871 3066 βιοῦμαι,
906 3006 991 3053 nunc
1023 2984 1063 3053 ad
1098 2987 1255 3055 Lucrinus
1286 3009 1336 3055 re·

141 3091 263 3162 deundi
287 3100 414 3177 tempus
438 3100 498 3158 est.
546 3091 659 3177 blegne
683 3109 793 3158 rerum
818 3092 1001 3159 Atticarum
1025 3091 1154 3160 inscitia
1180 3093 1337 3182 conspici·

143 3206 198 3267 tur
222 3201 255 3265 in
281 3201 342 3277 ot,
369 3201 430 3276 12,
458 3201 487 3264 1.
515 3195 568 3264 ubi
594 3196 700 3264 Attica
725 3199 879 3264 meretrix
904 3198 944 3266 ad
964 3207 1144 3290 amatorem
1170 3200 1214 3267 ita
1239 3200 1336 3271 dicit:

141 3303 216 3374 οἷσθ’
246 3303 334 3380 dcccc
362 3304 477 3387 έραεοδς
508 3303 787 3386 ταρετεμψύμην,
809 3307 972 3374 ιἪόοκλόα
998 3306 1167 3398 (Νεοκλέα)
1189 3290 1241 3375 τόν
1263 3333 1336 3392 τρο·

142 3413 314 3480 τανεύοντα
338 3415 389 3477 νῦν
420 3412 472 3477 καὶ
504 3411 652 3478 Πασίωνα
680 3412 732 3478 τόν
764 3412 946 3493 ναύκληρον,
981 3415 1072 3500 quasi
1106 3423 1190 3481 esset
1213 3415 1336 3502 aliquid

143 3519 179 3586 τό
202 3516 410 3601 πρυτανεύειν.
457 3517 536 3584 Erat
561 3516 620 3584 boe
641 3518 849 3604 magnificum
874 3519 906 3584 in
931 3519 1034 3585 insuia
1058 3517 1167 3586 Rhodo
1185 3528 1217 3586 et
1230 3520 1335 3587 sicubi

144 3622 220 3690 aiibi
242 3641 391 3689 summus
412 3625 623 3710 magistratus
643 3625 658 3690 ό
679 3625 831 3707 Πρύτανις
848 3633 918 3690 erat
939 3633 971 3690 et
991 3623 1173 3692 dicebatur:
1201 3625 1337 3694 dtbenis

145 3748 242 3796 neruo
272 3735 342 3795 erat
369 3737 436 3795 tatu
470 3731 576 3796 tenuis
607 3739 639 3797 et
671 3731 775 3816 inops,
808 3731 886 3817 quin
921 3728 952 3796 id
977 3730 1006 3797 ei
1031 3734 1147 3797 sortito
1170 3730 1338 3819 obtingere

145 3841 273 3922 posset,
297 3842 334 3901 ιιι
363 3838 491 3905 Socnnrr
515 3835 641 3923 obtigit.
689 3836 858 3903 Praeterea
892 3857 954 3903 non
988 3836 1144 3904 dicuntur
1168 3837 1243 3905 oiim
1269 3839 1338 3906 sin·

144 3939 215 4028 guli
243 3943 438 4022 τρντανεύειν
470 3942 525 4009 sed
559 3944 699 4026 ηφυλύ.
750 3941 902 4010 Socnnrrs
933 3942 965 4008 in
999 3943 1147 4011 Ριιιιοιιιε
1185 3946 1338 4034 Αροιορίο

145 4069 178 4135 p.
204 4052 249 4115 52
270 4069 296 4116 n.
321 4049 496 4132 έβούλενοα
527 4048 579 4116 καὶ
607 4047 720 4130 ἔτυχεν
745 4051 828 4128 ἡμῶν
852 4051 870 4126 ἡ
893 4049 981 4132 <punit
1008 4049 1194 4139 [Ἀντιοχέα]
1220 4077 1338 4135 πρυτα-

144 4153 293 4234 νεύοντα,
320 4154 374 4223 ubi
408 4157 516 4244 inepte
550 4157 681 4243 irrepsit
705 4156 881 4237 Ἀντιοχόςε
909 4175 992 4242 quae
1015 4155 1129 4224 inisset
1156 4158 1209 4222 iba
1234 4156 1339 4224 tribus

145 4259 226 4327 nihii
257 4260 296 4329 ad
330 4282 398 4330 rem
429 4270 461 4329 et
492 4261 637 4328 sciebant
668 4281 780 4329 omnes
809 4265 883 4340 ειη
916 4263 1074 4345 Ἀντιοχέα
1100 4262 1338 4351 requirebatur.

143 4365 262 4434 betrus
294 4373 326 4435 in
367 4369 482 4456 Goryt'c
514 4389 544 4455 p.
573 4373 637 4436 tto
664 4390 689 4436 ιι.
714 4369 820 4449 τέρατι
847 4367 1009 4449 βουλεύειν
1030 4373 1161 4452 λαχὼν,
1186 4370 1289 4446 ἐπειδη
1319 4373 1337 4447 ιδ

142 4474 233 4558 Φνλη
275 4476 463 4558 incurrimus
506 4475 559 4541 καὶ
594 4473 654 4542 ἔδει
697 4499 738 4554 με
773 4473 974 4560 ἐπιψηφίζειν
1014 4476 1143 4556 γέλωτα
1177 4483 1337 4558 παρεῖχον.
