3086 4974
811 347 883 421 472

253 567 427 616 »escerorts
449 559 494 616 est
516 547 667 613 sttreroms.¹
704 543 807 612 Varro
831 533 1039 612 Testetncnto
1062 545 1129 630 περὶ
1154 545 1320 624 hratridi:
1351 545 1434 614 Vmio

248 675 332 722 suec
364 653 407 720 od
434 653 566 720 oiterum
598 673 697 741 persus
727 651 921 732 testamenti,
964 653 1046 739 quod
1084 653 1200 720 dicitur
1233 652 1382 736 φυσικόν,
1405 652 1434 716 is

221 832 225 842 ,
252 781 312 850 quo
339 759 449 828 Graeci
471 777 629 828 meteres
652 779 747 846 quom
770 757 904 824 Romoui
926 759 1035 826 nostri.
1083 758 1170 841 Quae
1190 757 1285 826 verbs
1305 757 1437 831 Nonius.

254 875 292 933 ut
315 864 414 944 solet,
441 884 503 932 non
529 863 695 932 intellexit.
744 884 903 931 erectores
922 873 1000 930 sunt
1022 864 1185 947 seratum
1209 865 1263 932 sai
1287 862 1439 946 mutriss-

255 996 315 1056 pu,
340 971 516 1060 festiviores
540 991 636 1058 quem
662 969 817 1049 Romani,
842 989 904 1036 non
929 967 1084 1040 metiores.

302 1078 349 1146 Be
373 1077 478 1146 Dioiu.
501 1077 543 1145 li.
571 1081 666 1165 557.
707 1075 820 1142 ihhsm
842 1074 1080 1163 philosophiae,
1105 1077 1185 1144 mihi
1207 1078 1318 1157 crede,
1340 1077 1440 1168 prodi·

254 1185 314 1264 tis,
339 1183 414 1250 dum
438 1183 566 1251 oostetio
590 1182 770 1270 defenditis.
810 1182 930 1248 Vitiosa
953 1175 1114 1271 scripturo
1134 1185 1255 1272 optime
1278 1183 1441 1273 apparebit

254 1292 282 1358 si
305 1293 333 1358 ei
359 1311 465 1358 rerem
487 1289 692 1377 opposueris,
716 1308 818 1376 quse,
845 1297 879 1354 ut
903 1287 1067 1376 suspicor,
1092 1288 1170 1357 haec
1193 1300 1262 1359 est:
1290 1311 1440 1359 seusu-

252 1398 387 1485 proditis
417 1397 494 1463 dum
521 1415 669 1462 ossreeot
698 1393 877 1483 defenditis.
917 1393 1001 1461 iioec
1034 1414 1108 1463 vera
1131 1403 1164 1463 et
1187 1417 1264 1464 seue
1289 1397 1442 1485 oppositio

255 1512 325 1584 est,
350 1513 383 1572 et
407 1497 516 1591 quetn'
529 1510 618 1568 recte
634 1522 693 1568 sex
714 1500 932 1588 philosophice
955 1499 1084 1568 dicetur
1103 1509 1135 1568 et
1155 1501 1219 1570 etia
1238 1504 1343 1571 mutto
1363 1501 1441 1590 opud
1504 1511 1505 1516 ’

122 1651 127 1662 ·
257 1609 445 1678 Ciceronem
480 1606 649 1676 ostendere
679 1614 814 1695 possunt
843 1614 876 1674 et
908 1605 994 1694 quod
1027 1609 1172 1676 omnium
1202 1609 1308 1676 iustos
1338 1618 1389 1676 est
1409 1607 1443 1673 de

255 1717 361 1783 Dioiu.
386 1715 411 1782 l.
436 1718 455 1801 §
482 1719 532 1784 10.
564 1733 662 1782 suoru
696 1725 730 1780 tu
761 1713 889 1802 quidem
916 1714 1107 1794 Stoiconrm,
1136 1714 1283 1802 inquom,
1313 1714 1442 1792 Quinto,

257 1821 412 1911 defendis.

304 1927 378 1994 Post
403 1945 504 2014 peuce
529 1927 572 1995 ite
594 1926 731 2014 legitur:
755 1949 817 1992 soe
837 1947 911 2015 erpo
933 1925 1074 1993 ommium
1093 1927 1238 1993 interitus
1256 1937 1351 2016 utque
1365 1936 1444 1994 ortus

256 2045 371 2102 notiore
393 2033 539 2123 conficit:
564 2044 594 2101 et
617 2037 676 2100 erit
698 2033 821 2120 oiipuid
843 2032 926 2120 quod
945 2042 1000 2098 out
1022 2053 1063 2098 eu
1085 2031 1185 2099 eihiio
1205 2033 1330 2100 orietur
1352 2032 1442 2100 ordis

256 2141 395 2207 miiitum
417 2139 517 2206 subito
539 2140 670 2207 occidat.
720 2138 811 2206 Haud
829 2141 907 2206 scio
938 2157 978 2204 so
1005 2138 1125 2204 oscum
1147 2140 1190 2204 sit
1215 2139 1442 2226 reponendum.

261 2245 407 2314 Occidere
430 2256 479 2313 est
502 2246 673 2313 ἀπολέσθαι
692 2264 796 2333 neque
816 2244 895 2310 setis
915 2243 1081 2312 commode
1101 2244 1135 2311 ie
1154 2244 1290 2311 mihiium
1312 2245 1443 2312 occidere

256 2354 509 2440 coniunguntur.
537 2350 684 2418 Recidere
708 2361 757 2418 est
781 2351 968 2426 ἐκλυθῆναι
993 2350 1157 2437 etoptirue
1178 2348 1272 2418 habet
1296 2353 1442 2426 dissuti·

257 2484 306 2528 rus
331 2461 373 2534 sic
398 2458 498 2537 odiis,
521 2459 555 2524 iu
579 2457 717 2524 nihilum
742 2456 789 2524 rei
814 2456 855 2522 ed
878 2456 1015 2522 m'hiium
1039 2455 1185 2524 recidero.

306 2565 350 2632 De
375 2565 480 2632 liioim.
507 2564 549 2631 ii.
578 2565 595 2649 §
621 2567 678 2632 61.
704 2582 770 2630 roes
793 2562 893 2651 ipitur
915 2563 996 2629 cotio
1019 2561 1214 2630 conciuditur
1237 2583 1292 2630 uec
1316 2563 1351 2629 id
1370 2561 1444 2652 quod

255 2693 317 2739 eor
338 2672 474 2760 potuerit
506 2671 583 2759 fieri
616 2672 737 2757 fuctum
768 2689 919 2757 umquem
944 2690 1030 2742 osse:
1063 2669 1121 2734 meo
1152 2667 1234 2756 quod
1253 2669 1392 2757 potuerit
1416 2665 1444 2732 isi

255 2787 434 2868 portentum
454 2797 539 2856 esse,
563 2774 790 2862 corrigendum
808 2793 940 2842 censeo:
964 2794 1011 2840 ιιι
1032 2774 1131 2862 ipitur
1146 2775 1226 2840 cotio
1245 2775 1443 2842 conciuditur.
1503 2819 1504 2826 ι

258 2885 416 2973 Perpetuo
447 2904 457 2950 ι
481 2891 513 2951 et
537 2901 555 2949 r
578 2891 609 2950 et
634 2903 650 2948 ι
683 2881 768 2948 inter
791 2901 826 2948 se
857 2879 1117 2958 contunduntur.
1145 2881 1236 2946 utin
1261 2901 1388 2949 exteros
1406 2917 1444 2929 —

258 3011 384 3058 sxtrturt
405 2999 435 3056 et
458 2990 531 3056 sino.
562 2987 598 3054 ln
624 2987 705 3058 libro
726 2987 750 3054 Ι.
764 2991 782 3073 §
797 2992 840 3055 to
861 2987 1058 3073 receperim:
1080 2997 1189 3052 uomet
1205 2987 1289 3075 opud
1310 2986 1443 3054 Ennium

262 3096 395 3165 Vestoiis
425 3117 485 3163 ιιιι
518 3113 575 3182 pro
604 3095 683 3171 iiio,
716 3103 751 3160 ot
783 3103 871 3160 reete
895 3091 1102 3160 emendetum
1128 3103 1176 3160 ost
1200 3093 1227 3161 1.
1255 3095 1272 3179 §
1297 3097 1353 3161 88.
1382 3090 1444 3158 Goi-

258 3203 400 3270 ehostem
429 3221 581 3289 cuperem
605 3200 713 3267 scribit
739 3197 892 3267 Homerus
913 3237 954 3250 -
975 3199 1086 3266 dsscem
1117 3196 1256 3266 ciossiou
1285 3198 1387 3286 fuisse
1407 3193 1444 3262 od

199 3327 210 3342 ⁵
259 3328 344 3376 retunt
368 3326 425 3395 pro
455 3305 497 3373 od
527 3305 637 3386 iilum,
669 3305 724 3373 sed
754 3304 865 3373 eadem
901 3324 998 3392 opera
1027 3315 1209 3372 correctum
1241 3311 1441 3392 oportuerat:

259 3415 369 3483 ducem
389 3423 493 3482 'cessst
516 3413 617 3501 fuisse
639 3412 681 3480 od
703 3410 815 3480 Itium.

487 3519 540 3587 m}
564 3519 664 3597 oheoo'
688 3518 825 3598 ἡγήσατ’
849 3519 988 3598 ’exesso
1008 3521 1102 3584 ”tuos
1127 3517 1208 3585 sicu.

306 3628 353 3696 iis
378 3626 483 3694 Dioiu.
514 3625 558 3692 11.
593 3628 688 3712 §62
720 3625 778 3692 hoo
806 3624 864 3690 iiie
886 3645 1031 3712 responso
1055 3623 1130 3690 sotis
1154 3632 1259 3710 operte
1282 3621 1445 3690 deciorooit

259 3735 342 3802 nihii
366 3731 542 3801 hobsudum
567 3753 633 3798 esse
656 3750 831 3798 meremor
854 3729 937 3817 quod
959 3729 1034 3818 fieri
1048 3739 1162 3816 posset.
1209 3728 1322 3796 Fuisse
1346 3727 1444 3816 suspi-

261 3861 317 3908 cor
344 3838 428 3906 uihii
456 3837 633 3906 hoheodum
664 3859 729 3904 esse
760 3857 816 3904 reo
847 3856 1010 3904 roorrsro.
1049 3835 1179 3903 Sueten.
1206 3834 1293 3904 Coss.
1320 3839 1373 3902 76.
1396 3852 1445 3900 sec

261 3965 319 4035 pro
343 3953 491 4033 portento
509 3944 683 4012 ducendum
706 3943 735 4010 si
752 3941 865 4031 pecudi
881 3964 933 4010 oor
949 3941 1116 4030 defuisset,
1140 3947 1172 4008 et
1189 3942 1236 4008 sio
1253 3940 1306 4008 atti
1320 3941 1443 4029 passim.

307 4051 354 4117 De
380 4050 483 4118 Divis.
517 4050 556 4117 ii.
590 4055 687 4138 362.
714 4050 746 4117 C.
775 4047 933 4116 Gracchus
951 4048 1137 4135 -scripsit
1156 4047 1274 4114 duobus
1298 4045 1444 4135 ospuihus

261 4157 348 4225 domi
379 4156 608 4243 comprehensis
640 4155 822 4243 horuspices
845 4177 864 4221 o
885 4166 975 4242 putre
999 4165 1186 4222 cortsoootos.
1201 4153 1326 4241 -Epo
1350 4163 1444 4220 tomes

262 4263 362 4328 miror
385 4263 413 4328 si
434 4263 559 4329 emissio
579 4263 735 4352 foemisoe
753 4261 900 4350 [angoris]
913 4270 1044 4328 mortem
1067 4260 1219 4350 efferebat
1234 4258 1278 4326 Ti.
1301 4257 1444 4330 Graccho.

262 4369 386 4436 emissio
410 4377 514 4435 outem
545 4370 644 4436 moris
667 4368 813 4456 [anguis]
839 4376 905 4434 erot
929 4367 1093 4456 mortifero
1119 4366 1299 4446 Comelim,
1325 4387 1381 4432 eur
1401 4362 1443 4430 oi·

263 4483 361 4542 torum
387 4485 490 4541 utrem
514 4473 663 4540 emiserit.
699 4474 751 4540 Bis
774 4492 923 4560 expungo
946 4471 1104 4540 ertsbtema
1130 4470 1348 4540 menifestum.
1377 4470 1443 4538 Sine
