3160 4972
843 357 915 430 428

265 549 369 639 ‘aprrd
404 549 533 620 Livium
567 553 704 632 dicitur,
729 555 866 642 deficere
887 561 919 622 et
944 553 1088 622 ίοίιοιοπο
1114 561 1238 642 potest,
1274 556 1412 644 cntisyui
1435 563 1461 621 ct

281 659 380 726 deteri
415 680 475 726 uon
508 669 623 746 potest.
673 661 841 752 Praeterea
874 679 935 726 non
962 659 1042 727 mihi
1065 660 1197 748 gloriola
1221 681 1261 728 ex
1285 661 1336 728 his
1348 661 1463 746 studiis

282 767 469 854 quaeritur,
495 765 550 832 ssd
575 767 705 834 animus
730 767 858 855 inquies
882 769 1027 854 pascitur
1050 787 1156 857 opere.

328 977 419 1066 Apud
445 978 666 1070 Thucydidem
692 983 746 1045 111.
772 983 814 1046 to
839 978 893 1046 uhi
919 980 1017 1048 Oteon
1044 982 1088 1047 ita
1113 979 1208 1049 dicit:
1233 983 1247 1048 t
1269 983 1334 1066 γὰρ
1357 983 1399 1062 ui
1416 979 1463 1059 ξὺν

281 1085 406 1168 ιίνοίχκρ
427 1111 457 1152 σι
477 1088 580 1154 credda
603 1086 825 1168 χαλεπώτερος
845 1085 1008 1170 διαφυγὼν
1031 1091 1085 1153 ποῦ
1106 1088 1169 1154 cirri
1188 1095 1245 1166 τοῖς
1264 1088 1333 1165 ίσκς
1351 1090 1461 1171 ίχίροῦ,
1536 1147 1537 1188 y

282 1193 314 1258 in
348 1190 464 1260 Codice
501 1194 655 1260 Vossiann
689 1193 855 1259 annotavit
885 1193 1089 1281 nescioquis
1115 1197 1146 1260 iu
1174 1197 1338 1282 margine:
1361 1198 1398 1270 ric
1421 1199 1462 1259 νῦν
1536 1231 1537 1280 7

280 1299 305 1364 ci
329 1300 491 1377 Ἀθηναῖοι.
539 1299 639 1366 Nemo
672 1298 751 1367 haec
775 1297 869 1366 tacite
893 1301 924 1366 in
949 1309 1073 1368 textum
1100 1311 1292 1389 recepturus
1315 1310 1382 1380 cst,
1404 1320 1462 1368 crc-

280 1404 337 1483 do;
361 1405 416 1473 sed
440 1405 490 1474 iac
515 1407 707 1493 irrepsisse,
743 1425 848 1473 nonne
873 1404 1000 1475 iuturus
1024 1406 1123 1474 tuisse
1146 1419 1239 1496 putas
1264 1412 1320 1495 qui
1345 1419 1462 1475 tueren-

281 1519 337 1578 tur
366 1533 403 1580 ac
434 1513 521 1580 saiva
555 1511 689 1580 velient?
738 1510 889 1578 Indicabo
921 1523 1009 1582 certe
1038 1512 1118 1581 duos
1143 1515 1344 1604 Thucydidis
1368 1514 1460 1591 Ιοοοι,

280 1615 334 1685 ubi
367 1619 531 1686 sinrittirna
564 1617 640 1685 huic
672 1618 938 1686 adnotatiuncula
971 1629 1003 1688 et
1026 1620 1059 1686 in
1085 1630 1208 1688 textura
1234 1641 1269 1689 se
1294 1619 1461 1688 insinuarit

279 1733 312 1791 et
343 1726 503 1791 nemiuem
537 1744 690 1811 umquam
716 1722 860 1791 offendit.
910 1725 1013 1793 hudi:
1039 1730 1064 1793 Ι.
1090 1732 1143 1794 et.
1169 1728 1310 1804 Δίκαιον,
1336 1726 1357 1794 ὦ
1380 1727 1461 1800 ’stc
1536 1809 1537 1816 ἵ

280 1839 377 1909 ναῖοι,
399 1832 469 1904 τοὺς
495 1831 576 1910 μήτε
600 1833 778 1914 εὐεργεσίας
802 1833 950 1912 μεγοίλκς
977 1835 1058 1912 μήτε
1082 1834 1272 1917 ξυμμαχίας
1295 1839 1461 1917 προοφειλο
1536 1827 1537 1864 ³

279 1937 373 2018 μένοις
397 1937 525 2016 ἥκοντας
549 1938 635 2019 παρὰ
658 1939 729 2012 ποὺς
754 1937 855 2012 πέλας
879 1941 1049 2022 ἐπικουρίας
1078 1939 1189 2030 [ὥσπερ
1211 1923 1301 2022 ἡμεῖς
1318 1941 1385 2030 νῦν]
1407 1941 1460 2014 δικ·
1536 1975 1537 2016 5

281 2043 423 2124 conderer
446 2041 632 2122 οὶναδιδοίξαι
655 2049 770 2126 πρῶτον
793 2045 917 2124 μοίλιςα
942 2047 999 2127 μὲν
1022 2048 1060 2120 ὥς
1085 2048 1137 2114 καί
1162 2047 1309 2131 ξύμφορα
1334 2048 1460 2121 δέονται,
1536 2067 1537 2076 ’

281 2151 306 2217 εί
339 2149 370 2217 δὲ
401 2151 466 2231 μοί,
501 2145 546 2216 ὅτι
576 2175 617 2230 γε
646 2153 701 2218 οὐκ
732 2151 892 2233 ἐπιζήμια.
926 2161 957 2218 et
984 2156 1037 2220 IV.
1064 2157 1119 2222 92.
1154 2156 1291 2222 είιίίασιν
1313 2157 1342 2220 οί
1365 2150 1461 2233 ἰσχύος

281 2281 339 2324 που
371 2259 474 2340 ίροίσει
504 2267 567 2332 τοῖς
598 2257 700 2332 πέλας
734 2256 846 2346 [ὥσπερ
878 2259 1030 2335 Ἀθηναῖοι
1063 2262 1128 2348 νῦν]
1163 2260 1317 2335 ίπιίντες·
1332 2263 1386 2328 τὸν
1413 2257 1461 2338 μὲν

282 2363 483 2448 ἡσυχάζοντα
504 2405 547 2416 -
566 2351 722 2447 disiectos
746 2364 973 2448 ε’πιςραπεύειν,
1004 2369 1056 2432 τὸν
1080 2367 1112 2432 et
1136 2365 1193 2444 ἔξω
1218 2364 1287 2450 ducor
1312 2387 1461 2451 προαπαν-

281 2479 383 2540 πῶνπα
403 2511 446 2522 -
470 2469 558 2551 ἧσσον
585 2472 713 2551 ἑτοίμως
737 2473 898 2552 κατέχειν.
948 2470 980 2537 si
1007 2473 1080 2559 quis
1103 2471 1186 2541 iuste
1211 2493 1273 2540 non
1298 2476 1400 2541 sentit
1420 2480 1460 2536 ta·

281 2578 365 2646 iihus
391 2581 421 2645 in
446 2578 589 2665 generali
615 2578 773 2644 sententia
799 2576 879 2642 nihii
904 2597 974 2644 esse
998 2577 1078 2654 loci,
1101 2597 1174 2644 narn
1194 2598 1252 2665 pro
1265 2593 1461 2668 sequensque

281 2688 391 2754 statim
417 2686 458 2753 ad
482 2706 562 2773 quos
586 2685 664 2751 haec
689 2693 834 2772 spectent
858 2703 896 2750 ex
917 2685 995 2770 ipsis
1015 2686 1069 2770 qui
1092 2683 1189 2751 verba
1210 2683 1330 2752 iaciant
1353 2685 1461 2774 optino

280 2793 478 2880 intelligere,
511 2789 719 2879 quamohrem
746 2791 806 2855 ista
833 2789 949 2876 frigide
973 2789 1098 2856 adiecta
1122 2792 1301 2858 sententiae
1323 2795 1391 2858 vim
1414 2789 1461 2855 de·

279 2899 407 2969 hiiitent
437 2909 470 2967 et
493 2899 663 2986 frangant,
694 2905 726 2964 at
752 2897 779 2964 is
803 2897 916 2963 saitem
942 2897 1001 2962 hoc
1024 2887 1261 2963 animadvertat
1285 2917 1383 2984 quam
1407 2897 1460 2961 inr-

280 3017 419 3097 yrortuuo
439 3007 506 3073 ioco
526 3010 592 3072 sint
613 3005 822 3091 interposita,
848 3002 954 3070 inedia
978 3005 1255 3086 interimerentur
1275 3003 1461 3085 δεησομένους

278 3125 309 3181 et
333 3116 360 3181 rt
382 3123 445 3189 τοῖς
470 3113 570 3188 πέλας
595 3110 747 3188 ἐπιόντες,
771 3128 855 3198 quae
879 3111 1062 3176 arctissimo
1087 3111 1215 3177 viuculo
1237 3111 1386 3198 copulata
1410 3127 1459 3174 ue·

280 3239 341 3307 que
374 3227 480 3286 urente
505 3237 608 3306 neque
633 3219 739 3284 uerbis
763 3215 870 3282 divelli
896 3224 1040 3304 possunt.
1090 3215 1122 3282 Si
1150 3219 1222 3304 quis
1248 3216 1327 3283 nihil
1353 3218 1459 3283 horum

278 3326 377 3392 sentit
402 3323 530 3391 truatur
554 3322 637 3411 quod
663 3332 770 3403 amet,
796 3320 969 3388 dummodo
992 3320 1220 3391 dissentientes
1239 3341 1341 3409 aequo
1361 3322 1461 3389 auinro

279 3430 372 3499 ierat.
420 3429 623 3498 Enumeratio
655 3449 742 3496 ‘nunc
775 3431 886 3515 paucis
908 3438 940 3496 et
963 3429 1063 3496 vetuti
1088 3428 1190 3515 digito
1215 3427 1399 3496 monstrabo
1421 3424 1461 3490 to·

278 3559 332 3606 cos
367 3538 487 3626 aliquot
523 3534 723 3625 Thucydidis
755 3555 868 3622 aegros
899 3544 931 3604 et
963 3534 1045 3603 male
1077 3533 1203 3602 habitos
1235 3544 1297 3611 σοῖς
1329 3533 1459 3602 ἐπαΐουσι

276 3647 384 3716 τούτου
408 3645 486 3729 πέρι.
1328 3644 1332 3650 ’

322 3752 470 3843 Thucyd.
496 3756 519 3818 1.
552 3755 583 3817 3.
615 3751 641 3817 οί
661 3750 813 3825 Ἕλληνες
833 3788 876 3799 -
894 3750 978 3817 οὐδὲν
1001 3749 1057 3833 πρὸ
1083 3751 1140 3817 σῶν
1163 3743 1460 3833 spateae-stuta

276 3859 413 3942 ἔπραξαν
436 3859 525 3925 ιίλλίι
549 3857 601 3924 καί
626 3858 745 3935 ταύτην
770 3861 825 3935 rhu
848 3858 994 3940 ςροοπείαν
1019 3856 1162 3943 dcccdccc
1186 3857 1240 3934 ἤδη
1265 3855 1363 3922 πλείου
1386 3851 1460 3938 χροί-

275 3989 358 4046 μενοι
386 3967 592 4044 ξυνῆλίον.
642 3965 702 4030 Pro
725 3962 868 4043 ξυνῆλθον
892 3963 1097 4053 Thucydides
1125 3965 1300 4051 scripserat
1323 3961 1459 4039 ξυνεξῆλ·

276 4071 332 4138 ίον.
381 4069 500 4137 Eodem
524 4091 619 4138 sensu
645 4071 760 4138 Graeci
781 4069 932 4137 dicebant
952 4071 1153 4152 succedenter
1174 4070 1319 4152 σρατείαυ
1338 4078 1370 4136 et
1391 4063 1459 4144 ἕξιέ·

277 4202 325 4244 ναι
349 4175 447 4256 ἔξοδον
471 4186 502 4243 et
527 4179 676 4245 ποιεῖσθαι
700 4177 846 4260 σρατείαν
866 4184 898 4244 et
916 4175 1014 4254 ἔξοδον
1034 4178 1204 4254 ποιείσίαι,
1228 4184 1259 4244 et
1272 4175 1382 4256 ἐξιέναι
1394 4194 1459 4254 ερο-

274 4285 371 4375 ποίαν.
421 4285 525 4351 Pauca
551 4285 695 4378 crpruyta
721 4283 811 4350 ride:
842 4283 987 4372 Thucyd.
1012 4287 1036 4349 Ι.
1066 4290 1114 4350 15.
1149 4285 1296 4361 tutiusne
1321 4280 1458 4363 ςρασείοι

274 4391 385 4458 -οιίκ
406 4391 531 4486 ἐξῇσαν.
580 4378 743 4457 heinosth.
768 4391 854 4456 κασίο
877 4391 1013 4472 Νεαίρας
1040 4410 1110 4476 pag.
1141 4395 1238 4457 loce.
1263 4391 1317 4456 οὐκ
1342 4383 1459 4466 ἐξελίίιν

278 4498 392 4576 ἐκείνην
415 4500 470 4577 σὴν
494 4497 652 4582 ςραπείαι.
702 4496 876 4563 Aeschines
899 4498 937 4562 dc
959 4495 993 4564 F.
1020 4496 1053 4562 h.
1081 4499 1113 4580 §.
1144 4501 1217 4564 168.
1244 4494 1363 4578 προίπκν
1382 4489 1459 4570 ἐξελ·
