3150 4972
711 356 781 428 loa

148 562 186 609 re
208 545 422 614 versabantur
445 559 595 636 parentes
617 568 655 615 cc
680 556 818 618 tutores:
843 550 1063 636 exemplorum
1089 547 1210 616 affatim
1238 557 1286 616 est
1306 550 1337 616 in

148 647 341 719 Oratoribus
363 663 396 721 et
420 653 502 721 aliis.
551 655 653 737 Quam
679 655 817 741 diligens
840 654 939 723 fuerit
964 657 1010 734 is,
1034 655 1156 743 dequo
1177 655 1337 734 dicimus,

146 755 349 826 ‹temcnstrat
374 767 390 848 §
418 767 457 828 15
476 763 536 834 τὰς
556 762 636 840 ἐμὰς
653 762 799 847 ἀδελφὰς
819 760 979 829 ἐθελόντων
998 765 1083 830 τινῶν
1103 762 1217 842 λαβεῖν
1235 763 1338 843 riopol-

145 885 217 937 κιυε
251 865 333 932 πάνυ
364 869 516 934 πλουσίαν
548 870 580 935 οὔ
612 867 738 935 δέδωκεν
772 869 881 958 (scrib.
915 873 969 936 οὐκ
991 869 1128 955 ἔδωκεν),
1152 864 1197 934 ὅτι
1222 868 1338 934 ἐδόκεεν

145 966 288 1037 sciuros
316 974 559 1052 γεγονέναι,
593 972 624 1038 id
657 981 706 1039 est
738 974 930 1052 obscuriore,
960 975 1144 1062 ipoobt'b'ore
1174 974 1336 1040 locoocti.

147 1075 313 1162 Spectavit
337 1079 438 1164 igitur
463 1080 494 1145 in
518 1100 638 1165 genero
660 1099 764 1166 genus
790 1080 951 1167 primum,
977 1083 1072 1168 eique
1098 1079 1194 1146 titiam
1220 1080 1252 1145 in
1272 1099 1337 1145 ma·

144 1183 338 1249 trimonium
371 1182 478 1264 dedit,
512 1187 587 1272 quia
617 1186 742 1252 bonerto
775 1187 840 1252 loco
868 1197 960 1252 octus
990 1196 1067 1254 erut.
1117 1185 1153 1251 id
1180 1183 1339 1272 quionrodo

151 1287 268 1356 Graece
298 1288 471 1356 dicendum
504 1293 547 1357 sit
579 1313 639 1357 non
672 1303 719 1359 est
744 1290 874 1358 difficite
897 1291 935 1357 ad
962 1291 1200 1379 reperiendum.
1250 1293 1339 1359 luter

147 1389 182 1461 εὖ
214 1405 246 1462 et
270 1402 371 1470 κακῶς
395 1399 422 1462 si
445 1396 521 1484 quid
546 1397 687 1465 medium
713 1407 762 1465 est
787 1398 818 1464 id
843 1401 980 1472 ἐπιεικῶς
1006 1398 1071 1466 iere
1094 1418 1165 1466 esse
1188 1406 1243 1464 eut
1269 1397 1338 1464 fieri

146 1501 271 1568 dicitur
305 1505 442 1578 ἐπιεικῶς
474 1501 577 1587 ἔχειν,
611 1505 759 1586 πράττειν
790 1514 852 1571 cet.
900 1503 935 1572 Si
966 1505 1039 1591 quis
1070 1505 1171 1590 igitur
1201 1523 1237 1570 eo
1270 1504 1338 1569 ioco

148 1614 246 1674 natus
278 1617 346 1684 est,
381 1617 416 1674 ut
449 1609 534 1676 inter
565 1612 635 1685 τοὺς
659 1607 692 1678 εὖ
716 1610 887 1691 γεγονότας
916 1611 1063 1684 καὶτοὺς
1087 1616 1187 1684 κακῶς
1212 1607 1338 1676 medius

147 1714 191 1778 sit
226 1713 254 1778 is
290 1712 418 1780 dicetur
459 1715 596 1791 ἐπιεικῶς
631 1717 792 1798 γεγονέναι
828 1723 860 1783 et
902 1715 1012 1782 Lrsms
1047 1715 1122 1781 oiim
1163 1716 1338 1802 scripserat

143 1818 319 1899 γεγονότας
353 1821 383 1884 τ’
409 1821 566 1900 ἐπιεικῶς,
601 1821 726 1889 librarii
762 1831 889 1900 buttem,
924 1824 979 1909 qui
1016 1828 1117 1895 κακῶς
1153 1823 1184 1887 ἰιι
1221 1822 1335 1901 κακός,

145 1935 250 2009 χεῖρον
281 1928 314 1991 in
344 1926 457 2008 χείρω,
491 1927 619 1994 καλλιεν
642 1930 674 1993 in
699 1927 828 1996 κάλλιόν
851 1952 881 1996 τι
905 1927 1142 2016 depravarunt,
1166 1928 1336 2013 antiquum

146 2031 293 2098 obtinent
328 2041 360 2098 et
402 2033 537 2108 ἐπιεικῶς
574 2034 605 2099 in
641 2035 783 2110 ἐπιεικεῖς
823 2043 948 2101 mutato
984 2032 1121 2101 mirifice
1156 2054 1190 2101 se
1227 2034 1337 2100 Lrsrsn

149 2137 306 2224 profuisse
341 2137 514 2206 credebant
549 2148 582 2206 et
617 2142 697 2207 satis
728 2140 783 2206 diu
814 2139 845 2206 id
874 2140 1002 2208 iaeinus
1032 2138 1195 2208 occultum
1220 2149 1251 2206 et
1277 2141 1337 2206 im·

146 2245 297 2331 punitum
334 2243 526 2312 babuerunt.
575 2245 621 2312 dd
654 2246 791 2313 Teucria
823 2255 982 2323 revertor,
1015 2244 1099 2311 unde
1130 2245 1242 2312 vitium
1268 2245 1336 2311 exi·

149 2371 233 2416 nram
264 2371 282 2418 e
316 2353 334 2437 §
370 2355 409 2418 61
445 2349 523 2436 tote
555 2352 738 2428 διεκπαίσας
768 2351 874 2419 καΗ
903 2351 1029 2433 μηδὲαα
1052 2351 1164 2423 τελέως
1187 2349 1336 2417 ἀποκέ-

146 2480 273 2524 καυει
308 2457 367 2524 ὑπὸ
401 2462 455 2523 τεῦ
490 2457 593 2540 πυρός.
642 2459 703 2526 Res
739 2467 803 2525 tam
844 2457 1096 2526 manifesta-est
1131 2465 1167 2523 ut
1190 2457 1270 2523 satis
1293 2458 1336 2521 sit

145 2581 255 2628 veram
280 2561 449 2629 lectionem
472 2583 648 2650 opponere,
672 2583 755 2651 quae
779 2563 1053 2646 asserentium.
1101 2575 1130 2630 Α
1152 2572 1184 2630 et
1208 2573 1238 2630 Λ
1262 2582 1335 2629 con·

148 2665 218 2734 susa
252 2678 348 2749 sunt,
383 2666 458 2735 hino
489 2678 586 2736 natus
614 2690 724 2751 error,
758 2670 813 2756 qui
839 2669 970 2736 eunom
999 2668 1070 2755 pius
1093 2667 1215 2757 profuit
1238 2689 1334 2757 qnam

147 2775 267 2840 nocuit.
313 2774 392 2841 Nam
421 2775 541 2862 absque
565 2796 602 2843 eo
625 2775 756 2854 suisset,
781 2775 860 2841 bona
884 2784 916 2841 et
941 2775 1080 2860 genuina
1106 2774 1206 2841 iorma
1232 2775 1335 2841 Attico

143 2879 334 2963 «ἐπεκέκλητο
365 2902 426 2946 nou
458 2885 643 2951 emersisset
678 2882 733 2950 sed
767 2883 800 2946 in
834 2881 1034 2951 brandeburc
1069 2881 1179 2948 reiictu
1204 2879 1331 2949 fuisset.

146 2985 191 3053 lte
215 3007 275 3054 usu
300 2987 474 3054 Atticorum
498 2987 583 3054 nulia
609 3008 678 3055 esse
699 2996 801 3073 potest
821 2986 992 3053 dubitatio.
1028 2986 1114 3054 Satis
1131 2995 1333 3075 compertum

145 3101 195 3160 est
231 3102 415 3160 constanter
448 3093 567 3162 dixisse
602 3113 713 3162 omnes
748 3103 873 3160 veteres
904 3079 1163 3178 κληιι,’κλησα,
1200 3092 1334 3176 respa.

147 3199 304 3281 κε’κληκα,
338 3199 493 3284 κέκλημαι
518 3211 548 3267 et
573 3203 786 3285 κεκλήσομαι,
811 3219 870 3287 pro
893 3200 1011 3287 quibus
1036 3209 1072 3266 ut
1094 3200 1232 3288 quisque
1254 3199 1336 3266 liber

146 3314 194 3373 est
218 3307 395 3393 pessimus,
420 3308 466 3373 ita
494 3309 682 3394 saepissime
709 3306 822 3384 etsie,
847 3308 977 3384 κλείσει,
1002 3305 1146 3384 ἓκλειεα,
1171 3305 1334 3382 κέκλεικα,

145 3411 308 3492 κέκλειμαι
336 3420 392 3480 aut
415 3413 598 3493 κέκλεισμαι
622 3421 655 3480 et
678 3414 879 3493 κεκλείσεμαι
902 3431 1055 3500 apparere
1083 3412 1195 3480 soient.
1245 3413 1334 3477 tnti-

144 3538 226 3604 quae
269 3519 468 3605 scripturae,
510 3540 606 3608 quam
649 3519 944 3587 Grammaticorum
987 3519 1165 3584 auctoritas
1207 3525 1335 3595 tuetur,

145 3626 264 3710 passim
291 3625 322 3689 in
348 3624 438 3690 tibris
460 3625 556 3713 paulo
579 3625 765 3692 melioribus
789 3633 846 3690 aut
870 3633 959 3691 certa
979 3622 1125 3710 exempta
1148 3631 1336 3710 comparent

143 3740 200 3796 aut
230 3728 401 3797 manifesta
433 3733 570 3818 vestigia
595 3733 626 3798 in
650 3731 788 3819 antiquis
810 3730 1020 3817 corruptelis,
1044 3749 1127 3817 quae
1150 3728 1335 3815 proximet

143 3857 219 3904 vero
243 3835 355 3903 abesse
379 3837 503 3918 soient,
529 3849 564 3904 ut
590 3840 621 3904 in
649 3837 823 3905 Ecclesiae.
847 3841 922 3904 520.
947 3837 981 3913 ἣν
1000 3837 1189 3919 δἀκεκλείη
1209 3845 1248 3918 τῇ
1262 3836 1336 3920 θύρη

143 3942 307 4009 Ravennae
332 3942 421 4011 dedit
443 3946 604 4022 ἀποκλίνει
627 3943 690 4010 levi
713 3963 823 4010 errore
842 3962 900 4029 pro
920 3944 1085 4020 απικλιὶιιιι
1105 3946 1166 4028 (ΙΝ
1188 3941 1334 4030 proiit).

143 4048 326 4116 Perfectum
356 4049 491 4133 κέκληκα
515 4052 616 4117 erosit
641 4052 674 4116 in
702 4051 817 4116 Avibus
840 4053 924 4115 1262
947 4051 1209 4133 ἀποκεκλῄκαμεν
1234 4049 1336 4128 διογε-

142 4163 200 4229 νεῖς
233 4155 335 4228 θεούς,
368 4155 428 4221 nisi
452 4156 535 4241 quod
560 4158 822 4236 abrenuntiantem
848 4154 965 4220 tratrem
988 4175 1109 4221 omnes.
1159 4153 1336 4220 Videbatur

139 4282 209 4330 esse
234 4273 311 4328 nota
337 4259 439 4326 iormu
463 4281 481 4326 e
506 4273 615 4329 καλεῖν
638 4272 669 4328 et
694 4263 881 4328 abstinuere
904 4279 1030 4330 manus.
1077 4259 1240 4344 κέκλημαι
1265 4281 1337 4327 sae·

138 4370 275 4458 pissime
306 4378 495 4454 corruptum
521 4378 570 4433 ost
596 4371 625 4434 iu
651 4368 816 4460 κέκλιμαι,
843 4367 1029 4445 κέκλειμαι,
1058 4368 1226 4444 κὲκλισμαι
1253 4365 1337 4430 unde

133 4475 224 4545 sacili
259 4474 390 4560 negotio
422 4474 493 4540 erui
523 4484 638 4561 potest.
686 4474 799 4562 ltaque
833 4473 904 4540 ilias
936 4472 1056 4540 iormas
1086 4469 1254 4546 omnibus,
1280 4470 1336 4555 qui
