3178 4972
834 376 902 422 XXX

265 561 321 627 pro
343 540 473 610 Dioneis
495 543 657 632 leguntur.
705 547 813 614 Multa
835 549 954 634 passim
977 551 1010 612 et
1027 544 1107 611 olim
1126 551 1159 612 et
1181 566 1266 611 nune
1282 545 1320 610 de
1343 561 1453 632 genere

266 664 325 729 hoe
359 685 398 730 ex
430 664 587 732 librorum
620 671 821 757 marginibus
853 673 886 736 in
922 674 1048 734 tentum
1081 667 1180 732 stulte
1208 665 1453 752 recipiebantur,

267 791 299 852 et
331 807 431 864 nuno,
463 809 500 852 ιιι
532 789 629 853 dicare
655 790 740 869 doh,
776 793 876 857 etiam
907 789 1056 866 stultius,
1097 789 1156 854 uhi
1172 777 1336 874 'deprensa
1373 785 1455 849 frans

267 911 332 983 est,
363 911 471 972 tamen
500 910 686 974 retinentur.
733 908 770 976 Si
791 917 900 998 eutem
930 913 1106 976 correctores
1135 913 1238 974 essent
1267 928 1304 974 eo
1332 907 1455 972 nomine

265 1027 374 1115 digni,
405 1029 551 1096 habenda
571 1035 653 1095 esset
674 1033 715 1096 iis
737 1052 857 1119 magna
882 1032 988 1119 gratia
1010 1029 1094 1115 quod
1125 1031 1263 1114 optimos
1295 1030 1456 1113 scriptores

267 1147 374 1234 alique
397 1155 487 1235 parte
513 1150 702 1218 mendorum
732 1151 927 1218 liberassent.
975 1150 1069 1218 Nune
1097 1149 1162 1216 sere
1192 1152 1327 1231 (mirum
1358 1147 1456 1226 dictu)

267 1275 375 1336 contre
397 1277 458 1336 est:
491 1291 553 1336 non
574 1279 683 1339 vetera
705 1275 787 1340 vitis
816 1273 936 1339 tollunt
965 1271 1020 1338 sed
1042 1293 1125 1339 nova
1147 1274 1331 1359 importent.
1377 1271 1456 1334 Ante

266 1391 324 1458 hos
345 1413 462 1478 pauens
485 1393 553 1460 dies
582 1414 683 1479 quum
713 1394 887 1481 perseniae
913 1394 1054 1460 Parisios
1081 1395 1290 1460 excurrissem
1317 1397 1380 1457 tres
1401 1385 1457 1455 Oo

267 1512 352 1579 diees
375 1517 521 1580 omnium
539 1517 677 1601 optimos
697 1521 730 1581 et
748 1515 982 1594 eeleberrimos,
1006 1514 1151 1582 Platonis
1169 1517 1215 1592 A,
1239 1511 1457 1581 Demosthenis

267 1631 291 1699 S
319 1639 352 1701 et
381 1635 546 1702 Aeschinis
575 1632 807 1704 Ooislinianum
841 1636 866 1702 F
897 1636 931 1702 in
959 1656 1088 1703 summo
1119 1638 1184 1702 otio
1215 1633 1457 1723 diligentissime

268 1754 423 1822 arbitratu
445 1777 517 1822 meo
536 1757 715 1843 exploravi,
740 1765 772 1824 et
787 1763 860 1825 ento
875 1760 984 1824 omnia
1007 1755 1205 1826 Correotores
1224 1757 1303 1843 quid
1323 1756 1455 1842 egerint.

268 1878 345 1962 quid
367 1878 619 1966 designaverint,
643 1885 762 1966 quante
787 1881 931 1946 maxima
959 1880 1051 1965 potui
1075 1899 1151 1944 eura
1173 1883 1207 1944 et
1237 1878 1393 1944 industrie
1412 1876 1457 1938 in·

267 2000 436 2086 vestigavi.
490 1998 616 2086 Ubique
649 2021 760 2066 eornm
793 1999 914 2066 fraudis
948 2020 988 2066 ex
1021 2001 1149 2066 inscitie
1182 2003 1276 2064 natae
1308 1998 1458 2082 impressa

267 2121 406 2207 vestigia
426 2124 459 2185 et
475 2120 645 2187 manifeste
664 2121 783 2186 indieia
804 2120 1005 2206 deprehendi.
1041 2117 1141 2206 Saepe
1164 2121 1321 2205 scriptura
1339 2117 1457 2203 primae

267 2260 381 2306 manue
403 2243 559 2308 itaeraea
581 2247 689 2308 estut
711 2244 746 2306 in
768 2240 867 2308 Iitura
889 2248 996 2306 tamen
1019 2217 1178 2327 pellueest
1200 2244 1409 2326 appareatque
1431 2235 1457 2298 si
1563 2253 1564 2286 ί

268 2363 338 2446 quis
364 2359 471 2427 oeulos
498 2362 595 2428 habet
625 2368 658 2428 et
680 2363 739 2430 hoo
769 2364 848 2451 agit.
896 2361 987 2443 Quod
1017 2361 1166 2428 inlibris
1195 2363 1232 2426 de
1261 2362 1339 2444 Itep.
1369 2361 1458 2425 antes

268 2482 431 2560 viderem,
455 2503 538 2549 nuno
561 2486 596 2548 in
618 2482 763 2550 Platonis
783 2484 911 2565 Lepidos
933 2488 966 2549 et
983 2485 1017 2548 'nn
1036 2482 1260 2550 Demosthenis
1281 2487 1313 2548 et
1333 2477 1457 2546 Aeschi-

265 2605 315 2670 nis
335 2606 530 2670 orationibus
552 2610 584 2671 et
606 2607 640 2670 in
663 2603 779 2692 Lysiae
803 2604 960 2686 ἐπιταφίῳ
985 2605 1053 2690 {qiu
1075 2607 1109 2670 in
1132 2601 1328 2672 Ooislinisno
1346 2598 1458 2668 Godiee
1562 2589 1563 2676 ᾗ

266 2725 362 2810 inest)
392 2725 479 2794 idem
513 2727 734 2794 animadverti.
782 2726 934 2794 Ereditur
959 2747 1052 2805 vere,
1086 2726 1199 2812 probe,
1234 2727 1380 2810 antique,
1403 2721 1458 2786 ht

266 2847 331 2912 tina
352 2845 465 2926 lectio,
496 2853 533 2912 ut
556 2847 635 2914 falsa
658 2855 691 2914 et
711 2851 829 2916 vitiose
851 2855 884 2914 et
905 2847 1050 2936 vulgaris
1072 2847 1107 2912 ἐκ
1130 2854 1186 2922 τῆς
1210 2846 1368 2921 συιιιίείιις
1388 2862 1457 2926 sup·

265 2975 413 3077 ponetur²
456 2967 589 3036 Deletur
617 2971 774 3056 scriptura
802 2975 897 3036 vetus
928 2966 1065 3054 simplex
1095 2973 1128 3033 et
1160 2967 1318 3055 genuina,
1353 2970 1392 3031 ut
1419 2983 1457 3029 ex
1561 2997 1562 3042 ι

266 3091 373 3176 aliquo
388 3089 579 3176 interpolato
596 3089 679 3156 libro
697 3089 849 3156 mendose
867 3095 900 3156 et
921 3089 1090 3156 manifesto
1111 3086 1192 3154 feisa
1210 3090 1245 3154 in
1264 3091 1335 3154 eius
1351 3086 1457 3152 locum

266 3212 488 3278 substituetur.
535 3210 613 3278 Dixi
634 3213 701 3277 iam
725 3209 847 3297 aliquid
874 3211 913 3278 de
936 3232 973 3278 eo
997 3215 1186 3288 correctore,
1215 3211 1272 3295 qui
1298 3208 1396 3275 libros
1422 3205 1458 3270 de

266 3331 432 3416 Repudbr'oa
460 3333 552 3400 novis
582 3333 672 3398 vitiis
699 3334 892 3420 inquinavit.
949 3331 1067 3400 Fuerat
1098 3331 1214 3412 ἑωράκη
1246 3331 1359 3405 adedo,
1390 3329 1455 3393 ἕπε·
1560 3375 1561 3424 p

266 3454 376 3528 πίνίν,
410 3452 548 3534 πρότερος
573 3452 706 3530 ἑωράκη.
731 3453 785 3519 rol.
812 3451 842 3520 7.
867 3453 1015 3539 reliquit:
1039 3455 1130 3519 ταῦτ’
1154 3452 1216 3531 ἐγὼ
1241 3451 1316 3530 ἤδη,
1341 3453 1369 3516 si
1393 3449 1455 3526 ἤιδν
1560 3429 1561 3436 ¹

265 3575 412 3653 vidisset,
433 3573 523 3650 ἤιδειν
539 3574 727 3653 correxisset,
752 3595 836 3640 nuno
852 3553 1046 3640 'adverbium
1063 3593 1129 3640 esse
1145 3577 1234 3638 ratus
1252 3593 1315 3638 non
1331 3572 1442 3659 attigit

266 3697 321 3762 sed
342 3715 419 3762 mox
440 3690 475 3761 εὖ
498 3689 547 3762 οὖν
571 3693 698 3771 ἥιδιισίιι
721 3696 755 3760 in
778 3693 911 3770 ἤιδεισίκ
937 3695 1095 3780 eorrupit,
1118 3697 1158 3758 ut
1179 3691 1238 3758 illa
1259 3695 1294 3758 in
1318 3689 1457 3774 sepem

266 3823 298 3885 et
320 3817 495 3886 ίιιιιιίιίειν
519 3816 722 3904 depravavit,
746 3822 778 3882 et
798 3815 853 3882 fol.
875 3813 917 3882 58
942 3815 1073 3890 ἐδεδοίκη
1095 3817 1130 3879 in
1148 3813 1316 3881 ἐδεδοίκειν.
1347 3813 1458 3878 Prima

265 3960 397 4026 persona
427 3933 445 4013 ἦ
475 3961 555 4004 eam
584 3943 710 4006 servata
737 3944 804 4006 erat
833 3935 888 4004 fol.
912 3933 967 4002 27.
991 3933 1005 4001 δ
1029 3935 1195 4018 ἔμπροσθεν
1218 3937 1280 4016 οὐχ
1303 3931 1360 4010 ott,
1385 3934 1415 4001 r'
1440 3927 1457 4006 ἦ

265 4061 320 4128 sed
342 4055 552 4136 correctorio
575 4060 753 4126 substituit.
800 4057 912 4124 Prima
933 4077 1048 4126 manus
1070 4057 1200 4124 dederat
1221 4057 1275 4123 fol.
1299 4055 1329 4121 3.
1354 4055 1381 4122 εί
1400 4053 1457 4136 μὲν
1558 4143 1559 4152 ¹

265 4182 329 4265 γὰρ
352 4183 413 4263 ἐγὼ
436 4181 482 4248 ἔτι
506 4181 536 4247 ἐν
555 4181 683 4259 δυνάμει
703 4176 758 4261 ἦν,
783 4179 837 4246 sed
858 4184 953 4247 vetus
974 4175 1125 4246 Sehoh'on
1146 4180 1181 4243 in
1203 4180 1367 4265 margine:
1386 4173 1456 4244 ἀντὶ

221 4310 319 4382 troi
350 4304 453 4384 ἥμιν
482 4305 636 4380 ιίιτικῶς,
670 4301 809 4369 deelsrat
826 4295 861 4375 ’ἦ
887 4303 921 4366 in
955 4301 1132 4387 antiquiore
1162 4299 1245 4366 libro
1279 4298 1395 4376 fuisse,
1425 4297 1458 4361 et

265 4426 391 4493 disertis
431 4425 538 4492 verbis
571 4445 608 4488 ea
641 4403 797 4508 scriptura
830 4428 1027 4488 memoratur
1061 4443 1080 4486 e
1109 4421 1288 4507 Porphyrio
1320 4417 1456 4484 formem
1557 4493 1558 4520 ἶ
