3204 4978
738 367 809 443 317

172 566 300 632 nienses
324 575 360 632 ul
381 586 419 633 ex
443 563 583 642 ἐοικέναι
607 565 725 645 ἐενίξειν
745 566 792 634 sic
816 585 854 634 ex
875 565 989 635 είκέναι
1012 565 1161 634 laturum
1186 565 1277 647 είξειν
1300 567 1362 635 lnr·

173 671 321 751 mabam,
347 682 384 738 ul
407 673 439 738 in
462 671 604 739 Nubibus
627 692 673 738 vs.
701 675 802 740 1001:

215 785 280 855 τοῖς
304 778 524 861 Ἱπποκράτους
549 779 643 845 υἱέσιν
666 777 755 855 εἴξεις
781 778 836 844 καί
854 803 889 846 σε
914 784 1044 847 καλοῦσι
1067 779 1312 862 βλιτομάμμαν.

171 884 205 952 id
224 895 293 964 esi,
317 893 352 952 ul
375 885 524 952 Graeculi
550 883 780 972 loquebantur,
802 887 901 960 ἐοικὼς
922 886 986 971 inq.
1007 906 1067 953 nun
1089 887 1218 955 aliunde
1239 888 1362 970 είσομαι

170 989 345 1058 lurmalum
379 1001 428 1058 esl
455 1011 554 1078 quam
592 1011 631 1058 ex
663 989 791 1068 είδέυαι,
825 1001 859 1058 ul
888 991 1076 1076 κεκρύξομαο
1101 1013 1137 1059 ex
1162 995 1360 1077 κεκραγέναι.

172 1101 190 1184 §
216 1103 270 1165 66.
295 1099 584 1183 μεσαμφιοίσομαι,
617 1107 741 1164 ναίεσκε
764 1105 1009 1182 μεσαμΦιοῖνμαι
1038 1108 1070 1166 et
1095 1100 1126 1166 ln
1152 1098 1214 1166 fine
1238 1104 1362 1184 περιπεί-

170 1227 265 1284 σομαι
296 1224 333 1271 ex
366 1206 475 1293 inepta
508 1207 568 1271 σῶν
600 1205 723 1270 ίδιωπῶν
747 1205 888 1292 συνηθείᾳ
913 1205 1035 1273 dietum
1060 1214 1109 1272 est
1139 1225 1198 1293 prn
1221 1208 1360 1288 evilebo,

170 1309 256 1398 quod
279 1310 454 1378 ridiculum
476 1313 590 1378 vilium
612 1312 691 1378 suile
711 1311 890 1396 castigatur
911 1316 974 1391 76,
1001 1317 1020 1378 b
1041 1308 1141 1378 ύλλου
1160 1313 1192 1378 δὲ
1213 1313 1359 1389 είπίνσοο·

168 1418 310 1500 περιέπων
340 1418 434 1486 αύσδι
463 1415 522 1487 dee
552 1419 677 1496 λαίεῒν,
710 1418 887 1496 ύαυμαςδν,
914 1417 999 1501 ἐφη,
1025 1419 1051 1486 εί
1083 1413 1125 1491 είς
1150 1418 1188 1485 ὢν
1219 1419 1359 1502 περιέποι

168 1523 221 1590 σίν
245 1521 316 1604 ἕνα,
349 1544 387 1591 ex
419 1543 482 1611 quo
506 1523 652 1611 exemplu
684 1527 762 1590 salis
785 1533 919 1610 apparet
943 1523 1030 1591 illam
1056 1525 1208 1610 antiquae
1233 1525 1361 1612 linguae

167 1631 340 1697 sanitatem
370 1650 503 1716 prorsus
534 1631 678 1718 periisse.
711 1635 771 1708 δύ,
810 1635 852 1696 10
883 1631 938 1698 σὺν
968 1629 1062 1698 οὐδενί
1086 1628 1211 1713 κίσμῳ,
1236 1639 1360 1700 ναίοισι

167 1737 275 1804 ούδέυα
306 1737 431 1816 κίσμου.
465 1739 483 1823 S
510 1740 550 1802 lu
576 1735 738 1813 delendam,
763 1735 905 1815 δεικνύω,
931 1737 1029 1816 ὀμνύω
1055 1745 1086 1804 el
1111 1737 1186 1806 sim.
1212 1739 1359 1824 sequiora

168 1852 245 1909 sunt
264 1851 295 1909 el
315 1842 375 1914 sub
398 1842 555 1909 llrumnnr
579 1849 716 1909 aetatem
749 1841 1023 1930 propnllularnnr.
1072 1842 1153 1910 Nota
1176 1853 1254 1910 sunt
1281 1843 1359 1912 baeu

167 1949 345 2016 llrnlnnm:

371 2054 533 2138 Γλυκέρα,
559 2054 591 2121 σί
613 2053 734 2130 κλείειος
759 2054 857 2134 ίμνύω
882 2078 927 2122 σοι
951 2055 1004 2121 σδυ
1028 2056 1114 2136 Δία,

166 2170 199 2229 el
221 2163 254 2228 in
279 2161 471 2248 fragmento,
496 2160 579 2248 quod
602 2160 751 2246 equidem
769 2167 823 2228 σοῦ
843 2161 983 2236 Κίλακοε
1003 2183 1073 2230 esse
1086 2164 1252 2250 suspicor,
1273 2164 1357 2252 apud

167 2269 370 2336 Peumncnmr
394 2269 483 2335 'lum
510 2269 551 2335 ll.
577 2289 607 2354 p.
629 2271 705 2334 574.
731 2289 759 2334 u.

574 2381 637 2449 πῶς
661 2376 696 2441 πδ
720 2379 846 2455 τραῦμα
869 2377 954 2441 τοῦτ’
977 2371 1078 2472 έχειος

346 2483 551 2584 μεσαγκύλῳ.
575 2487 639 2554 πῶς
662 2480 735 2562 πρὸς
758 2483 849 2561 ίεῶν;
878 2481 927 2547 έπί
951 2481 1099 2560 κλίμακα

347 2591 420 2672 ambe
443 2597 549 2672 τεῖχος
573 2587 762 2666 οίναβαίνωυ.
789 2589 850 2667 ἐγὼ
874 2588 932 2666 μέν
956 2583 1078 2653 δεικνύω

346 2696 560 2776 ἐσπουδακώς,
586 2697 611 2762 οί
630 2696 662 2762 δέ
683 2694 780 2761 ποίλιυ
803 2693 1062 2775 ἐπεμυκτήρισαυ.

166 2810 278 2868 narrat
311 2800 390 2868 baeu
426 2803 494 2889 ipse
524 2801 647 2881 κίλαξ,
684 2803 698 2868 d
735 2800 914 2881 zelandiae,
951 2799 1045 2866 euius
1080 2798 1179 2867 verba
1212 2802 1273 2881 ἐμίν
1297 2804 1356 2881 μέν

165 2907 287 2976 δεικνύω
319 2908 512 2983 ἐσπουδακώς
547 2927 609 2974 non
634 2906 770 2974 suntab
793 2907 974 2992 Interprele
996 2905 1176 2984 intellecta,
1203 2908 1260 2994 qui
1284 2927 1357 2974 ver-

164 3016 220 3083 til:
241 3024 384 3103 prompte
406 3014 502 3080 simul
525 3013 648 3081 οοίοιιιίο
672 3014 807 3080 uulnus:
829 3011 909 3079 uicit
932 3012 1068 3092 δείκνυμι
1093 3009 1138 3081 dur
1158 3013 1357 3093 ἐσπούδακα,

163 3121 281 3188 sumtum
304 3121 425 3187 nullum
457 3121 581 3188 ostendo
605 3122 698 3208 quasi
724 3120 775 3186 bis
798 3119 949 3185 omnibus
973 3119 1107 3186 habeam
1130 3117 1246 3199 fidem,
1272 3121 1357 3209 quud

163 3226 343 3294 adulatoris
358 3235 408 3294 esi
429 3235 461 3293 et
481 3226 604 3294 dietum
622 3234 672 3294 esi
697 3234 733 3294 ul
757 3225 844 3304 δείξω
867 3225 912 3293 ἐπι
933 3225 990 3309 ζῶν
1014 3226 1184 3294 notissimo
1207 3246 1278 3294 usu.
1310 3227 1359 3296 llx

163 3333 403 3422 antiquioribus
427 3334 489 3400 isla
509 3335 617 3399 omnia
641 3332 833 3400 removenda
853 3339 930 3400 sunt
953 3333 1080 3400 inveela
1101 3352 1119 3398 a
1140 3335 1222 3400 seris
1236 3336 1358 3423 nepoti·

163 3442 234 3508 bus.
282 3439 456 3509 Caeterum
483 3438 638 3506 debuerat
666 3437 830 3508 scribere:
864 3437 911 3513 είν
936 3437 1025 3518 μένον
1048 3435 1125 3515 ν’ίξια
1155 3445 1209 3506 σοῦ
1234 3441 1358 3524 ίεέσρου

163 3547 404 3626 ἐπιδείκνυσθαι,
437 3545 518 3613 male
553 3547 711 3631 inlerpres
741 3546 837 3633 dique
862 3545 1002 3624 lbeulrn,
1027 3545 1125 3611 eliam
1152 3545 1204 3613 lrie
1226 3550 1263 3615 πδ
1290 3549 1357 3616 dul·

162 3677 230 3736 σοον
254 3655 385 3741 ponitur
410 3673 466 3739 pro
490 3654 515 3718 ol
540 3653 659 3719 ίεαπαί.
708 3652 742 3718 ln
776 3657 841 3733 23,
866 3657 885 3719 b
911 3652 1022 3739 paucis
1047 3651 1152 3719 verbis
1177 3654 1357 3721 interiectis

163 3759 376 3827 inanimamur
412 3770 444 3826 el
478 3760 670 3826 ἐπαινέσουσι
711 3759 829 3845 posull.
878 3758 913 3825 ln
946 3777 984 3824 eo
1020 3777 1082 3828 usu
1119 3755 1223 3824 futuri
1257 3759 1357 3826 medii

164 3863 338 3933 idenlidem
371 3867 498 3952 longius
522 3886 539 3932 a
564 3865 727 3932 veteribus
760 3864 943 3933 discedunt.
993 3865 1059 3931 lam
1091 3874 1219 3932 malure
1244 3886 1357 3953 eoepe-

161 3982 241 4040 rum
272 3973 420 4041 ἐπαινέσω
449 3973 556 4040 dicere
588 3981 619 4040 el
643 3973 830 4053 έγκωμιοίσω
855 3981 887 4040 el
906 3975 1048 4053 οίγκοιίσω
1073 3980 1106 4041 el
1128 3972 1300 4040 bunuarium
1325 3984 1358 4043 et

161 4079 241 4159 alia,
275 4079 406 4147 landem
436 4101 473 4147 en
505 4088 730 4158 ventumst,
757 4089 793 4147 ul
817 4079 945 4159 νελιίσω
978 4088 1010 4146 el
1034 4079 1155 4147 οἱκούσω
1180 4078 1355 4148 diceretur.

161 4185 352 4254 Videbimus
375 4187 409 4254 iu
437 4195 581 4254 extrema
606 4195 697 4272 parte
728 4185 909 4263 huminem,
935 4188 991 4274 qui
1017 4187 1184 4268 διαβαδιῶν
1207 4206 1265 4274 pro
1288 4187 1356 4254 δια-

159 4293 364 4374 βαδιούμενος
394 4296 500 4381 poluit
521 4293 673 4360 scribere.
724 4293 837 4360 Alieno
861 4293 940 4358 vilio
961 4293 1151 4380 inquiualus
1174 4301 1223 4359 est
1247 4291 1357 4360 Lucin-

159 4419 217 4466 nus
241 4404 284 4465 66
309 4404 368 4476 26,
394 4400 506 4478 ύδιιλον
534 4399 642 4466 ίπίσου
664 4400 771 4482 χρόνον
800 4399 943 4478 βιύσεις,
970 4397 1023 4466 ubi
1047 4400 1153 4480 βιύσει
1179 4398 1356 4465 emendan-

159 4505 250 4573 dum.
298 4507 334 4573 ln
360 4511 422 4587 ll,
446 4511 466 4574 δ
491 4503 537 4577 ἐπι
561 4507 591 4574 δέ
615 4507 648 4575 ού
672 4507 753 4575 πολὺ
778 4507 842 4573 οὶπδ
864 4511 920 4575 τοῦ
944 4505 1086 4576 Διπύλου
1109 4507 1141 4572 ἐν
1161 4507 1286 4592 uerene
1311 4507 1355 4562 sle
