3150 4972
819 359 889 433 142

256 560 409 649 piendum
434 555 539 624 iuerat
557 575 595 622 ex
615 554 688 621 aiiis
708 554 814 622 tibris:
837 551 950 636 εὖγε,
971 556 1143 635 uiator,
1164 563 1357 636 γεννικῶς
1383 561 1456 625 καῖ’

256 667 388 744 αὐτοὺς,
418 661 439 729 ὦ
468 661 612 741 βελτίονι.
661 660 799 727 Tantilia
830 663 939 728 resin
966 662 1115 729 Punrnrns
1140 661 1306 729 codicibus
1329 659 1451 742 efficit,

258 782 293 839 ut
318 772 413 837 borno
435 769 685 834 venustissimus
713 775 762 846 et,
787 770 813 834 si
840 769 913 854 quis
936 767 1034 845 abus,
1059 767 1220 847 urbanus,
1245 769 1454 836 subrusticus

255 895 326 942 esse
349 874 507 941 videatur.
533 874 667 960 Legitur
691 876 723 938 in
745 873 907 961 Symposio
924 895 956 961 p.
980 879 1056 943 213.
1077 875 1112 942 E.
1132 873 1273 958 ἄρχοντα
1286 877 1452 958 αἱροῦμαι,

255 979 309 1054 ἕως
341 979 379 1046 ἂν
410 983 496 1060 ὑμεῖς
528 982 636 1052 ίκανῶς
668 980 775 1057 πίντε,
806 979 952 1058 ἐμαυτόν.
984 981 1074 1047 ἄλλα
1108 979 1226 1064 Φερέτω
1254 979 1397 1060 ’Λγοίίων
1423 973 1458 1047 εί

255 1111 284 1154 τι
321 1085 383 1156 isit
414 1084 547 1166 ἔκπωμα
575 1085 673 1165 μέγα.
706 1091 831 1164 μᾶλλον
863 1086 894 1152 δὲ
924 1086 1006 1152 οὐδὲν
1039 1088 1097 1164 δεῖ,
1131 1087 1220 1154 ἑλλοὶ
1246 1087 1342 1170 Φέρε,
1367 1095 1451 1170 παῖ,

255 1192 374 1277 Φοίναι,
398 1195 450 1259 τίν
472 1197 618 1274 ψυκτῆρα
641 1193 760 1259 ἐκεῖνον.
798 1191 924 1258 Rustici
949 1201 998 1258 est
1021 1191 1129 1259 dicere
1152 1191 1452 1276 ΦερέταἈγοίίων,

256 1300 371 1366 servite
399 1299 457 1366 boc
484 1299 700 1364 ministerium
726 1306 831 1364 estet
856 1295 950 1362 multi
975 1298 1094 1365 serenti
1121 1298 1308 1365 adstabant:
1335 1298 1453 1365 deinde

256 1407 335 1472 satis
360 1405 569 1494 imperiosum
594 1412 643 1470 est
666 1404 784 1486 φερέτω
809 1403 973 1483 Ἀναίων,
1000 1412 1178 1492 utrumque
1198 1405 1313 1470 vitium
1334 1403 1374 1470 ab
1392 1405 1452 1470 Αι-

255 1533 383 1582 cratinus
406 1521 438 1578 et
462 1511 637 1577 Aceraunis
661 1528 796 1597 persona
820 1509 961 1575 alienum
984 1517 1044 1577 est.
1070 1510 1187 1577 Subest
1207 1511 1291 1577 idem
1312 1511 1450 1586 vitium,

256 1617 340 1706 quod
362 1618 521 1684 Dnsnaeus
542 1616 643 1702 perite
667 1615 800 1682 sustulit
813 1635 851 1682 ex
868 1615 1024 1682 churrrn
1038 1617 1193 1682 brunnam
1207 1617 1275 1684 xit.
1291 1637 1321 1704 p.
1337 1621 1414 1683 stt.
1429 1615 1453 1682 i.

256 1724 356 1806 χαίρω
387 1722 558 1789 διαπόντιον
590 1721 771 1803 ςροίτενμα,
802 1723 835 1788 τί
865 1721 1061 1803 προίττοροενς
1095 1721 1365 1810 quemadmodum
1397 1719 1455 1786 itte

259 1831 440 1896 rectissime
466 1828 626 1896 restituit:

528 1935 628 2015 χαῖρ’,
653 1930 675 1998 ὦ
698 1931 869 2000 διαπόντιον

529 2037 712 2122 ςροίτεωροα,
736 2041 769 2106 τί
792 2039 988 2123 πριίττοροενς

258 2150 304 2215 sic
328 2167 386 2214 nos
411 2147 560 2212 Petronis
584 2164 716 2212 manum
743 2147 790 2212 sic
815 2149 1039 2214 restituemus:
1063 2147 1153 2213 οἰκοδο
1173 2147 1289 2231 φέρετ’,
1310 2144 1332 2212 ὦ
1345 2147 1454 2225 Ἀγα-

258 2255 332 2332 ίων,
357 2251 385 2318 εί
406 2277 436 2318 τι
461 2251 523 2321 ἒςίν
547 2249 680 2331 ἔκπωμα
704 2251 805 2331 μέγα.

305 2358 481 2426 Subiiciam
504 2377 590 2424 nunc
604 2356 689 2423 lncns
703 2357 827 2423 cucrnn
839 2355 1122 2443 aliquamnruitos,
1145 2357 1177 2423 in
1190 2357 1309 2445 quibus
1321 2355 1457 2426 dicendi

258 2485 361 2552 genus
392 2473 425 2532 et
459 2462 642 2529 Graecitatis
678 2483 756 2529 usus
780 2464 850 2530 sine
874 2463 944 2530 tabe
966 2473 1032 2541 est,
1057 2472 1090 2530 at
1114 2467 1272 2531 sententis
1297 2482 1393 2550 aegra
1420 2473 1459 2532 et

259 2571 366 2659 inepta
396 2579 427 2636 et
459 2569 541 2635 maie
574 2589 651 2634 sana
683 2569 955 2637 circumambuiat
985 2569 1025 2636 nb
1055 2569 1183 2657 aliquod
1208 2571 1339 2648 vitium,
1365 2571 1457 2657 quod

260 2674 352 2762 ionga
377 2674 446 2740 dies
469 2683 502 2741 et
526 2675 652 2740 incuria
677 2673 844 2741 bominum
868 2673 1093 2742 affricuerunt.
1127 2677 1247 2743 Horum
1272 2675 1353 2742 bona
1373 2695 1459 2762 pars

259 2784 367 2849 sanari
401 2789 520 2868 potest,
553 2791 585 2848 et
610 2780 730 2846 maium
755 2800 773 2846 a
798 2783 902 2868 perito
926 2779 1051 2848 medico
1079 2781 1175 2848 simui
1199 2780 1459 2870 deprehenditur

258 2897 290 2956 et
316 2897 472 2966 curatur,
497 2896 574 2954 sunt
597 2886 754 2974 quaedam
777 2887 987 2966 insanabiiia,
1013 2908 1029 2953 a
1055 2887 1173 2975 quibus
1187 2907 1317 2955 manum
1336 2887 1460 2956 melius

259 2995 451 3072 abstinebis,
475 3003 589 3080 estque
614 2993 687 3059 boni
711 2995 839 3070 critici,
863 2992 947 3080 quod
967 2994 1069 3080 ipsius
1091 2994 1211 3060 Luctum
1232 2994 1337 3061 verbis
1361 2995 1458 3062 iuvat

258 3102 366 3168 dicere
391 3099 467 3188 (29,
495 3099 545 3189 i).
571 3098 945 3182 carcavianensem
969 3104 1093 3181 οννοροῖν
1117 3100 1180 3166 eice
1203 3099 1327 3179 ίοίοιμίν
1346 3101 1390 3170 ἔτι
1416 3102 1457 3168 τὸ

259 3206 380 3285 νίοορρια
413 3205 470 3272 τίν’
505 3205 651 3282 ιίννίκεςον
685 3207 737 3272 καί
769 3204 982 3288 ὑπερβεβηκὸς
1013 3207 1084 3278 τοὺς
1115 3201 1196 3286 ὄρους
1226 3213 1281 3282 τῆς
1312 3204 1455 3288 τέχνης,

262 3313 315 3378 ubi
347 3311 467 3377 maium
498 3320 547 3377 est
580 3310 804 3388 manifestum,
830 3310 1008 3379 remedium
1035 3329 1097 3376 nnn
1121 3315 1189 3390 est,
1213 3311 1393 3378 obscuratis
1420 3323 1458 3379 et

260 3417 372 3485 deletis
397 3419 548 3505 antiquae
572 3419 753 3504 scripturae
774 3416 924 3484 omnibus
948 3415 1076 3482 indiciis
1099 3417 1318 3504 vestigiisque.
1355 3419 1456 3485 Certa

260 3533 369 3611 {sanata
394 3534 442 3591 cst
468 3522 626 3590 medicina
652 3523 774 3590 buenni
801 3523 868 3589 inco
892 3525 931 3600 2,
956 3525 994 3600 2,
1020 3523 1073 3588 ubi
1099 3541 1190 3589 suam
1212 3521 1395 3588 facundiam
1420 3533 1458 3591 et

258 3629 384 3698 (licendi
416 3629 602 3697 facultatem
634 3639 801 3718 comparat
830 3649 906 3696 curn
939 3629 997 3710 iis,
1031 3627 1134 3695 δπιίοοι
1158 3627 1309 3702 ἐνδίκοις
1333 3629 1458 3698 ebboni·

257 3745 349 3818 ροοῦοι
378 3737 434 3815 ξὺν
466 3738 596 3822 daniele
627 3736 797 3815 ποιούμενοι
831 3737 901 3809 τοὺς
933 3737 1075 3815 sirbiae:
1101 3735 1159 3807 iis.
1183 3754 1266 3820 quae
1289 3754 1347 3800 nos
1371 3734 1457 3802 dici·

259 3863 349 3921 mus,
373 3843 499 3929 inquit,
524 3843 592 3910 οὔτε
616 3843 731 3918 κίνησις
755 3843 846 3920 ὁμοία
869 3842 1009 3923 πρίσεςιν
1033 3841 1103 3907 οὔτε
1123 3846 1231 3923 ψυχῆς
1252 3839 1400 3922 δεῖγμά
1423 3868 1456 3910 τι

256 3950 346 4017 cibidi
366 3951 473 4031 τέρψις
497 3948 603 4023 ἄλλως
628 3949 680 4014 καί
702 3949 812 4014 παιδιίο
832 3949 866 4014 τί
885 3951 1034 4029 πρᾶγμα.
1059 3943 1142 4012 Nibit
1157 3945 1458 4031 significatbsirpca

257 4065 314 4124 aut
337 4057 488 4124 δεικνύναι
510 4059 566 4132 τὴν
588 4057 707 4138 ψυχήν.
733 4053 815 4136 Quid
839 4055 881 4118 sit
906 4074 1017 4120 verurn
1045 4053 1196 4146 Puniens
1219 4052 1307 4117 iocus
1328 4054 1456 4138 aperiet

257 4165 296 4228 dc
320 4162 394 4248 ttep.
421 4161 457 4227 V.
489 4183 519 4248 p.
545 4165 620 4228 474.
647 4161 683 4226 b.
706 4160 822 4235 ποίντερ
847 4162 872 4226 οἷ
896 4162 927 4225 ἐν
951 4157 1011 4245 ὅρα
1034 4161 1085 4225 τὸν
1104 4158 1281 4242 Φιλίπαιδα
1304 4158 1358 4223 καί
1382 4159 1456 4241 ἔρον·

256 4268 339 4335 ereb
370 4269 522 4352 οὶροργίπρ
558 4267 741 4333 brixiensi
762 4291 799 4332 τε
822 4265 875 4332 καί
905 4271 1038 4346 κινοῦσι,
1064 4262 1220 4353 quidquid
1246 4273 1354 4330 autem
1382 4267 1455 4331 ani·

258 4395 347 4441 mum
378 4375 575 4440 veliementer
604 4383 770 4439 commouet
794 4371 914 4439 δοίκνειν
936 4374 992 4449 τὴν
1015 4371 1165 4454 καρδίαν,
1189 4372 1245 4446 τίον
1267 4370 1376 4453 ψυχὴν
1400 4371 1455 4438 δοί-

256 4505 335 4549 ννειν
359 4480 492 4548 dicitur.
542 4477 679 4546 Puicbre
704 4477 897 4548 Saracenas:
