3160 4972
697 357 768 428 409

63 634 65 638 .
134 557 245 625 liorem
271 563 303 624 ct
336 553 441 641 magis
470 549 667 639 probabilem
693 548 864 640 proferam.
913 547 973 614 Est
999 548 1031 613 in
1056 567 1094 615 eo
1116 544 1185 613 loco
1210 545 1324 612 lactina

136 672 203 730 orte
233 663 282 749 (ut
307 659 376 728 fieri
398 660 526 745 assolet)
546 669 675 747 propter
692 658 935 739 δμνιντέιιευνιν,
955 672 1037 741 quae
1057 674 1157 742 quum
1174 655 1325 722 uocabula

137 768 288 836 nonnulla
320 766 552 853 absorpsisset,
586 766 710 852 reliqua
744 783 857 830 manca
888 769 920 828 et
950 759 1064 828 mutila
1093 760 1229 848 intelligi
1262 781 1324 829 non

137 885 280 964 possunt.
327 872 480 940 Herodoti
506 868 642 940 Codices
666 871 748 958 pleni
774 878 850 936 sunt
875 871 1033 934 rimarum
1057 875 1090 934 et
1115 867 1325 944 lacunarum.

137 980 190 1048 sed
219 980 301 1047 aliae
332 986 408 1046 sunt
433 979 466 1044 in
490 977 576 1044 aliis:
610 979 717 1064 itaque
743 975 913 1063 pleraeque
941 975 1051 1040 statim
1083 976 1271 1040 sarciuntur
1294 983 1326 1041 ct

137 1085 314 1174 explentur.
363 1083 451 1151 lluae
472 1092 549 1150 sunt
570 1083 722 1150 (lodicum
748 1081 898 1149 Herodoti
924 1080 1041 1148 classes
1065 1099 1103 1148 ac
1127 1080 1224 1147 ueluti
1250 1081 1327 1147 stir-

135 1212 211 1281 pes,
238 1209 376 1280 querum
401 1189 503 1257 alteru
527 1190 662 1257 deterior
684 1197 830 1276 superest
854 1189 886 1254 in
910 1186 1002 1253 libris
1026 1189 1170 1275 antiquis
1191 1196 1223 1254 ct
1247 1188 1327 1254 intc-

137 1299 305 1385 gerrimis,
331 1294 432 1363 altera
456 1296 555 1363 minito
579 1296 691 1362 melior
714 1294 754 1362 ad
779 1315 836 1360 nus
860 1293 1005 1381 pervenit
1031 1296 1063 1360 in
1085 1293 1176 1360 libris
1194 1293 1328 1360 deterri·

138 1405 231 1472 rimis
249 1424 287 1470 ac
301 1403 496 1470 recentibus.
523 1403 613 1486 Quae
631 1411 679 1470 est
700 1402 840 1469 deterior
860 1409 968 1468 textus
990 1397 1159 1467 llerodotci
1183 1401 1329 1468 recensio
1447 1474 1452 1482 ¹

138 1512 296 1600 optimum
317 1517 432 1578 testem
456 1507 551 1576 halet
573 1509 794 1576 Florentinum
816 1508 856 1584 m
873 1527 955 1594 quae
971 1515 1021 1574 est
1038 1506 1203 1594 aliquanto
1217 1507 1330 1574 melior

139 1617 273 1686 minime
294 1616 416 1684 mulum
441 1616 621 1684 Romanum
645 1615 691 1692 ll,
715 1623 747 1681 ct
772 1614 876 1680 onrnis
899 1612 1061 1701 suppellex
1081 1615 1195 1680 critica
1216 1614 1329 1680 idonea

138 1732 171 1792 et
194 1723 284 1790 utilis
307 1743 346 1791 ex
372 1722 422 1790 uis
442 1721 568 1790 duobus
591 1721 684 1790 lilrris
704 1719 826 1788 hauriri
849 1727 952 1808 potest
972 1721 1089 1806 spretis
1110 1719 1243 1807 reliquis
1262 1740 1330 1785 om·

140 1829 246 1898 nibus.
295 1829 380 1896 llaec
404 1848 463 1915 ego
487 1847 573 1895 nunc
604 1829 717 1916 paucis
749 1825 855 1893 verbis
878 1845 961 1914 pono
984 1833 1130 1902 tantum,
1158 1825 1331 1913 diligenter

139 1945 171 2004 et
202 1936 329 2024 copiose
360 1934 641 2002 demonstraturus
670 1953 707 2000 ea
736 1933 843 2000 omnia
878 1932 932 1999 ubi
964 1932 1003 2000 de
1034 1932 1193 2000 Herodoto
1223 1933 1330 1999 dedita

140 2061 236 2130 opera
259 2041 420 2110 disserere
444 2051 476 2109 ct
501 2040 696 2128 quaemihi
729 2048 882 2106 arrnotata
906 2049 937 2105 ct
961 2039 1094 2107 collecta
1118 2048 1195 2108 sunt
1218 2039 1331 2107 ordine

139 2147 288 2236 digerere
309 2157 342 2215 et
362 2167 554 2236 componere
573 2147 606 2213 in
626 2147 692 2213 otio
708 2145 849 2213 dabitur.
886 2145 969 2212 Sunt
989 2154 1097 2214 autem
1118 2147 1151 2214 in
1173 2146 1331 2214 Herodoto

140 2254 275 2320 lacunae
286 2254 481 2342 complures,
498 2252 579 2320 aliae
599 2251 808 2332 manifestae,
825 2251 997 2319 nonnullae
1018 2253 1168 2332 latentes,
1196 2262 1331 2341 utroque

142 2369 224 2427 teste
239 2358 332 2446 louge
348 2360 504 2448 longeque
520 2362 736 2448 antiquiores,
757 2362 867 2448 itaque
888 2361 1018 2447 utrique
1034 2359 1115 2426 liltru
1132 2380 1331 2428 communes.

144 2467 180 2533 lu
201 2467 336 2533 caeteris
360 2465 488 2534 Codicis
508 2471 533 2534 ll
553 2467 682 2555 pauculi
704 2475 830 2534 tantum
851 2465 995 2534 delectus
1017 2487 1055 2534 cx
1080 2467 1107 2533 ll
1125 2470 1332 2548 sarciuntur,

143 2581 255 2640 contra
280 2569 409 2639 codicis
433 2574 458 2640 li
479 2573 755 2660 negligentissime
779 2573 932 2660 descripti
957 2573 1090 2640 lacunas
1114 2574 1333 2642 innumerabi-

142 2678 188 2748 les
210 2698 248 2746 ex
272 2679 297 2745 Α
322 2677 486 2766 suppletus
508 2678 642 2748 ridebis.
692 2679 904 2746 Utilissimum
929 2688 977 2747 est
1002 2689 1110 2747 autem
1137 2683 1168 2748 in
1194 2681 1245 2748 his
1266 2701 1331 2748 om·

143 2787 238 2854 uibus
270 2785 440 2853 observare
472 2787 614 2873 primum
649 2785 733 2853 unde
764 2784 897 2854 lacunae
928 2787 1096 2865 oriantur,
1130 2787 1245 2855 deinde
1269 2809 1333 2876 quo

144 2900 237 2982 pacto
275 2891 410 2959 lacunae
445 2893 486 2958 alr
518 2891 626 2980 aliquo
659 2901 841 2960 correctore
873 2903 1048 2982 utcumque
1072 2895 1273 2974 sarciantur,
1298 2903 1334 2962 ut

144 2999 258 3066 ordine
282 2997 455 3086 procedere
474 2998 624 3066 videatur
644 3002 758 3067 oratio.
788 2999 873 3068 liceo
894 3002 999 3067 omnia
1017 3001 1138 3068 radunt
1159 3001 1333 3079 inlocum,

143 3103 268 3192 quode
296 3105 435 3190 agimus.
483 3103 627 3192 Agedum
654 3125 827 3194 proponam
859 3126 952 3186 eum,
981 3117 1016 3173 ut
1042 3107 1121 3173 mihi
1145 3107 1335 3175 sarciendus

143 3221 176 3278 et
202 3209 415 3297 corrigendus
439 3231 508 3278 esse
534 3211 682 3293 uidetur,
715 3212 830 3281 deinde
860 3214 1068 3301 quamobrem
1094 3215 1139 3280 ita
1160 3215 1332 3304 rescripse-

145 3319 208 3386 rim
233 3317 352 3386 dicam.
402 3317 485 3386 Haec
508 3327 574 3398 est,
599 3339 651 3386 me
676 3319 799 3400 iudice,
830 3318 981 3387 Herodoti
1006 3311 1139 3388 manus:

327 3429 385 3491 τῶν
408 3426 450 3508 τῷ
471 3425 592 3508 χρυσέῳ
614 3423 850 3509 ἐπιγέγραπται
873 3437 1270 3507 ΛΔΚΕΔΑΙΜΟΝΙΩΝ,

237 3530 288 3597 διὰ
313 3531 344 3598 tl
366 3531 485 3608 παύπιρν
508 3534 564 3609 τὴν
588 3533 767 3617 ἐπιγραφὴν
790 3515 921 3618 ΔελφοὶΙ
935 3535 1272 3616 Λακεδαιμονίαν

237 3636 365 3720 φασιν
387 3632 466 3704 εἶναι
488 3636 637 3719 ἀνάθημα
660 3641 712 3706 οὐκ
736 3641 823 3723 ὀρθῶς
845 3639 1002 3721 λέγοντες.

197 3741 321 3809 Lacuna
358 3751 432 3810 nata
467 3752 518 3810 est
558 3753 593 3811 ut
631 3745 768 3813 assolet:
808 3744 1021 3815 describentis
1055 3747 1139 3814 oculi
1176 3769 1193 3816 a
1230 3750 1336 3838 priore

148 3858 527 3918 ΛΑΚΕΔΑΙΜΟΝΙΩΝ
549 3850 589 3917 ad
609 3854 768 3939 posterius
779 3851 988 3930 aberrarunt,
1006 3862 1038 3921 et
1059 3854 1112 3921 ubi
1125 3855 1223 3924 semel
1241 3857 1336 3925 uerba

150 3955 255 4024 media
282 3957 466 4043 perierunt,
491 3957 671 4045 quoderat
696 3959 856 4046 reliquum
886 3952 1121 4043 ἐπιγέγραπται
1140 3965 1338 4044 decedente·

148 4063 216 4130 νΙνν
241 4072 370 4130 ΦΛΕΙΝ
393 4060 471 4131 εἶναι
493 4065 658 4146 ἀνάθημα,
681 4075 845 4133 corrector
869 4064 907 4134 dc
933 4067 987 4134 illu
1011 4087 1127 4154 genere
1144 4069 1229 4158 quod
1255 4073 1339 4139 nosti

150 4170 401 4251 Λακεδαιμονίων
425 4173 613 4256 φαμένων
637 4173 736 4240 llusis
757 4174 849 4240 iratis
870 4176 1006 4242 correuit
1029 4175 1166 4244 scilicet.
1206 4176 1341 4244 trahitur

150 4275 250 4358 mihi,
283 4276 397 4357 credo,
434 4279 668 4363 ἐπιγέγραπται
698 4289 1076 4349 ΛΑΚΕΔΛΙΜΟΝΙΩΝ
1107 4302 1219 4350 uerum
1254 4305 1340 4352 csse:

150 4382 211 4450 hoo
243 4384 371 4472 ipsum,
409 4393 445 4452 ut
480 4386 583 4475 palam
619 4394 685 4466 est,
721 4388 754 4453 in
789 4395 896 4456 uetere
932 4388 1064 4455 donario
1094 4399 1165 4456 erat
1202 4392 1341 4477 inscrip-

151 4499 221 4559 tum
254 4501 645 4562 ΛΑΚΕΔΑΙΜΟΝΙΩΝ.
694 4494 813 4563 lleinde
845 4493 904 4562 lroc
939 4514 1066 4583 quoque
1097 4494 1177 4562 milri
1208 4495 1341 4562 tortasse
