3204 4978
3 383 5 528 1
733 369 804 454 atta

171 589 288 658 νομαι,
325 575 420 644 cuius
452 576 583 642 uuicurn
615 574 798 664 exemplum
831 586 881 644 est
919 574 1005 663 apud
1041 575 1209 643 diurnum
1248 576 1362 642 drarr.

79 709 88 724 r
173 683 228 753 tv.
254 704 289 774 p.
318 687 392 750 136.
417 701 444 749 a.

615 791 650 856 τδ
671 789 703 856 δέ
727 793 760 869 γ’
784 789 940 870 ἀμβροσίη
964 814 1016 870 μοι
1040 789 1138 867 ἔδοξεν

379 891 444 974 εἶν’,
469 893 504 971 ἣν
527 894 665 964 δαίονται
690 894 830 978 μοίκαρες
854 896 911 962 irai
937 897 1001 962 αίὲν
1025 896 1145 973 ἐόντες,

175 1009 209 1068 at
236 1009 273 1068 tu
305 1001 432 1088 corrige
463 1001 632 1068 δαίνυνται.
688 1002 768 1069 lliud
808 1005 893 1068 euim
928 1001 1089 1088 siguificat
1121 1001 1365 1084 διαμερίζονται,

171 1109 363 1196 partiuntur.
398 1108 552 1195 Corrupta
577 1109 722 1188 Hrsrcau
745 1108 850 1195 glossa
874 1117 923 1176 est
940 1110 1238 1179 καταδέδαταιι
1264 1131 1366 1174 κατα-

174 1214 354 1296 βέβρωται,
380 1215 647 1295 ααταμιμίριςαι.
683 1213 857 1281 Confundit
881 1217 967 1282 eniur
988 1215 1192 1290 recrudescat
1213 1223 1245 1281 et
1268 1237 1367 1280 κατα-

175 1320 314 1389 δίδαςοιι.
362 1321 599 1402 Κατεδηδεσμαι
624 1330 655 1388 et
687 1321 875 1398 scandicina
906 1321 1100 1409 respondeat
1126 1320 1211 1408 apud
1245 1330 1367 1386 veteres

176 1425 289 1494 iuratis
309 1428 424 1492 activis
442 1427 638 1504 accredideram
657 1436 689 1494 et
709 1427 908 1510 acciperet:
930 1429 1096 1515 sequiores
1116 1427 1367 1508 καταβέβρομαι

175 1541 209 1600 ct
232 1533 437 1616 ,κατεβρώίην
470 1532 621 1600 dicebant
656 1543 687 1602 et
720 1534 973 1617 καταβίβροκα,
1003 1542 1035 1602 et
1067 1534 1186 1600 iortrras
1217 1533 1368 1619 antiquas

175 1637 439 1726 corrumpebant.
487 1641 674 1721 Θριπηδιςορ
698 1640 794 1706 iideur
820 1641 933 1708 stuiide
959 1643 991 1707 iu
1015 1639 1232 1722 ίριπηδέςατορ
1256 1638 1368 1724 depre-

175 1763 252 1813 vare
273 1745 390 1822 scient,
411 1746 488 1832 quie
511 1745 594 1812 uude
614 1746 787 1811 formatum
810 1757 892 1813 esset
914 1733 1109 1814 aescieiruut.
1157 1743 1368 1810 Reddidimus

176 1851 309 1918 Luctttto
332 1850 550 1927 κατεδεσθῆναι
570 1890 613 1901 -
634 1853 836 1937 καταφαγών
860 1873 918 1941 pro
945 1855 1178 1929 καταδασθῆναι
1201 1889 1244 1900 -
1266 1873 1367 1916 κατα·

175 1960 291 2042 φαγών
315 1974 389 2046 pag.
413 1961 469 2025 80.

221 2062 324 2144 Quem
355 2081 498 2130 errarem
533 2065 716 2134 notavimus
747 2085 775 2154 p.
804 2071 867 2134 155
898 2066 931 2132 in
955 2066 1008 2133 καί
1031 2061 1191 2148 διιίγχητε
1224 2083 1283 2152 pru
1315 2064 1367 2129 καί

176 2167 308 2252 ἄγχητε
345 2189 478 2258 prorsus
519 2169 602 2237 idem
635 2171 889 2259 deprehenditur
931 2170 1077 2266 iupiibro
1113 2171 1278 2238 Srsrrosrs
1314 2171 1367 2238 tx.

180 2295 211 2364 p.
237 2283 302 2344 415
329 2276 361 2342 in
387 2276 493 2344 verbis
522 2279 692 2358 βασιλικὴν
722 2280 754 2346 δὲ
786 2281 876 2346 πενία
906 2279 1041 2358 λέγομεν
1072 2273 1147 2343 ὅταν
1178 2278 1368 2359 εὐεργεσίαις

178 2381 291 2467 φίρασι
325 2384 391 2450 καί
423 2383 617 2463 διοίγινσιν
646 2387 698 2469 ἐφ’
730 2378 751 2452 dc
778 2387 958 2466 βούλονται.
1006 2383 1200 2450 Rectissime
1229 2384 1367 2452 tutari.
1489 2436 1499 2452 ,

177 2487 260 2554 rtdu
284 2507 425 2576 ροοοιιιιι
459 2490 545 2557 hunc
576 2511 646 2558 esse
678 2491 824 2558 Sruuaour
855 2501 1002 2558 assutum
1028 2511 1066 2557 ex
1091 2491 1199 2556 nescio
1221 2511 1284 2578 quo
1315 2511 1367 2556 su·

179 2592 307 2684 pirista,
332 2604 365 2662 at
388 2598 468 2673 iste,
493 2597 642 2684 quisquis
665 2607 733 2676 est,
758 2596 888 2665 dederat
908 2597 1021 2681 φέρωσι
1046 2597 1108 2663 καί
1133 2596 1307 2674 ἄγωσιν,
1334 2605 1369 2662 ut

178 2702 274 2790 pauio
297 2710 371 2768 ente
394 2701 525 2784 ἄγοντες
549 2704 602 2786 ἐφ’
631 2696 652 2769 οδ
674 2703 857 2782 βούλονται,
881 2712 914 2771 et
938 2705 970 2769 in
997 2703 1164 2769 notissimo
1187 2702 1290 2785 φέρειν
1314 2703 1366 2770 καί

176 2805 269 2886 ἄγειν
292 2805 409 2893 frigide
430 2819 465 2876 et
489 2811 657 2896 pueriliter
681 2809 769 2878 lusit.

222 2913 269 2980 td
294 2929 368 3001 pag.
395 2919 471 2982 157.
520 2915 658 2983 Foedius
690 2918 787 2983 etiam
821 2937 917 3005 quam
954 2918 984 2983 iu
1016 2917 1162 2998 πριᾶσίαι
1187 2925 1217 2983 et
1243 2917 1368 2999 ἐαριοῖσο

177 3020 222 3110 (et
255 3021 429 3104 αιρνᾶσίαι,
460 3023 620 3100 πτῖισίαι,
650 3024 830 3112 κίχρασθαι)
863 3023 988 3090 scribae
1020 3032 1195 3110 peccarunt
1227 3023 1260 3088 iu
1286 3021 1366 3089 iidtto

178 3127 351 3194 tratrem
381 3149 442 3194 νιοα
458 3149 550 3216 passe
573 3131 710 3196 οιιοοίίον
729 3131 792 3196 οἱοὶ
812 3131 980 3196 semiactum
1005 3127 1181 3216 Epicurum
1194 3149 1223 3216 p.
1241 3133 1326 3196 tous
1338 3151 1365 3196 u.
1379 3097 1421 3173 s

176 3234 376 3317 Ἀλέξανδρος
409 3235 566 3314 Φιλόξενον
597 3236 770 3319 γροίψαντα
794 3238 861 3320 περί
890 3237 1007 3303 παίδων
1035 3239 1061 3302 εί
1092 3245 1226 3319 ,τριεῑται
1261 3237 1367 3319 μικρὸν

177 3341 282 3417 ίδέησε
304 3350 360 3418 τῆς
384 3343 549 3424 ἐπιτροπῆς
573 3345 738 3420 currerat.
786 3342 929 3410 Eruenda
955 3346 980 3410 εί
1004 3342 1129 3424 πρίηται
1153 3351 1185 3410 et
1207 3349 1314 3425 μιαροῦ
1334 3351 1368 3409 et

176 3449 346 3526 ατοεῆσαι.
394 3447 462 3514 Nun
494 3449 750 3535 assequebantur
786 3449 1035 3527 homunciones,
1071 3448 1149 3535 quid
1177 3447 1238 3514 sibi
1275 3449 1368 3515 redet

177 3554 405 3620 coniunctivus
427 3554 460 3619 in
484 3555 509 3620 εί
534 3559 670 3636 πρίηται.
720 3553 840 3622 Eodem
866 3555 959 3621 ruodo
983 3557 1015 3620 iu
1036 3573 1072 3620 re
1095 3552 1206 3620 eadem
1229 3555 1367 3639 grassati

164 3667 255 3726 'suut
278 3660 363 3747 apud
397 3661 602 3740 Hrucuoauu,
635 3663 688 3728 cui
720 3661 819 3730 redde
852 3662 890 3729 V.
913 3667 965 3728 43.
998 3661 1102 3742 οίχετο
1125 3659 1313 3742 χρησάμενος
1341 3663 1366 3727 εί

178 3765 270 3848 αίρίη,
286 3769 336 3832 ἐπ’
363 3758 398 3842 ἣν
416 3761 576 3837 ’τίλλεται
606 3763 707 3850 χώρην
732 3789 789 3855 pru
817 3769 1015 3850 statueret
1041 3767 1078 3834 V.
1104 3772 1159 3835 ut.
1184 3767 1370 3849 ἕχρηςηριοί·

178 3869 248 3956 ζετο
271 3874 297 3940 εί
326 3873 456 3952 ἐκβάλοι
486 3874 539 3940 τὸν
568 3873 718 3956 Ἀδρηςον
747 3875 856 3962 accipe
887 3875 1072 3940 aDoauueo
1095 3876 1121 3941 εί
1145 3873 1287 3958 ίκβοίλη,
1312 3875 1368 3961 qtti

176 3985 211 4046 et
236 3977 273 4046 V.
305 3983 376 4046 tat.
402 3999 459 4068 pro
482 3980 665 4061 ίβοολειίετο
683 4015 728 4032 -—
749 3981 812 4048 είτε
844 3983 875 4055 ἐς
907 3981 1014 4063 Σαρδὼ
1042 3979 1115 4060 ἄγοι
1138 3979 1201 4046 είτε
1225 3983 1256 4054 ἐς
1279 3982 1368 4063 Μοίρ-

176 4108 255 4152 κινον
279 4085 398 4173 optime
423 4088 567 4153 restituit
590 4085 665 4169 ἄγη.
714 4085 812 4154 Recte
832 4079 951 4173 iegitur
975 4088 1000 4154 t.
1023 4092 1076 4155 td.
1101 4091 1132 4160 ic
1154 4087 1198 4153 τδ
1218 4089 1370 4169 aarum

176 4192 302 4273 ἔπεμπε
340 4195 367 4260 εί
408 4193 609 4276 ερατειίηται.
661 4193 792 4280 Recepit
828 4193 963 4259 Druucur
999 4192 1143 4260 Duceret.
1174 4192 1368 4261 emendatio·

162 4317 250 4366 trem
285 4299 321 4367 V.
354 4305 407 4368 82.
440 4301 614 4383 ἐπειρώτεον
644 4299 755 4383 αίτερα
783 4303 908 4381 χαλκοῦ
940 4299 1099 4367 ποιέονται
1131 4299 1148 4378 ἢ
1179 4301 1282 4379 λίίου,
1315 4299 1370 4366 uhi

163 4405 253 4472 *titrrt
276 4425 389 4472 omnes
417 4407 569 4475 ποιέονται
596 4417 738 4484 servunt,
764 4418 796 4475 et
822 4406 872 4473 Vi.
899 4411 952 4474 su.
984 4405 1213 4489 ἐπειρησόμενος
1236 4409 1271 4474 τί
1295 4431 1370 4490 χρη·

175 4513 277 4598 stipite
296 4511 324 4580 εί
348 4515 452 4599 redu,
479 4514 534 4581 ubi
559 4513 657 4582 Gudd.
684 4521 815 4582 reiciet
841 4513 939 4604 roreip
961 4511 1134 4594 exhibent,
1157 4523 1191 4581 et
1216 4513 1267 4578 vt.
1297 4517 1369 4578 155.
