3208 4972
750 377 820 444 193

199 562 300 632 inisse
324 564 519 654 appellatum
541 567 627 636 docti
649 568 794 638 bomines
814 567 1022 656 suspicantur
1043 565 1254 654 nvagisquanr
1268 565 1387 634 sciunt.

197 668 267 736 Non
298 689 443 757 premam
476 675 711 763 suspicionem,
742 693 825 763 quae
852 671 933 740 mibi
957 669 1087 759 quidem
1113 673 1193 738 satis
1216 671 1389 759 probabitis

196 779 266 841 visa
289 785 359 855 est,
384 797 447 846 noo
467 782 666 861 Λιβανίτιδος
682 780 737 849 sed
750 779 921 853 Ἀνοιΐτιδος
933 777 1010 844 oiim
1023 777 1181 865 scriptum
1197 777 1314 857 tuisse,
1334 798 1389 844 cu·

198 881 249 946 ios
273 899 392 948 numen
417 893 483 951 tote
505 887 581 953 Asia
602 889 860 954 sacratissimam
882 885 982 951 tuisse
1004 883 1180 950 multorum
1194 884 1390 950 testimoniis

198 996 336 1053 constat.
384 987 557 1058 colebatur
584 1012 603 1058 a
635 992 753 1074 Medis,
789 992 915 1068 Persis,
949 990 1118 1068 armenis,
1142 987 1260 1078 Lydis,
1287 988 1389 1078 Syris.

197 1091 270 1157 vide
304 1091 481 1191 Srnnaottnv
513 1097 625 1164 nrultis
655 1098 735 1166 locis
762 1099 817 1165 111.
845 1118 876 1185 p.
902 1100 967 1163 512
992 1103 1024 1163 et
1049 1099 1132 1174 552,
1157 1095 1228 1162 1111.
1253 1117 1286 1182 p.
1313 1100 1391 1163 559.

198 1197 266 1264 XV.
299 1218 331 1285 p.
359 1204 436 1270 755.
485 1202 522 1269 in
545 1203 717 1272 Pouranont
740 1204 919 1270 Artaxerxe
950 1220 1022 1287 cap.
1049 1205 1101 1267 bt.
1134 1199 1208 1266 libri
1240 1200 1391 1268 exhibent

197 1305 376 1386 ’Λρπέμιδορ
410 1316 466 1383 τῆς
496 1309 527 1374 ἐν
554 1309 782 1387 Ἐκβατοίνοιρ,
814 1300 867 1406 dv„
883 1311 1014 1375 Ἀνείτιυ
1037 1311 1184 1384 καλοῦσι,
1209 1315 1296 1374 reete
1321 1306 1392 1373 Sm-

197 1430 283 1477 renrs
318 1411 475 1491 Ἀναῗτιν,
506 1415 602 1502 panto
625 1415 746 1482 rectius
768 1417 907 1481 Ἀναίων
940 1411 1072 1480 scribes.
1120 1411 1320 1480 suavissime
1351 1413 1391 1478 de

198 1535 234 1584 ea
269 1517 333 1584 baa
357 1519 471 1586 scribit
495 1520 620 1587 Potnias
644 1519 685 1586 tt.
709 1517 748 1586 N.
773 1519 919 1587 xxxttt.
945 1523 999 1586 ab.
1024 1537 1119 1605 qnenv
1146 1537 1209 1584 non
1233 1517 1391 1606 gravabor

197 1621 399 1702 describere,
422 1626 499 1712 quia
520 1625 679 1693 refutatae
690 1625 930 1713 superstitionis
943 1621 1076 1710 'insigne
1099 1623 1281 1709 exemptum
1295 1643 1391 1690 nvvm·

198 1747 294 1814 qnam
329 1739 379 1797 est
403 1730 527 1798 inutile.
551 1732 657 1800 donea
680 1741 782 1798 statne
808 1732 859 1818 (ex
883 1729 984 1796 solido
1008 1730 1100 1814 anio)
1121 1729 1228 1815 prima
1252 1729 1391 1794 narniam

196 1835 231 1898 s'n
266 1836 380 1922 templo
413 1836 571 1904 Anaitidis
600 1837 703 1924 posito
739 1837 855 1904 dicitnr
888 1836 1017 1903 numine
1054 1836 1199 1922 amittas
1234 1835 1304 1901 iltis
1338 1856 1391 1901 sa·

198 1942 382 2008 cratissima.
441 1941 573 2029 Direpto
618 1953 663 2010 est
705 1941 833 2010 Antonii
876 1942 1036 2009 Parthicis
1081 1943 1175 2008 rebtas
1219 1941 1391 2030 scitumque

197 2055 346 2113 nesrotttr
386 2045 503 2113 dictam
537 2050 631 2114 anives
669 2058 883 2115 veteranorum
917 2049 1093 2124 Bononiae,
1129 2046 1278 2134 hospitali
1315 2047 1390 2113 Dici

198 2153 333 2240 depasti
363 2173 474 2230 eoesaa,
510 2174 608 2240 qnam
641 2155 887 2242 intemoaaretar
912 2165 1031 2221 essetne
1063 2175 1191 2229 rernm,
1223 2173 1311 2230 enm,
1331 2155 1389 2240 xqni

195 2260 322 2345 primns
354 2258 501 2325 violasset
532 2259 588 2326 boe
618 2281 750 2338 samen,
781 2260 880 2326 ocutis
910 2259 1118 2346 membrisque
1140 2268 1265 2345 captam
1288 2259 1390 2346 cespi-

198 2385 296 2430 rasse.
343 2363 512 2452 Respondit
547 2366 629 2432 enim
664 2375 730 2431 tam
766 2365 905 2432 maxime
934 2365 1111 2452 depastam
1141 2365 1180 2430 de
1211 2385 1302 2431 arnse
1323 2366 1391 2430 eins

198 2489 326 2536 coenare
360 2491 453 2556 sepas
483 2469 576 2536 ittam
612 2492 678 2538 esse
709 2481 866 2557 totamque
895 2471 956 2537 sibi
987 2491 1113 2539 censam
1144 2491 1185 2536 eae
1208 2492 1244 2538 ea
1266 2471 1388 2558 rapina.

197 2573 243 2641 Ne
277 2593 348 2642 earn
385 2575 416 2641 in
452 2574 547 2666 Syria
580 2575 701 2643 cottam
733 2596 805 2644 esse
837 2578 962 2643 nescias
992 2576 1159 2643 Pausanias
1190 2575 1387 2665 providebit,

196 2699 293 2767 quem
326 2678 398 2748 vide
422 2681 478 2748 111.
509 2685 561 2748 16.
610 2682 672 2748 Per
698 2680 795 2748 buius
818 2682 920 2766 igitar
945 2683 1132 2750 notissimae
1158 2682 1241 2749 Deae
1264 2701 1384 2750 numen

197 2783 361 2852 hominem
385 2785 534 2853 bocvnnos
557 2784 742 2855 obsecrasse
765 2785 904 2854 videtur.

242 2891 278 2956 ln
311 2893 330 2977 ς
359 2895 390 2957 1.
422 2892 549 2979 corrige
575 2893 748 2976 διέπεμψε,
773 2893 965 2972 transmisit,
989 2913 1046 2980 pro
1069 2892 1246 2974 ἐξέπεμψε,
1270 2890 1385 2960 deinde

197 2995 431 3076 ὑποβαλόμενος
466 3006 499 3065 et
529 2999 773 3080 περιβαλόμενος
805 3007 838 3066 et
868 3003 974 3080 xenoni
990 3018 1066 3098 pro
1097 2999 1231 3080 χρύσεοι.
1259 3005 1327 3066 tum
1352 2998 1385 3064 in

199 3102 216 3186 S
244 3108 276 3169 5.
310 3103 395 3170 ndei
420 3121 479 3190 pro
506 3105 609 3170 πείίου
631 3113 663 3172 et
688 3108 706 3192 ς
730 3109 763 3172 6.
791 3104 848 3171 ὑπὸ
872 3104 977 3183 κρύους
1001 3124 1060 3192 pro
1083 3105 1145 3170 siai
1170 3105 1284 3186 κρύους.
1311 3107 1328 3191 S
1354 3111 1385 3171 7.

196 3209 241 3286 μή
264 3206 392 3289 ἐξέταζε
416 3227 473 3294 pro
496 3209 664 3291 ἐξετάζειν.
691 3213 710 3295 §
736 3214 768 3276 8.
791 3211 834 3276 τοὶ
856 3211 914 3289 μὲν
937 3208 986 3278 οὖν
1008 3219 1063 3286 τῆς
1088 3219 1209 3290 γυμνῆς
1232 3211 1386 3290 οίγωυίας,

197 3314 323 3399 corrige
347 3323 512 3394 γυμνικοῖς.
539 3318 556 3402 S
586 3319 637 3382 12.
661 3315 733 3398 πρὸς
757 3314 855 3397 ἔρωτα
876 3351 919 3366 ·-
946 3319 1110 3395 ἐμπεσεῖν,
1136 3317 1205 3401 lege
1226 3318 1268 3389 aia
1288 3314 1386 3397 ἔρωτα

195 3427 228 3484 et
256 3439 329 3485 mos
361 3423 421 3501 οὐχ
452 3424 470 3498 ή
501 3421 583 3504 λιίρα
615 3421 768 3502 θέλγουσιν
792 3417 844 3500 siv,
870 3422 1033 3489 imovero
1057 3427 1074 3501 ή
1098 3423 1263 3501 ίὲλγουοοι.
1289 3425 1307 3507 §
1335 3427 1391 3488 15.·

195 3526 249 3600 τήν
283 3529 471 3604 Ἐπικτήτου
506 3528 621 3612 σοφίαι
655 3527 725 3610 ὄναρ
760 3528 979 3604 ε’πιςήεετίαι,
1016 3527 1095 3594 bene
1127 3527 1249 3594 dicitur
1279 3529 1385 3614 ipsum

195 3629 263 3712 ὄναρ
288 3632 448 3709 terserat,
474 3652 535 3720 non
561 3635 637 3700 itenv
664 3635 691 3699 si
716 3632 891 3720 quidboni
924 3633 1020 3699 alicui
1045 3631 1174 3700 obvenit
1196 3630 1385 3700 dormienti.

195 3736 342 3822 begerim
378 3739 611 3816 ἐπιπτήσεσθαι.
643 3741 660 3825 §
696 3743 748 3804 tt.
781 3740 817 3805 τί
847 3740 1004 3819 κειμήλιον
1033 3743 1124 3805 τοῦτο
1154 3738 1321 3814 δείκνυσιν,
1346 3741 1385 3812 ὡς

194 3850 223 3907 T
226 3847 359 3922 εγεοῖποιι
392 3850 446 3912 τοῦ
481 3844 674 3912 Καλυδωνίου
696 3847 732 3911 τὸ
756 3844 866 3925 δέρμα.
916 3842 1137 3931 Supplendnm
1162 3848 1215 3910 τοῦ
1240 3845 1387 3912 Καλυδω-

194 3947 255 4013 νίου
279 3948 343 4024 aaa
367 3950 401 4017 τί
423 3950 532 4034 δέρμα.
580 3949 647 4017 Non
672 3948 768 4017 aiiter
789 3950 876 4017 eninr
900 3949 1049 4016 dicebant
1074 3970 1169 4037 quarn
1196 3952 1261 4016 ὂέν
1280 3961 1386 4017 Κολυ-

194 4053 259 4120 διῖννι
285 4051 340 4134 ὗς,
364 4054 415 4123 vel
439 4058 453 4122 ί
477 4057 667 4130 Καλυδώνιος
692 4053 736 4128 ὗς.
784 4055 828 4122 De
852 4055 964 4123 moitis
988 4056 1126 4123 testibus
1151 4055 1292 4143 produco
1312 4077 1386 4125 ooo·

193 4157 296 4226 latum
333 4181 457 4238 unnnt,
491 4163 686 4238 Paosnmav,
719 4162 776 4248 qui
800 4179 834 4226 se
860 4160 982 4246 Tegeae
1006 4161 1124 4228 vidisse
1148 4163 1261 4230 scribit
1286 4163 1386 4252 (Viti.

195 4270 255 4343 tt,
281 4265 327 4355 2).
350 4267 386 4333 ri
410 4267 508 4350 δέρμα
532 4269 581 4343 tte
605 4272 658 4333 τοῦ
682 4267 886 4334 Καλυδωνίου.
911 4267 1072 4347 διεσήπετο
1096 4267 1128 4333 δὲ
1154 4269 1210 4336 ὑπὸ
1234 4274 1289 4336 τοῦ
1313 4269 1389 4350 χρί-

192 4393 264 4450 νου,
290 4371 416 4460 inquit,
447 4375 500 4440 καὶ
524 4375 555 4450 ἐς
579 4371 667 4440 ἅπαν
691 4367 724 4449 ἦν
745 4379 858 4456 τριχῶν
882 4373 936 4452 ήδη
960 4373 1063 4454 ψιλόν.
1092 4373 1186 4442 faede
1210 4373 1386 4442 oredimus.

193 4475 337 4546 Facilius
366 4479 464 4548 etiam
491 4477 525 4555 ὅς
548 4480 693 4548 revocari
715 4488 852 4567 possunt
873 4479 958 4567 apud
984 4479 1179 4546 Ponrnvnvon
1202 4480 1241 4547 ds
1263 4479 1385 4546 Abstin.

1164 4585 1194 4632 ra
