3226 4976
752 353 821 426 115

189 553 312 620 dictum
349 559 397 618 cst
429 572 467 619 ac
502 555 529 621 si
559 553 633 641 quis
660 550 754 619 vellet
786 549 894 618 dicere
926 550 1019 634 φίλος
1046 547 1079 627 ἦν
1102 549 1304 633 Ἀλέξανδρος
1327 548 1381 616 καί

189 658 361 742 Ἡφαιτίων
385 667 441 724 aut
462 659 591 726 similia.
618 657 785 726 Scribendi
806 657 1031 743 compendium
1056 656 1143 723 hunc
1163 677 1304 724 errorem
1328 675 1379 741 pe·

189 771 273 857 perit
299 768 382 835 unde
407 770 505 836 simul
530 772 696 839 Graecitas
718 773 940 856 corrumpitur
962 779 994 838 et
1019 771 1179 838 sementia
1202 769 1272 836 loci.
1298 758 1381 854 Arc'y‘

189 896 246 962 pro
270 895 304 941 re
329 885 403 942 nate
428 886 483 942 aut
509 883 616 943 rectus
640 897 735 943 casus
758 885 807 942 est
828 885 884 942 aut
907 877 1065 964 obliquus.
1103 875 1213 942 Scribe
1232 875 1284 942 καί
1306 883 1380 941 Διο-

188 982 289 1060 ylen:
321 990 353 1047 et
385 983 505 1067 optime
538 982 689 1069 procedet
727 981 838 1048 oratio.
888 982 1044 1050 Similiter
1078 983 1139 1059 16,
1169 986 1221 1047 at.
1248 983 1266 1056 η
1291 980 1378 1057 κλίνη

189 1087 241 1153 καί
265 1087 278 1152 ό
302 1087 416 1168 λύχνος
438 1086 570 1169 παρίτω.
594 1085 627 1153 εὖ
646 1113 687 1167 γε
707 1088 852 1162 ἐποίησαν
874 1089 1117 1163 ὑπακούσαντες.
1136 1086 1244 1154 addita
1265 1086 1381 1154 lineola

188 1194 222 1258 in
250 1191 367 1258 unciali
393 1193 555 1280 scriptura
579 1194 717 1277 παρέσει
737 1193 949 1278 significabat.
984 1194 1043 1260 Est
1063 1194 1171 1281 aliqua
1192 1203 1299 1260 tumen
1321 1191 1383 1258 du·

190 1299 304 1364 litatio
339 1305 449 1364 utrum
484 1299 623 1378 Διογένει
656 1319 696 1366 au
722 1299 884 1378 Διογένους
908 1301 949 1365 sit
974 1302 1100 1378 verius,
1125 1300 1201 1386 quia
1225 1299 1381 1364 Luctantur

189 1405 266 1472 alibi
299 1405 445 1484 ὁμότιμον
476 1413 534 1471 τῶν
561 1405 665 1471 οἰλλιον
697 1405 817 1472 dixisse
841 1415 872 1472 et
897 1405 972 1471 alibi
997 1405 1142 1486 όμότιμον
1164 1407 1279 1471 σαυτοῦ
1303 1423 1381 1470 cou-

190 1521 241 1578 tra
266 1509 532 1577 consuetudinem
559 1520 703 1578 veterum
729 1514 808 1578 satis
832 1521 980 1578 constare
1003 1511 1142 1577 ridetur.

241 1616 334 1683 aliut
358 1617 460 1683 estin
482 1617 613 1683 luciano
635 1617 739 1683 mendi
761 1638 863 1704 genus
880 1624 937 1696 34,
967 1625 1016 1684 17.
1046 1618 1124 1700 ζητῶ
1145 1610 1249 1683 όπόίεν
1267 1617 1382 1682 τοσαῦ-

191 1749 235 1790 τα
266 1724 352 1789 κακόν
387 1723 535 1801 συνελέξω
568 1724 619 1791 καί
651 1721 724 1790 ότου
756 1726 970 1800 κατακλείσας
1003 1723 1088 1806 εἶχες
1115 1727 1257 1789 τοσοῦτον
1289 1721 1381 1800 ἑσμόν

191 1828 317 1897 οἰτόποιν
341 1828 393 1894 καί
419 1828 590 1913 διαςρόφαν
613 1828 777 1908 όνομοίταν.
802 1830 1030 1898 diciturenim
1054 1829 1177 1902 αἰνέσας
1202 1827 1286 1907 ἔχω,
1307 1828 1382 1892 όαν-

192 1935 302 2016 μόσας
338 1933 402 2018 ἔχω
438 1935 574 2023 (ductio.
607 1940 666 2013 54,
693 1935 749 2023 61)
780 1936 899 2002 similia
934 1936 1055 2014 multa,
1086 1934 1126 2002 de
1159 1935 1277 2021 quibus
1308 1932 1382 1999 vide

193 2043 356 2128 egregiam
395 2040 616 2106 Vatcrsrtuunu
652 2043 891 2109 annotationem
928 2041 968 2108 ad
1002 2041 1190 2107 Phoenissae
1225 2059 1272 2105 vs,
1298 2041 1382 2115 tte,

193 2158 227 2216 at
253 2169 315 2214 raon
340 2148 461 2215 dicitur
484 2147 609 2220 αἰνέσας
633 2143 717 2228 εἰχον
740 2147 786 2214 vel
808 2145 876 2228 ἕξω.
905 2148 1041 2215 Dederat
1064 2156 1177 2213 auctor
1198 2146 1381 2212 errrnnnts

193 2255 409 2327 κατακλείσας
437 2253 533 2338 ἔχεις.
567 2251 630 2316 noli
664 2261 771 2319 autem
806 2255 838 2318 in
863 2273 1005 2320 errorem
1031 2253 1141 2320 induci
1166 2252 1243 2319 locis
1271 2252 1382 2319 huius·

195 2361 298 2437 modi,
322 2359 427 2447 qualis
449 2369 497 2426 est
522 2357 605 2444 a'pud
631 2358 854 2426 Xnnoruonran
880 2362 912 2426 in
934 2361 1077 2428 Acodooi
1097 2360 1148 2426 tv.
1170 2379 1230 2436 vn,
1253 2364 1281 2424 1.
1300 2355 1385 2439 εἰχον

194 2467 468 2546 οἰνακεκσμισμίνσι
501 2464 549 2532 vel
583 2465 735 2531 liencourt
766 2469 792 2534 l.
827 2471 881 2534 28.
908 2461 978 2548 εἶχε
1002 2463 1302 2548 καταςρεψοίμενος,
1327 2465 1384 2550 qul

195 2593 258 2639 non
284 2574 386 2658 magis
408 2572 471 2638 huc
497 2570 618 2637 iaciunt
643 2591 739 2658 quant
762 2572 884 2637 Luciam
910 2578 968 2650 14,
998 2577 1047 2639 16.
1073 2573 1136 2654 ἔχιν
1160 2571 1304 2638 τοσούτου
1326 2587 1383 2637 λα·

194 2680 260 2758 βιόν
286 2678 335 2744 vel
370 2681 387 2762 §
425 2683 478 2743 11.
511 2676 568 2760 ἔχε
591 2678 719 2758 λαβών,
745 2679 777 2742 in
803 2677 921 2763 quibus
946 2679 1093 2745 »οεσόιινιι
1118 2677 1181 2758 ἔχον
1206 2678 1270 2743 uim
1294 2699 1383 2744 ειιιιιιι

195 2784 333 2849 caticum
357 2783 503 2849 ιονιισνε”
528 2785 708 2850 rectissime
733 2782 854 2849 iudicat
879 2785 1136 2850 Vaccaunattntus.

243 2887 378 2975 Saepius
407 2889 440 2953 in
472 2889 606 2954 Lucrino
640 2890 778 2955 recurrit
803 2891 902 2955 otiosa
927 2899 958 2954 et
984 2889 1108 2954 inutilis
1135 2887 1327 2975 praepositio
1350 2887 1384 2952 iu

196 2994 294 3069 lociS,
318 2994 422 3080 qualis
448 3002 498 3060 est
522 2998 579 3070 ut,
608 3001 658 3060 ll.
682 2997 709 3062 εἰ
732 2996 764 3062 δὲ
789 2995 841 3061 καί
862 2992 1035 3079 Φόέηξαιτσ
1059 2994 1147 3074 μόνον
1167 2993 1333 3074 οἰχήσεταί
1351 3017 1386 3059 σε

196 3100 261 3166 οἰπό
289 3107 347 3166 τῶν
369 3099 450 3166 νότιον
473 3099 705 3180 ἀναδησάμενος
728 3112 759 3167 et
785 3108 848 3176 53,
876 3107 908 3167 3.
934 3099 1088 3180 πόμπολό
1112 3125 1143 3166 τι
1167 3100 1281 3175 πλῆόος
1304 3097 1387 3167 ἕλκει

195 3208 231 3272 ἐκ
263 3213 320 3272 τῶν
351 3205 432 3270 όταν
457 3205 649 3286 δεδεμένους,
676 3209 942 3293 praepositionem
968 3227 985 3272 a
1011 3205 1093 3272 mala
1119 3225 1217 3271 rnanu
1242 3225 1311 3272 esse
1336 3207 1387 3271 in-

197 3311 318 3377 dicium
351 3309 429 3376 lacit
459 3311 549 3377 lucus
581 3314 707 3379 vicinus
739 3317 778 3388 9,
806 3320 836 3378 tt.
860 3311 918 3383 όίςε
942 3314 966 3378 εἰ
992 3319 1049 3378 τῶν
1072 3313 1152 3380 ιίτων
1176 3312 1385 3391 ἐκδεδεμένους

194 3417 265 3492 τοὺς
297 3419 466 3498 ἀνθρώπους
501 3415 599 3495 ἕλκει,
634 3419 687 3485 ubi
720 3419 893 3498 δεδεμένους
924 3420 1101 3505 genuinum
1135 3427 1203 3496 est,
1236 3420 1270 3484 ἐκ
1305 3418 1388 3486 male

196 3523 294 3591 verbu
323 3522 464 3589 adhaesit
500 3523 700 3611 adscriptum
726 3526 758 3590 in
785 3525 952 3610 margine,
980 3534 1015 3590 ut
1038 3525 1148 3610 pueris
1170 3525 1303 3610 genitivi
1327 3533 1386 3593 τῶν

195 3631 277 3696 ιίπιον
300 3630 382 3695 ratio
410 3627 638 3716 explicaretur.
687 3630 775 3696 ldem
800 3631 916 3697 vitium
941 3630 1015 3696 tolle
1041 3636 1098 3708 49,
1128 3639 1154 3696 t.
1177 3628 1329 3713 εἰρόμενος
1353 3636 1387 3702 ἐκ

196 3745 259 3804 τοῖν
290 3743 427 3812 σκελοῖν,
462 3735 515 3800 ubi
547 3736 581 3800 ἐκ
613 3736 759 3822 spurium
794 3745 854 3803 est.
903 3737 939 3802 ln
965 3737 1184 3802 dntsrornuuts
1210 3735 1388 3824 Lysistrcla

199 3863 245 3908 ιε.
274 3846 356 3908 1221
384 3861 402 3908 a
428 3841 562 3907 Βιλειιιο
586 3850 749 3926 receptum
776 3842 933 3928 oportuit:
1015 3891 1020 3897 -

399 3943 432 4014 οὖ
455 3949 482 4014 δ’
506 3945 545 4014 όν
568 3946 667 4013 διδῶσι
691 3947 831 4029 πρόσαγε
855 3945 1003 4014 τρόπον
1025 3947 1187 4028 λαβομένη

199 4075 256 4143 pro
278 4055 403 4126 τούτους
427 4052 511 4140 quod
538 4051 632 4118 multi
658 4062 888 4130 correxerunt,
912 4055 1037 4140 primus
1060 4056 1205 4121 omnium
1232 4056 1389 4127 Donamus

198 4161 328 4227 Aduers.
353 4161 392 4227 ll.
418 4181 450 4246 p.
477 4163 554 4228 249.

246 4267 472 4332 darsroruanrs
502 4284 578 4331 cum
603 4265 733 4332 Lucrino
755 4266 953 4352 compositus
977 4275 1099 4332 certam
1124 4267 1318 4336 medicinam
1345 4269 1390 4336 al·

199 4371 281 4439 leret
304 4372 374 4438 loco
398 4373 515 4439 misere
538 4381 691 4459 corrupto
716 4375 778 4452 59,
804 4376 835 4436 5.
861 4374 893 4438 σιί
916 4373 1079 4454 χαλεπόν,
1105 4376 1131 4440 εἰ
1155 4373 1191 4440 τό
1215 4375 1277 4441 ent
1300 4378 1388 4443 τοῦδε

200 4477 390 4562 παραδόντες
421 4478 481 4554 τοίς
513 4478 669 4553 εἰκόνας
683 4479 735 4574 τῷ
759 4474 844 4560 λόγῳ
867 4478 1091 4564 ἐπιτρέψαιμεν
1114 4481 1197 4564 αὐτῷ
1222 4483 1288 4547 κτὲ.
1310 4481 1391 4552 nihil
