3178 4972
705 360 752 432 87

360 554 414 622 ἕόιν
439 555 470 622 δὲ
493 554 538 633 tui
562 577 607 621 τοι
632 554 860 640 καταγορεύση,

135 671 269 751 apoete
294 660 393 727 scribi
418 680 479 726 oon
505 659 628 747 potuit,
653 679 726 726 cam
752 662 886 747 κατείπρ
909 661 1092 748 oportebat,
1116 665 1248 753 scripsit
1268 688 1322 731 κα·

134 769 295 853 ταγορεύη.
344 765 411 834 Νοιι
437 775 486 833 est
510 763 652 832 difficilis
676 768 763 854 optio
788 776 897 834 utrum
924 767 956 833 in
988 767 1092 856 Vespir
1114 790 1162 838 vs.
1189 773 1272 838 952:

360 869 436 947 όσας
460 871 657 954 κατηγόρησε
674 873 733 948 τὰς
760 873 964 955 πανουργίας,

134 1002 172 1048 an
197 977 411 1062 κατηγόρευσε
435 978 478 1044 sit
502 977 723 1065 probandum,
750 999 822 1045 nam
842 978 900 1046 hoc
922 979 1034 1047 Atticis
1052 989 1101 1048 est
1125 980 1323 1060 inauditum3

136 1097 300 1174 practerea
333 1091 514 1167 κατηγορεῖν
545 1093 577 1150 ct
609 1085 830 1166 καταγορεύειν
860 1097 925 1153 tam
958 1095 1048 1154 certo
1079 1087 1267 1154 discrimine
1295 1095 1327 1151 ct

136 1205 198 1260 tom
225 1192 418 1279 perspicuo,
446 1198 480 1256 ut
502 1193 635 1276 opinor,
668 1189 807 1258 diremte
831 1200 926 1270 sunt,
952 1202 987 1259 ut
1011 1194 1156 1259 cuiusvis
1184 1194 1246 1272 sit,
1271 1192 1326 1278 qui

136 1295 229 1362 modo
261 1293 444 1361 scribarum
477 1312 605 1360 errores
635 1295 748 1362 αιιόιαί
771 1297 953 1382 corrigere,
989 1297 1108 1386 ubique
1131 1301 1328 1366 constituere

135 1403 200 1468 utri
226 1400 325 1468 verbo
357 1397 446 1466 iocus
478 1400 532 1466 sit.
583 1397 667 1486 Quid
700 1400 834 1488 impedit
859 1401 925 1469 troo
954 1402 1106 1486 πόρεργον
1129 1425 1168 1470 ex
1189 1403 1249 1470 hac
1272 1403 1328 1468 ott·

135 1508 318 1576 servatione
344 1505 461 1574 Lrsmu
487 1504 605 1593 tripiici
636 1503 754 1572 mendo
779 1506 926 1574 liberare.
975 1507 1108 1596 Legitur
1131 1508 1219 1578 Orat.
1243 1509 1328 1577 xut.

140 1619 168 1701 ς.
194 1620 249 1680 51.
276 1615 330 1679 οὐκ
351 1611 445 1679 ἐδόκει
471 1615 577 1684 αὐτοῖς
600 1609 733 1679 ἅπαντα
756 1613 876 1690 τύληόῆ
899 1638 946 1682 πω
966 1615 1220 1699 κατηγορηκέναι.
1252 1617 1329 1682 Auo·

141 1739 256 1798 raros,
283 1716 323 1784 de
347 1737 411 1804 quo
435 1716 512 1784 haec
537 1716 710 1796 dicuntur,
736 1737 797 1784 oon
822 1728 892 1786 crat
911 1723 1082 1805 κατήγορος
1101 1723 1156 1790 sed
1176 1722 1331 1802 μηνντιίς,

142 1829 251 1913 itaque
275 1823 485 1906 κατειρηκὲναι
509 1827 650 1911 requiro.
675 1821 721 1890 Gi.
746 1825 776 1908 S.
799 1829 862 1904 50,
889 1824 942 1892 ubi
967 1828 1061 1894 rerba
1086 1829 1153 1910 περί
1177 1825 1216 1895 cir
1237 1825 1331 1907 Ἀγό-

141 1956 230 2016 ρατος
254 1933 435 2014 κατείρηκεν
466 1949 504 1998 ex
528 1931 607 2018 ipsis
637 1930 827 2014 ψηφίσμασι
851 1941 959 1999 sumta
982 1943 1077 2012 suut,
1100 1944 1133 2002 ct
1157 1934 1196 2000 ab
1219 1933 1332 2001 Lrstir

144 2039 251 2106 verbis
284 2035 523 2124 distinguentia.
559 2035 596 2102 iu
628 2035 772 2104 eiusdem
804 2038 948 2106 oratione
977 2039 1045 2108 vlt.
1072 2043 1104 2128 §.
1130 2046 1186 2108 oo.
1211 2040 1278 2120 ἐμοὶ
1301 2039 1332 2105 δὲ

143 2148 225 2214 δοκεῖ
254 2140 333 2212 εἶναι
357 2145 384 2210 εί
415 2143 481 2226 περί
512 2142 615 2210 atreo
644 2143 701 2223 μὲν
725 2143 750 2210 oi
772 2143 1009 2227 βασανιζόμενον
1033 2150 1333 2230 κατηγοροῦσιν

145 2250 177 2320 εὖ
199 2250 314 2324 είδότει
338 2247 384 2317 ότι
407 2251 646 2324 όποίανοῦνται,
675 2249 742 2331 περὶ
766 2249 798 2315 δὲ
821 2257 879 2316 τῶν
903 2250 1073 2331 δεσποτῶν,
1104 2247 1146 2327 νίς
1170 2251 1334 2336 πεφύκασι

146 2357 383 2436 κακονούςαποι,
414 2359 539 2436 μᾶλλον
561 2355 600 2422 ἂν
622 2354 736 2422 εἵλοντο
762 2352 930 2437 όνόχεσόαι
952 2357 1192 2440 βασανιζόμενοι
1214 2358 1231 2435 ἢ
1255 2382 1334 2425 κατ·

146 2464 282 2535 ειπόντεε
318 2461 529 2545 όπηλλύχόαι
564 2466 622 2527 τῶν
656 2459 811 2543 παρόντοιν
847 2469 972 2544 κακῶν;
1010 2465 1066 2551 qui
1101 2464 1219 2532 Lrsrrrt
1254 2463 1334 2531 bene

147 2578 266 2639 norunt
289 2581 322 2637 et
345 2571 416 2651 περί
434 2592 513 2643 τινος
546 2576 729 2650 κατηγορεῖν
754 2587 816 2634 uon
840 2578 982 2648 norunt,
1015 2583 1172 2658 reponent
1194 2595 1335 2652 καταγο-

146 2677 279 2760 ρεύιυσιν
302 2684 335 2742 et
359 2673 568 2762 supplebunt:
593 2673 660 2754 ἐμοί
682 2673 712 2740 st
730 2675 813 2741 δοκεῖ
832 2671 983 2741 ἄποτον
1006 2672 1093 2743 εἶναι.
1130 2678 1259 2745 Miseret
1284 2695 1335 2743 me

149 2781 419 2871 praestantissimi
442 2779 608 2859 Oratoris,
632 2781 727 2847 ouius
751 2801 835 2848 ornus
858 2780 939 2847 liber
962 2779 1157 2849 deterrimus
1181 2781 1335 2870 pauculas

147 2891 309 2958 orationes
333 2887 456 2953 laceras
479 2895 512 2952 et
532 2887 621 2952 vitiis
642 2885 830 2973 mendisque
850 2906 944 2953 omne
963 2905 1067 2973 genus
1088 2888 1274 2975 inquinatos
1295 2885 1335 2953 ad

147 3016 205 3064 nos
230 2993 429 3083 propagavit.
466 2991 500 3059 Si
525 2991 735 3058 Turorsrasrr
763 2993 963 3060 Gtorootcreo
981 2994 1165 3079 exceperis,
1189 2992 1335 3060 onrrrium

147 3103 286 3191 pessime
309 3099 418 3166 Lrsrrs
442 3097 604 3165 mulcatus
628 3095 868 3165 circumfertur.
905 3097 989 3180 Quid
1014 3099 1054 3166 iis
1079 3097 1194 3177 iacias,
1221 3100 1276 3186 qui
1301 3100 1334 3165 in

146 3203 293 3274 oratione
317 3204 370 3272 Vi.
396 3207 414 3291 ς
439 3210 469 3272 t.
516 3204 689 3282 Ἀνδοκίδης
714 3201 886 3273 ίνσιόσουσι
912 3204 1055 3273 scribere
1080 3215 1253 3292 potuerunt
1272 3222 1336 3293 pro

148 3315 254 3388 όνσόαο
278 3311 360 3378 όύσιι
383 3319 414 3377 et
439 3309 509 3377 xtl.
531 3312 562 3396 ς.
584 3313 628 3378 86
654 3330 710 3396 pro
732 3317 790 3378 τῶν
812 3309 1010 3392 ξυνερούντιον
1034 3314 1140 3388 αὐτοῖς
1159 3309 1244 3394 ἄξιον
1263 3311 1337 3377 όαν·

148 3419 279 3503 μύζειν,
304 3415 461 3502 dederunt
486 3415 725 3498 ξυνεργούντων,
749 3415 832 3502 quod
857 3416 1039 3484 ernendavit
1063 3417 1221 3484 Rusmus.
1268 3415 1337 3499 Quo

150 3527 253 3612 magis
285 3522 405 3590 inclino
438 3522 564 3589 ineam
589 3523 804 3602 sententiam,
839 3522 871 3588 in
893 3525 1037 3592 oratione
1070 3523 1270 3590 nobilissima
1291 3523 1338 3589 m

150 3632 240 3699 coede
265 3628 483 3697 Eratosthenis
507 3632 525 3714 §
552 3632 595 3694 ΞΟ
619 3627 783 3711 κατηγόρει
816 3635 930 3710 πρῶτον
955 3633 1012 3709 μὲν
1037 3633 1075 3704 etr
1099 3630 1186 3710 ροετόι
1208 3630 1264 3704 την
1287 3631 1338 3694 ἐκ·

150 3739 246 3821 φορὸν
269 3739 351 3820 αὐτῇ
375 3735 489 3816 προσίοι
511 3736 599 3812 κτὲ.,
625 3734 781 3802 titubasse
805 3733 844 3800 ue
869 3755 958 3802 more
983 3735 1130 3801 tibrarios
1149 3742 1182 3801 ct
1202 3733 1340 3813 καπηγό·

151 3867 215 3926 ρενε
236 3843 415 3929 genuinum
449 3861 534 3918 csse,
567 3847 604 3906 ut
629 3847 656 3926 t.
683 3845 723 3906 δύ
748 3842 954 3921 ὡμολόγει
977 3846 1084 3907 ταῦτα
1113 3841 1256 3919 παίσειν.
1305 3838 1339 3905 Si

151 3953 222 4038 quis
246 3949 334 4016 hunc
358 3946 463 4014 iocum
490 3947 600 4013 irsrrr
625 3945 720 4013 habet
744 3945 784 4011 oh
808 3945 930 4024 oeulos,
957 3947 1062 4014 rideat
1084 3966 1126 4012 au
1147 3945 1226 4012 mihi
1246 3965 1340 4032 cxpe-

152 4055 219 4124 tiire
250 4056 353 4144 possit
385 4051 461 4139 quit
494 4052 537 4118 sit
561 4051 613 4118 καί
638 4054 697 4121 σόοι
730 4051 860 4127 είσόδουι
884 4049 925 4128 οἷς
953 4052 1073 4136 τρόποις
1106 4053 1230 4134 προσίοι.
1278 4049 1340 4132 Qui

153 4181 212 4228 uon
236 4161 356 4250 poterit
379 4167 413 4225 et
435 4157 587 4241 προσιέναι
612 4159 722 4226 είσοδον
742 4178 838 4245 quem
864 4159 904 4224 sit
931 4157 1107 4226 absurdum
1133 4158 1267 4235 sentiet,
1291 4177 1340 4223 ve·

153 4265 207 4334 tim
227 4269 348 4354 cogitet
368 4264 446 4350 quid
468 4263 554 4331 atiud
579 4283 675 4352 quam
701 4272 814 4332 ποιοῖτο
839 4285 897 4352 pro
915 4267 1030 4348 προσίοι
1050 4264 1112 4350 legi
1135 4264 1245 4352 possit.
1280 4261 1342 4330 seu

154 4371 192 4440 ad
213 4374 330 4442 trem
362 4369 535 4457 aliquando
567 4379 731 4449 revertar,
767 4391 852 4438 nunc
876 4370 917 4438 ati
941 4391 1034 4438 usum
1067 4367 1155 4437 verbi
1185 4370 1342 4453 όγορειίειν

153 4489 200 4548 est
224 4475 467 4549 revertendum.
