3204 4978
127 547 222 616 Ridet
247 545 307 613 boc
338 543 465 612 dicendi
492 546 609 612 vitium
635 544 691 632 qui
717 545 850 633 scripsit
872 497 1051 634 Prendercp
1080 507 1259 629 ἐίσαΊθ,
1285 559 1319 620 9.

127 655 162 721 lu
188 658 247 730 54,
273 657 315 718 55
337 653 381 731 ,uli
401 652 602 727 αίδεσόείς
626 653 873 732 μεταμανθάνων
894 656 1033 740 pessime
1053 675 1111 742 pre
1129 657 1319 741 αίσχυνόείς,

126 770 159 828 et
181 760 311 847 saepius
343 757 421 824 baec
454 758 662 826 conluditut
687 765 747 838 55,
771 765 803 826 2.
830 763 882 844 ἐφ’
907 756 945 826 ῶν
969 758 1008 826 clv
1030 785 1076 836 τις
1102 762 1211 848 ᾐδέσθη
1234 767 1320 848 παρὰ

125 867 220 948 μέλος
243 891 272 932 τι
298 863 525 945 Φόεγξοίμενος.
558 871 617 942 55,
652 870 693 932 10
717 865 932 950 κρησφύγετον
959 866 1129 949 εὑρόμενος,
1156 871 1238 937 nrale
1263 892 1321 958 pru

126 974 224 1054 εὑριίν.
252 976 310 1048 40,
348 975 385 1037 15
416 971 429 1035 ό
460 975 517 1050 μὲν
547 970 695 1052 μίγιςος,
719 972 733 1036 ό
757 973 788 1038 δὲ
813 971 896 1039 ποίου
927 983 965 1056 τῇ
991 975 1095 1060 ἡλικία
1118 977 1320 1060 χαμαίζηλος

126 1087 159 1146 el
182 1097 258 1144 mex
288 1079 313 1143 εί
343 1076 510 1156 μέλλουσιν
541 1079 688 1157 ὁμήλικες
712 1079 896 1163 Φαίνεσόαι,
922 1079 1151 1147 Graeculorum
1177 1091 1228 1150 eal
1252 1087 1322 1163 ἤλι-

126 1186 196 1251 κίαν
240 1182 347 1249 dicere
380 1203 438 1270 pro
474 1193 610 1263 statura,
651 1193 683 1252 et
722 1185 868 1264 όμιίλικες
905 1205 961 1272 pro
996 1178 1135 1254 citercien
1169 1200 1320 1258 staturae.

126 1291 258 1358 Graecis
291 1289 371 1356 nibil
402 1289 490 1356 aliud
514 1299 563 1358 est
587 1311 683 1378 quain
709 1301 794 1358 ectus
820 1300 852 1359 et
880 1293 1037 1380 aequales.
1087 1293 1235 1362 Graeculi
1261 1297 1320 1366 bec

125 1399 337 1484 arripuerunt
367 1417 405 1462 ex
427 1397 523 1474 lucin,
557 1398 662 1484 qualis
685 1407 735 1465 est
760 1399 979 1466 Antsrnnnnurs
1017 1400 1095 1466 lien.
1126 1407 1167 1468 55
1194 1405 1320 1485 σμικρός

126 1505 229 1583 ἡλίκος
250 1504 381 1581 Μόλων,
406 1523 480 1569 nam
504 1502 578 1569 binc
599 1504 706 1581 ἡλικία
724 1502 899 1571 formatum
924 1515 991 1583 cst,
1019 1527 1081 1574 non
1102 1527 1139 1574 cn
1159 1504 1240 1587 ἧλιξ.
1267 1510 1320 1576 ubi

125 1611 234 1687 ἡλικία
259 1609 389 1676 inclevit
406 1612 551 1689 όμιὶλικες
573 1619 720 1676 secutum
744 1620 812 1689 est,
836 1613 933 1678 etiarn
961 1613 1052 1699 peius
1074 1614 1203 1682 vitium.
1231 1619 1248 1701 §
1276 1622 1318 1684 19

124 1717 296 1798 μεγαλυςί
326 1716 474 1784 Graeculi
510 1716 661 1782 dictitant
695 1736 751 1802 pre
782 1718 983 1798 μεγαλείως,
1005 1729 1255 1803 μεγαλοπρεπῶς
1280 1742 1318 1790 ex

125 1824 313 1890 Homerico:
340 1821 422 1890 urire
445 1823 550 1904 μίγας
574 1823 753 1902 μεγαλυεί.
781 1828 863 1908 §28
887 1827 925 1891 σὺ
942 1827 1000 1906 μίν
1023 1827 1179 1902 οίνειίόυνος
1204 1831 1320 1909 αὐτοῦ,

126 1930 211 1998 male
237 1949 294 2016 pro
325 1929 549 2007 ῶνυτεόίυισς,
576 1949 626 1996 σεε
658 1931 744 1998 eninr
770 1939 847 1996 sunt
873 1931 1042 2009 ῶνεόόυνιι,
1065 1940 1099 1999 at
1123 1932 1269 2002 bornines
1293 1937 1320 2002 si

125 2036 223 2102 cuius
265 2035 313 2102 rei
347 2045 499 2102 tenentur
528 2035 653 2110 εὐθύνας
684 2037 786 2102 δοῦναι
815 2045 872 2104 aut
906 2040 950 2117 μίρ
982 2039 1083 2106 δοῦναι
1116 2040 1320 2127 appellantur

124 2143 283 2210 ὑπεύθυνοι
319 2151 351 2209 el
379 2142 583 2209 ῶνυπειίόυνοι.
625 2147 688 2220 41,
733 2148 764 2210 5.
800 2152 893 2224 τιμῆς
929 2143 1006 2222 cille
1037 2148 1125 2229 παρα
1171 2148 1319 2228 πόντων,

125 2256 254 2316 veteres
288 2258 380 2328 τιμῆο
416 2247 493 2326 οίξία
523 2253 635 2328 πᾶσιν,
672 2259 706 2315 ui
742 2249 875 2318 όανιίτου
911 2249 994 2329 όίξιος
1033 2263 1072 2337 τῇ
1109 2254 1210 2322 πόλει.
1257 2261 1274 2340 §
1301 2261 1319 2322 7

123 2356 265 2438 οἴχονται
295 2355 404 2435 μόνους
437 2356 665 2435 οίπολιτόντες,
702 2357 832 2424 Veteres
863 2357 1000 2442 οἴχονται
1036 2360 1318 2440 ἐγκαταλιπόντες.

126 2467 143 2548 §
170 2468 204 2531 9.
239 2467 502 2542 πλεονεκτοῦμεν,
535 2471 659 2530 veteres
683 2463 903 2546 πλεοναζομεν.
942 2468 973 2550 §·
993 2471 1042 2532 ib.
1068 2467 1161 2550 φίλος
1185 2467 1219 2532 ἐκ
1244 2468 1320 2535 παί-

122 2571 179 2637 δοιν
205 2563 262 2649 ἦν,
297 2569 343 2636 illi
373 2571 407 2634 ἐκ
432 2570 557 2645 παιδός,
587 2571 621 2636 ἐκ
645 2568 720 2637 νόου.
740 2607 786 2622 -·
803 2579 980 2638 τελευταῖον
1010 2571 1060 2650 δέ,
1093 2571 1138 2638 illi
1163 2579 1318 2641 τελευτῶν

122 2677 166 2746 δέ.
206 2679 229 2762 §
267 2681 319 2743 17.
348 2676 437 2758 παρὰ
466 2675 517 2742 τόν
547 2677 698 2757 οίρμοςίρν,
729 2671 759 2750 ός
792 2675 902 2759 ἥρμοζε
931 2680 986 2756 rin
1017 2678 1129 2745 Ἀσίαν
1167 2680 1208 2744 ud
1240 2679 1320 2746 Pre-

121 2780 305 2859 cenrulem,
341 2782 396 2870 qui
431 2783 539 2850 Arium
574 2782 748 2859 obtinebat,
783 2783 825 2849 cd
854 2783 948 2850 Asiae
984 2782 1187 2852 Procridem:
1224 2786 1318 2868 σίρμο·

121 2891 179 2967 είς
216 2909 237 2954 a
283 2887 451 2975 Spartanis
485 2898 629 2955 sumtum
668 2908 784 2955 nomen
820 2898 888 2968 est,
926 2909 1064 2978 quorum
1101 2892 1256 2981 praesceti
1287 2893 1321 2958 in

125 2997 290 3062 sociorum
319 2993 453 3061 urbibus
477 2994 526 3062 rel
557 2993 718 3062 aediliciis
742 2995 880 3076 ῶρμοςαί
898 2993 1110 3077 dicebantur,
1143 2998 1220 3086 quia
1241 2999 1320 3085 reip.

123 3100 358 3172 conculcandae
389 3110 422 3168 et
455 3101 551 3169 rebus
582 3101 813 3189 ecrnpnnendis
845 3103 945 3170 creati
977 3111 1010 3169 et
1044 3105 1145 3170 missi⁴
1166 3103 1321 3172 rideban-

126 3218 194 3277 tur.
255 3206 310 3274 Sic
345 3207 474 3295 saepius
517 3207 700 3274 Praecidem
734 3207 871 3274 debetne
905 3208 1082 3296 appellunt,
1118 3219 1151 3278 et
1186 3208 1320 3279 verbum

124 3314 274 3398 ἁρμόζειν
303 3334 339 3381 ea
373 3334 453 3380 nova
482 3314 718 3400 significatione
747 3323 933 3382 mactarunt
964 3318 1018 3402 qui
1048 3319 1218 3384 venustius
1243 3319 1323 3384 scri·

127 3421 225 3501 bunt,
251 3421 371 3487 caeteri
402 3422 577 3488 ἀνθύπατοι
610 3430 735 3488 vocant.
785 3420 838 3486 Sic
864 3425 881 3505 §
907 3427 949 3490 eb
975 3421 1161 3490 Praefectus
1184 3424 1321 3513 Aegypti

128 3529 267 3610 ῶριιοςιίς
300 3526 434 3594 dicitur.
469 3533 565 3616 §bb
602 3528 697 3603 οὐδεὶς
727 3531 760 3595 οὐ
796 3535 896 3608 γελῶν
927 3529 1173 3609 ἀπηλλάττετο,
1197 3541 1323 3598 ναίεσκε

128 3634 226 3708 οὐδεὶς
251 3629 314 3706 iric
337 3636 380 3701 ni.
418 3639 501 3718 §bb
526 3635 701 3714 λαβόμενος
724 3634 817 3701 αὐτόν
841 3643 896 3712 τῆς
928 3635 1046 3714 δεξιῶς,
1079 3645 1203 3703 veteres
1227 3639 1324 3704 αιἰτοῶ

129 3745 163 3806 et
189 3741 207 3824 §
234 3742 276 3804 59
297 3739 357 3815 τὰς
384 3723 514 3819 αἱμάξας
546 3741 845 3821 κατελαμβάνοντο,
877 3741 962 3829 qund
995 3741 1146 3830 frequens
1177 3744 1322 3810 omniun]

130 3845 319 3930 sequierum
344 3847 457 3913 vilium
484 3854 533 3913 est
559 3868 615 3935 pre
645 3849 900 3929 κατελάμβανον.
950 3851 968 3934 §
994 3854 1050 3916 51.
1083 3850 1237 3929 συγγενίρς
1260 3875 1323 3931 μορ-

128 3949 250 4036 τρόίεν,
284 3960 409 4020 veteres
440 3973 552 4020 omnes
582 3955 654 4037 πρὸς
690 3955 823 4038 ματρός,
858 3955 1021 4042 sequiores
1051 3975 1144 4043 saepe
1175 3955 1238 4022 cini
1262 3981 1324 4036 pn·

129 4056 211 4141 τρός.
250 4061 314 4137 42,
356 4063 395 4138 3,
432 4061 730 4141 συνανακλίνεσόαι,
765 4062 896 4128 Veteres
931 4063 1255 4142 συγκατακλίνεσθαι,
1291 4072 1325 4130 et

130 4183 206 4231 mex
244 4161 329 4230 ἔοικα
359 4167 385 4232 δ’
414 4167 547 4234 ἐνταῦόα
577 4167 766 4250 exceptum:
806 4187 864 4256 pre
893 4166 978 4234 ἔοικα
1010 4177 1134 4235 veteres
1170 4169 1243 4234 δοκῶ
1274 4193 1324 4249 μοι

129 4268 286 4338 dicebant
320 4279 351 4337 et
379 4279 466 4354 τριῶν
497 4277 612 4356 ἡμερῶν
644 4275 780 4362 pessime
813 4294 871 4361 pre
902 4283 982 4357 τρεῖς
1019 4275 1138 4360 ἡμέρας,
1171 4277 1324 4362 pesitum.

130 4381 150 4464 ς
178 4381 200 4444 6
225 4374 306 4444 ἔνθεν
323 4379 398 4448 laur
422 4399 517 4468 saepe
540 4381 653 4448 dicunt
677 4382 842 4468 sequiores
866 4381 985 4449 imitati
1011 4381 1182 4462 chrnun,
1211 4381 1323 4472 Odpse.

46 4535 51 4543 .
131 4495 173 4552 Θ.
203 4486 283 4550 500.
