3086 4974
686 369 752 440 oct

113 569 228 650 εἰρήνην
252 567 286 644 ἐξ
303 563 470 642 οἷς-τοίς
494 566 640 647 πολέμοις
669 561 703 642 ἐξ
726 560 775 628 ὦν.
804 561 955 628 Laoditur
979 565 1069 630 atrris
1091 564 1188 634 etiarn
1203 559 1309 628 verbis

113 671 321 746 καταλύοντες
335 708 379 723 -
392 674 610 752 καταλύεται,
637 669 692 737 scd
712 678 902 736 consuctttm
928 677 977 735 est
997 668 1105 737 dicere
1127 668 1251 741 λύοντες
1275 667 1307 734 δὲ

112 781 168 856 τίρν
191 779 318 863 εἰρήνην.
1097 797 1099 802 ’

159 884 195 952 ln
228 887 247 971 ς
274 887 350 951 179.
381 882 512 966 οἰδελφοί
545 882 595 961 δέ,
624 885 650 949 οἰ
681 880 878 964 διαζυγέντες
903 881 977 962 ἐμοῦ
1002 881 1056 964 ζιίν
1079 884 1131 948 ούκ
1155 880 1194 948 δν
1217 878 1304 963 τροί·

113 1007 230 1070 λοιντο,
268 988 351 1055 nraie
380 998 413 1056 et
442 991 555 1057 vitiose
587 987 729 1055 abundat
753 987 957 1075 praepositio.
995 986 1152 1056 Graecum
1177 994 1225 1054 est
1250 986 1304 1070 ζῆν

113 1098 163 1163 σύν
194 1095 233 1163 ἂν
261 1093 385 1173 ἑλοίμην
408 1106 464 1163 aut
489 1098 543 1162 οὐκ
566 1095 605 1162 ἰιν
629 1093 798 1174 δεξαίμην,
828 1113 888 1159 non
914 1095 1115 1175 τροελοίμιιν,
1141 1091 1246 1160 idest
1271 1094 1331 1158 int

113 1203 255 1268 nnimnm
280 1199 446 1278 inducam,
473 1201 665 1288 propositum
689 1199 935 1277 intinitatem,
956 1208 986 1264 et
1008 1198 1186 1285 requiritur
1203 1197 1305 1262 οἰιυτο

112 1308 231 1386 nolint,
266 1306 348 1372 mori
378 1306 509 1384 malint,
539 1321 635 1394 qnam
668 1326 686 1373 a
714 1325 765 1373 me
789 1306 927 1371 seiuncti
953 1306 1051 1370 vitant
1076 1323 1183 1389 agere.
1220 1305 1303 1370 'ium

113 1431 261 1500 expungo
289 1411 347 1491 μέν
379 1414 412 1479 in
445 1412 494 1478 his
523 1414 575 1479 καί
599 1413 692 1479 ταυτί
721 1411 805 1501 [μὲν]
833 1412 877 1477 τίι
899 1409 996 1493 μικρὰ
1019 1410 1133 1479 παιδία
1156 1411 1208 1476 καί
1232 1410 1302 1483 τοὺς

115 1517 262 1592 κινδύνους
286 1517 369 1584 odnie
393 1517 552 1599 συνιέντα,
579 1519 682 1585 ἐλεινοὶ
704 1517 780 1608 (non
803 1514 935 1606 ἐλεεινοί)
961 1517 988 1583 δ’
1009 1515 1039 1583 εἰ
1055 1537 1085 1582 τι
1105 1516 1304 1597 συμβήσεται

115 1627 188 1704 ἡμῖν
211 1625 337 1700 nadair,
361 1632 393 1690 ei
419 1625 449 1690 in
477 1623 538 1692 fine
562 1624 695 1708 ιίνάνδρυ
720 1625 773 1690 καί
794 1623 956 1706 γυναικείῳ
976 1625 1032 1701 τίην
1051 1623 1142 1705 dryite
1161 1621 1303 1703 οἰνύρώτιρ

113 1750 172 1819 pro
194 1729 334 1813 οἰνίρύτιρ
358 1731 413 1806 τίρν
437 1730 540 1812 ύρριίν.

159 1837 194 1902 ln
229 1839 246 1922 §
277 1841 349 1904 180.
383 1842 558 1919 παρακαλῶ
590 1836 621 1903 δὲ
656 1835 721 1924 [καί
754 1834 880 1902 ἱκετεύω
907 1835 1005 1901 σῶσαί
1028 1835 1084 1920 με]
1109 1839 1224 1916 πρῶτον
1245 1834 1303 1912 μὲν

112 1942 184 2016 τοὺς
204 1943 304 2019 ύεούς,
330 1942 465 2025 δεύτερον
487 1943 512 2009 δ’
533 1941 615 2021 ύμοῖς
628 1942 699 2017 τοὺς
712 1949 766 2019 τῆς
779 1942 889 2026 ψήφου
901 1941 1029 2023 κυρίους,
1049 1937 1118 2006 dele
1131 1939 1300 2016 coriticam,

112 2047 196 2136 quod
222 2047 317 2136 panio
341 2057 412 2134 post
436 2056 523 2115 reete
546 2065 583 2114 ac
607 2067 666 2113 suo
690 2048 758 2114 ioco
782 2048 916 2134 iegitur:
942 2047 995 2114 καί
1020 2045 1129 2125 δέομαι
1151 2047 1250 2113 σῶσαί
1260 2068 1302 2125 με

113 2153 166 2220 καί
190 2156 236 2232 μίρ
259 2155 302 2236 τῷ
326 2151 517 2237 λορογρύφῳ
541 2156 593 2219 καί
620 2155 724 2236 Σκύίη
745 2155 944 2236 παραδοῦναι.

159 2259 194 2326 in
220 2262 331 2344 5181.
356 2278 456 2345 quum
479 2260 599 2326 acriter
622 2269 653 2326 ct
678 2260 821 2326 animose
848 2259 982 2327 dixisset
1006 2257 1134 2326 Orator:
1156 2260 1189 2324 ού
1211 2258 1302 2340 ρίιρί

114 2364 245 2438 tristarer
277 2365 370 2432 δεινίν
400 2367 475 2432 ἀλλ’
509 2366 617 2448 νίτερί
641 2367 697 2441 τίην
723 2367 869 2442 τελευτὴν
894 2363 1001 2446 ύβρις,
1026 2365 1174 2452 corrupit
1196 2364 1303 2429 otnttirt

114 2469 234 2536 sciolos
257 2471 312 2558 qui
338 2469 376 2537 dc
402 2491 459 2536 suo
482 2471 605 2555 φοβεροί
629 2470 759 2538 addidit
779 2481 847 2558 post
870 2469 973 2554 ὕβρις.
1000 2480 1034 2538 ut
1059 2469 1160 2540 soient
1186 2469 1241 2534 isti
1261 2468 1303 2535 ei·

115 2574 211 2662 iipses
242 2576 274 2641 io
305 2578 448 2644 oratione
480 2587 640 2644 commota
671 2586 705 2644 et
734 2575 860 2644 ardenti
895 2575 1063 2664 pueriliter
1091 2569 1304 2666 supplermai

115 2689 179 2756 τῶς
202 2681 292 2761 τοτ’,
317 2679 339 2748 εἰ
362 2683 490 2766 σιδηροῖ,
516 2683 706 2766 ἐκαρτερεῖτε
731 2683 931 2764 οἰκρούμενοι;

159 2787 318 2854 Similiter
342 2789 501 2854 minnitnr
525 2799 557 2855 et
579 2791 785 2876 extinguitur
808 2787 886 2854 dicti
911 2789 1089 2855 acrimonia
1111 2787 1302 2874 interpolato

114 2891 247 2960 moiesio
274 2895 462 2981 pronomine
487 2898 504 2979 ς
534 2899 607 2962 185.
632 2897 694 2974 ἰγίι
720 2897 906 2978 reip-'roi
929 2895 1023 2974 μηδὲν
1047 2894 1162 2964 οἰδικείν
1185 2893 1298 2984 [incia]

112 3000 210 3081 κύριος
242 2996 294 3076 ἦν,
325 3007 379 3066 τοῦ
411 2999 443 3066 δὲ
467 3004 511 3080 μίρ
536 2999 620 3082 ἔχειν
644 3003 749 3069 αἰτίαν
774 3005 792 3079 εἰ
814 3002 912 3083 τύχη.
948 3003 1152 3068 innocettiettt
1177 3021 1247 3068 csse
1271 3012 1302 3068 ei

112 3105 201 3170 otoni
225 3105 319 3191 cuipa
344 3125 459 3173 vacare
483 3107 662 3195 appellator
686 3111 720 3176 τί
744 3109 838 3188 μηδὲν
862 3109 995 3185 οἰδικεῖν,
1022 3115 1057 3174 ut
1081 3105 1166 3195 apud
1191 3105 1301 3174 Orato-

114 3230 167 3278 res
192 3211 310 3297 passim
335 3221 367 3279 et
393 3214 424 3278 in
450 3213 658 3280 Menandreo:

341 3319 375 3384 τί
397 3319 492 3398 μηδὲν
515 3319 630 3387 οἰδικείν
653 3319 705 3386 καί
731 3320 845 3394 καλοὺς
870 3321 953 3399 ύμοίς
978 3313 1067 3386 τὀιεί.

159 3423 194 3489 ln
221 3429 238 3512 §
265 3427 329 3491 185
366 3425 457 3504 initio
480 3427 577 3508 μικροὶ
601 3429 639 3492 A·
666 3433 805 3492 ΕΙΠΩΝ
830 3427 885 3504 ἤδη
910 3427 1112 3505 καταβαίνω,
1142 3435 1208 3496 ires
1232 3425 1303 3493 tite-

114 3527 204 3594 ruiae
237 3528 495 3610 interciderunt,
530 3551 610 3618 quas
642 3533 689 3599 sic
722 3551 853 3598 revoca:
884 3531 981 3614 μικρίι
1012 3534 1052 3597 Δ’
1070 3533 1161 3598 ἜΊῚ
1188 3535 1303 3599 εἰτύν.

115 3634 150 3700 in
177 3633 230 3700 taii
257 3655 291 3702 re
315 3633 360 3702 im
385 3657 511 3726 semper
536 3635 677 3704 additur.

161 3739 196 3804 in
223 3739 334 3806 ultima
361 3743 378 3826 §
405 3740 543 3828 denique
567 3749 741 3825 παρακαλῶ
766 3743 797 3810 δὲ
819 3743 977 3823 Εύβουλον
1001 3745 1057 3824 μὲν
1082 3743 1116 3810 ἐκ
1138 3749 1197 3810 τῶν
1218 3759 1302 3811 πολι·

114 3847 446 3923 τικιίν-,’Φιοκίιονιι
479 3849 505 3914 δ’
533 3849 567 3916 ἐκ
595 3851 655 3915 τῶν
678 3855 860 3930 τρατηγῶν,
894 3847 981 3937 [ἅμα
1004 3851 1034 3917 δί
1058 3849 1111 3916 κοιί
1136 3851 1306 3936 δικαιοσύνη

113 3951 311 4034 διενηνιχίτοι
341 3953 478 4042 τοίντυν]
513 3953 654 4021 scholion
688 3954 796 4035 vides,
831 3956 915 4041 quod
940 3977 978 4023 ex
1000 3955 1075 4023 iiirri
1100 3958 1246 4042 margine
1271 3959 1302 4023 in

112 4067 238 4126 textum
272 4078 306 4125 se
340 4059 527 4126 insinuatit.
572 4060 608 4126 in
641 4059 696 4126 taii
727 4070 871 4148 tempore
895 4082 957 4128 non
981 4071 1108 4150 poterat
1131 4061 1305 4132 Aeschines

114 4175 180 4231 tam
202 4165 356 4232 invidioso
380 4164 473 4232 iaude
500 4166 566 4244 uti,
592 4165 707 4234 deindo
733 4163 805 4248 ἰίμοι
829 4167 861 4235 δὲ
885 4169 939 4235 καί
962 4189 1035 4235 cnm
1060 4175 1120 4236 τῶν
1144 4177 1306 4250 τρατηρῐνν

115 4274 225 4338 inicus
251 4279 324 4359 κριίι·
349 4279 378 4338 oi
407 4271 573 4338 nnnrnnto
598 4275 812 4340 ronocotitnr.
