3160 4972
837 358 906 430 396

274 553 406 622 niiieum
438 552 567 621 dicendi
599 573 702 642 genus
726 575 764 622 ex
790 555 940 624 omuibus
964 552 1121 622 dialectis.
1170 556 1269 623 liores
1293 555 1355 631 ἴσος
1378 554 1460 622 dioe-

275 658 372 738 bant,
403 667 437 727 nt
470 659 662 728 Puuoxenus
686 661 716 726 ἐν
740 662 878 746 Δείτιρι,
911 663 1026 730 not-too
1058 662 1221 741 carmine,
1257 663 1305 752 (iu
1337 661 1460 728 Beaeru

273 764 359 832 Poet.
382 763 460 852 Lyr.
486 786 518 852 p.
534 767 614 855 aar)
637 765 733 833 dixit:
757 768 955 852 ἰσοτράπεζος
979 769 1083 856 prima
1108 767 1214 835 loniee
1238 767 1407 855 produota,
1431 774 1462 834 et

272 873 320 938 sie
332 873 452 939 caeteri
471 870 599 939 brevem
615 871 804 960 pierumque
818 873 1025 961 relinquunt,
1050 882 1084 940 at
1097 872 1200 940 sicubi
1213 872 1343 955 ¹ridetur
1354 872 1461 940 eadem

273 977 365 1064 ionga
399 981 570 1062 Ὁμηρικῶς
594 981 641 1046 uti
672 989 816 1066 possunt.
867 979 927 1063 Qut
953 981 1028 1046 oiim
1055 983 1306 1048 intermortuam
1331 979 1459 1068 Epioam

273 1085 383 1171 poesin
426 1095 459 1152 et
501 1087 668 1173 antiquam
705 1084 848 1171 linguam
886 1095 995 1153 vatum
1033 1086 1215 1154 lonicorum
1254 1085 1461 1153 Alexandriae

273 1199 466 1258 reooxerunt
488 1201 521 1258 et
546 1193 605 1281 ipsi
632 1191 738 1256 omnia
765 1191 1030 1258 contaminarunt
1054 1202 1086 1260 et
1105 1213 1206 1280 quum
1229 1193 1461 1260 versificatores

271 1306 397 1376 essent,
423 1317 484 1366 non
511 1298 647 1377 Poetae,
672 1295 790 1383 quibus
811 1316 914 1384 neque
936 1298 1102 1384 ingenium
1123 1307 1226 1379 esset,
1251 1317 1356 1386 neque
1374 1317 1461 1365 meus
1553 1307 1554 1328 *

271 1402 429 1480 divinior,
460 1424 564 1492 neque
596 1403 686 1471 dives
714 1421 813 1480 vena,
843 1421 947 1490 neque
978 1426 1014 1471 os
1040 1425 1157 1491 magna
1178 1413 1388 1484 sanaturum,
1413 1405 1461 1470 io·

272 1509 357 1575 suisa
380 1511 524 1577 carmina
548 1519 730 1598 punxerunt
749 1511 885 1580 ridiculo
905 1529 1053 1580 sermone
1074 1511 1192 1598 partim
1208 1512 1314 1599 priseo
1327 1519 1359 1578 et
1372 1531 1461 1578 caseo

273 1618 389 1702 partini
416 1617 619 1703 sequioribus
644 1619 733 1684 vitiis
758 1617 879 1706 poiiuto
903 1617 1059 1685 laboriose
1084 1617 1320 1684 consarcinata.
1358 1617 1459 1684 Etiam
1553 1613 1554 1624 ’

271 1722 304 1786 in
337 1722 484 1810 prosodia
522 1723 629 1790 omnia
664 1744 783 1811 susque
818 1724 922 1812 deque
959 1725 1153 1792 habuerunt.
1210 1722 1279 1790 Non
1314 1721 1461 1790 dubitant
1553 1753 1554 1756 ¹

273 1828 413 1896 scribere
435 1829 478 1895 roi
501 1830 546 1910 μὴ
570 1832 657 1896 nand
680 1832 769 1898 eane
791 1831 975 1915 στέφονται,
998 1840 1031 1899 et
1055 1829 1117 1897 teo
1141 1827 1226 1898 κάτει
1249 1825 1312 1896 ἴσον
1336 1828 1459 1908 ἄνωθεν,

275 1933 423 2022 (Tamen.
449 1935 502 2004 Vl.
531 1940 583 2002 19.
608 1944 639 2003 et
664 1937 748 2004 Vssl.
777 1937 845 2026 19.)
870 1946 916 2005 et:

501 2043 639 2122 πρέσβυν
660 2043 723 2111 ἴσον
746 2045 858 2128 κούροις
882 2041 944 2112 ἶσοι
968 2042 1085 2111 didere
1109 2042 1221 2126 κόροις.

275 2146 417 2232 (Antinoi.
457 2148 563 2216 Graec.
602 2150 715 2218 laeoas.
751 2151 812 2218 roi.
849 2151 902 2220 tv.
939 2173 971 2239 p.
1004 2147 1094 2238 229).
1141 2148 1374 2230 Cuontuneuos,
1407 2167 1461 2216 eu·

273 2253 324 2320 ius
357 2254 512 2322 immensa
543 2255 683 2324 eruditio
718 2257 841 2324 laudari
872 2268 904 2325 et
929 2257 1036 2326 extoiii
1059 2256 1158 2334 solet,
1192 2253 1334 2322 scribere
1362 2256 1461 2344 potuit

275 2357 405 2449 (fragm.
431 2363 532 2453 515)ι

488 2469 602 2536 πέδιλα
624 2469 669 2536 τοὶ
691 2472 735 2550 pt
757 2471 837 2538 τύσε
861 2472 991 2553 enixurae
1017 2469 1124 2551 eripede,
1217 2474 1220 2488 '

273 2592 334 2640 non
360 2573 547 2642 reeordatus
570 2577 601 2641 in
626 2575 723 2644 verbo
747 2578 831 2645 ordio
850 2585 882 2644 et
905 2573 1064 2663 quidquid
1090 2573 1164 2640 inde
1186 2573 1331 2642 nascitur
1353 2599 1372 2640 u
1394 2593 1459 2662 pro
1553 2537 1554 2608 3

270 2677 405 2746 ductum
436 2701 518 2748 esse.
567 2681 646 2763 Quis
681 2685 785 2749 nescit
815 2683 983 2749 Homerica
1015 2681 1089 2750 ὀτέοο
1111 2679 1202 2748 τύοει
1227 2679 1359 2764 ἄρουρα,
1390 2679 1458 2752 teta

270 2785 400 2852 τύδετοιι
431 2785 553 2870 ὄμβρῳ,
584 2796 616 2854 et
648 2789 731 2855 alia?
779 2789 987 2856 crustumios
1019 2787 1120 2876 igitur
1150 2784 1214 2861 ἶσος
1249 2796 1282 2854 et
1311 2786 1376 2862 ἴσος
1405 2805 1459 2854 suu
1553 2867 1554 2888 Χ

271 2890 405 2959 arbitrio
430 2894 623 2981 permiscet,
648 2894 824 2984 scribitque
848 2896 1046 2985 promiscue:

268 2999 273 3006 ’
497 3001 612 3082 uitales
635 2998 690 3068 ira
711 3004 947 3085 θοολοοσσοτορεῑ.

497 3105 587 3174 σοίιιει
611 3107 665 3175 ἴσοι
688 3109 886 3192 τετροοβοείςο.

496 3214 594 3289 arania
619 3217 815 3283 ’ΛιιτΙιιλειοον
838 3216 902 3282 inor
923 3212 1060 3298 diadem
1086 3218 1232 3298 Φιλιῖσοι.

500 3323 579 3387 τοῖσι
603 3321 678 3400 μὲν,
701 3324 734 3390 οὐ
757 3321 851 3402 μάλα
876 3321 901 3388 δ’
925 3317 999 3388 ἶσον.

268 3431 300 3490 et
331 3423 469 3509 ψοροιὶθιρ
493 3423 555 3493 ἴσον
578 3435 610 3494 et
630 3425 732 3509 ἔχθειι
753 3425 816 3496 ἶσον
841 3428 966 3511 ὀλέθρῳ,
999 3445 1081 3514 quae
1104 3424 1258 3512 leguntur
1283 3424 1315 3490 in
1342 3421 1455 3512 Epipr.

269 3535 329 3612 aa,
363 3533 396 3597 iu
429 3531 523 3601 Dian.
555 3537 595 3599 55
627 3543 659 3600 et
689 3539 773 3614 211,
808 3533 969 3600 inionem
996 3539 1059 3610 85,
1090 3533 1121 3597 in
1150 3531 1241 3598 Dion.
1268 3535 1345 3599 255.
1370 3538 1402 3598 et
1427 3529 1456 3594 in
1553 3543 1554 3546 ’

266 3643 384 3728 [τοροε.
412 3645 486 3706 118.
511 3639 704 3708 Οιιιιιιιειιο
728 3641 836 3707 nulius
859 3650 908 3708 est
931 3640 1130 3727 reliquorum
1157 3639 1189 3704 in
1216 3636 1334 3704 tatibus
1355 3635 1457 3703 muito

268 3744 380 3812 melior
409 3755 466 3813 aut
497 3747 649 3834 autiquae
669 3744 799 3834 tinguae
818 3756 849 3822 et
876 3745 1041 3833 prosodiae
1069 3744 1215 3832 peritior.
1242 3742 1361 3811 Omnes
1385 3761 1457 3830 pee-

267 3863 360 3931 cam,
384 3871 494 3920 omnes
518 3873 631 3942 saepe,
656 3873 767 3920 omnes
792 3854 943 3941 turpiter.
987 3852 1162 3930 Nicanore,
1189 3849 1243 3937 qui
1269 3849 1328 3914 sibi
1356 3848 1457 3914 ionice

267 3956 396 4024 ridetur
423 3960 564 4028 seribere
595 3969 626 4027 et
661 3961 813 4030 florenum
849 3959 1007 4028 aemulari
1041 3965 1074 4026 et
1116 3957 1265 4024 uterina
1297 3951 1458 4022 ooueiudit

267 4061 318 4130 his
342 4063 504 4133 uersibus:
574 4102 579 4122 ι

406 4173 461 4240 nai
484 4195 536 4239 κει
558 4173 791 4256 Ὀρειρρείοιο
814 4172 867 4240 nai
894 4173 987 4242 εἰσέτι
1010 4170 1186 4255 Νικοέιδροιο

160 4353 163 4362 ,
373 4351 376 4358 ⁴
404 4288 514 4358 μιῆςιν
538 4279 641 4361 ἔχοις,
666 4281 717 4346 τὸν
741 4278 847 4364 ἔθρεψε
872 4279 993 4364 Κλάρον
1017 4279 1166 4364 redderent
1190 4275 1337 4357 τολίχνιρι

179 4465 182 4472 Ι
269 4390 375 4449 tamen
409 4387 527 4471 passim
560 4386 591 4451 in
627 4385 773 4472 prosodia
805 4387 913 4454 ionica
945 4394 976 4454 et
1007 4387 1138 4454 omnino
1162 4383 1282 4452 Graeca
1307 4377 1456 4469 impingit

267 4495 325 4553 aut
354 4488 558 4578 corripienda
590 4489 771 4576 producens
802 4499 859 4558 aut
891 4494 1070 4579 corripiens
1102 4487 1318 4580 producenda.
1364 4485 1455 4552 Nune
