3204 4978
739 306 810 380 278

203 509 257 574 ὅθ.
282 505 394 587 θτενμν
418 514 450 575 et
469 504 651 586 stramen
683 507 722 580 o,
750 507 802 570 10.
825 500 999 577 κατέθηκαν
1022 509 1054 568 et
1075 502 1223 580 μεθῆκαν.
1250 521 1309 568 uno
1331 499 1390 568 ‹tn-

202 612 369 681 bitandum
410 613 488 700 quin
521 614 584 689 72,
618 613 650 675 θ.
686 627 743 696 pro
776 609 969 690 πανηγύριας
1006 606 1155 686 θτοδὲξαν
1192 607 1390 695 reliquorum

201 717 347 807 exempto
368 715 540 796 καταδέξαν
560 717 728 802 scripserit
749 715 947 802 quicumque
969 715 1065 782 istius
1085 713 1181 782 iibetii
1204 723 1294 802 peter
1316 726 1389 794 est;

203 822 279 890 trino
309 824 406 891 etiam
432 823 569 894 stabiliri
595 829 698 910 potest
722 821 807 909 quod
838 827 896 902 tt,
919 826 972 890 2⁴.
1001 841 1059 910 Pro
1080 819 1277 900 ἀποτοξεύσω
1301 841 1393 909 repo-

202 933 253 996 sui
278 927 508 1008 κατατοξεύσω.

248 1035 352 1123 sigla,
388 1057 471 1124 quse
495 1033 581 1102 κατού
615 1033 796 1122 signifieat,
834 1053 1076 1121 nonnumquam
1110 1053 1127 1099 e
1163 1033 1395 1124 toohygraphis

201 1143 416 1229 distinguitur
440 1141 565 1209 duobus
591 1142 719 1228 punetis
739 1141 780 1207 ab
801 1161 858 1221 eu,
883 1161 946 1228 que
970 1139 1036 1206 θτύ
1059 1139 1272 1209 scribebatur.
1315 1139 1395 1207 vite

202 1249 273 1317 eius
306 1248 442 1334 figurent
476 1250 506 1314 iu
541 1245 679 1314 Schotiis
713 1247 837 1314 [suenrus
867 1267 885 1312 α
919 1247 1091 1314 Ικαοαατιο
1120 1245 1217 1314 editis
1241 1268 1271 1334 p.
1297 1252 1339 1314 tu
1362 1254 1396 1313 et

202 1358 278 1420 259.
311 1354 366 1421 ubi
401 1375 483 1442 quoe
519 1352 625 1440 legere
657 1373 719 1420 non
754 1360 929 1440 potuerunt
962 1363 1140 1439 utcumque
1175 1351 1394 1420 detinuerunt.

203 1460 287 1548 Lege
311 1481 344 1548 p.
367 1465 421 1530 73.
446 1461 512 1528 οὐδὲ
536 1463 591 1538 riso
614 1459 739 1542 τερθννρν
763 1461 806 1533 εἷς
827 1457 946 1541 κθρακα
980 1457 1147 1526 ύνατεθναν
1174 1459 1397 1526 intinxerit

203 1567 239 1634 ri
264 1563 431 1650 ἔμπροσθεν
462 1565 690 1648 σαναγθμενος,
714 1575 745 1634 et
771 1573 842 1651 post
866 1585 967 1652 pauoa
992 1561 1073 1647 ᾦτερ
1104 1565 1159 1632 καὶ
1190 1569 1241 1631 νῦν
1261 1565 1275 1631 θ
1298 1565 1398 1644 βασι·

205 1672 278 1747 λεὺς
301 1672 355 1740 καὶ
380 1674 406 1740 oi
438 1673 591 1757 τατρθκνον
622 1672 725 1738 κατὰ
753 1673 824 1746 τοὺς
847 1671 989 1756 ἒΦεςθονς
1009 1671 1253 1753 χρηματισμοὺς
1276 1671 1398 1738 sinitaut

204 1779 356 1860 χρῆσθαι,
385 1787 418 1846 et
450 1799 479 1866 p.
501 1781 579 1846 259.
611 1779 645 1844 τθ
678 1778 736 1858 μὲν
766 1778 830 1860 γὰρ
860 1775 1055 1860 θσαφθςερον
1079 1777 1322 1854 κατατήσεταν
1345 1779 1399 1844 τθν

204 1882 315 1964 λθμον,
346 1882 478 1966 ταρθσον
510 1889 563 1950 τοῦ
594 1882 785 1965 τρθνματθς
815 1885 860 1954 iss
888 1883 1095 1962 σημαντνκθν,
1135 1891 1168 1950 et
1203 1903 1276 1950 mox
1308 1887 1399 1950 τοῦτο

205 1989 270 2074 νοθρ
300 1991 381 2071 iso,
411 1991 450 2063 ύς
483 1989 535 2056 καὶ
566 1987 724 2072 φθθνομεν
754 1989 978 2073 παραθέμενον,
1007 1997 1038 2055 et
1070 1987 1146 2057 οὕτω
1177 1990 1242 2072 γὰρ
1267 2011 1399 2069 μετατρ-

207 2097 327 2177 θθμενον
350 2096 537 2178 εύρθσκεσαν.
586 2095 693 2182 Turpe
724 2104 772 2162 est
806 2094 940 2162 Codices
964 2093 1146 2162 describere
1166 2093 1267 2172 teilo.
1297 2115 1398 2182 quum

207 2221 247 2270 ne
271 2201 349 2270 haee
374 2199 506 2288 quidem
530 2201 701 2268 tritissima
725 2201 876 2290 expedire
901 2201 1013 2290 possis.

255 2305 421 2375 interium
452 2304 551 2373 simili
579 2305 618 2374 de
649 2325 746 2374 oouse
770 2306 835 2373 etri
859 2317 887 2374 et
913 2308 948 2380 ἐκ
972 2307 1057 2374 inter
1080 2327 1113 2374 se
1136 2305 1399 2386 αααθααύααιατ,

213 2422 248 2481 ut
273 2433 353 2481 novo
377 2411 521 2500 exempto
552 2421 685 2501 apparet
714 2414 746 2478 in
782 2417 842 2490 10,
872 2417 931 2492 19,
961 2409 1401 2495 1.σὲτοεραροῦν,ύΔύσ·

210 2542 304 2603 ταρν,
328 2520 381 2586 ούκ
404 2519 517 2602 οὶφύσα
547 2519 610 2586 rixi
642 2525 701 2586 τῶν
724 2525 854 2602 χειρῶν,
881 2539 942 2587 αοα
974 2541 993 2586 u
1017 2519 1163 2586 morsibus
1183 2518 1237 2586 suti
1261 2540 1278 2586 α
1299 2521 1402 2585 moni·

210 2625 285 2705 bus,
310 2625 421 2690 ἐκτῶν
442 2626 572 2707 χειρῶν,
597 2621 769 2692 dicentum
792 2632 860 2704 est,
884 2633 919 2690 ut
937 2629 995 2702 tt,
1024 2629 1073 2692 tt.
1095 2627 1148 2692 οὐκ
1168 2625 1279 2702 οθνῆκεν
1297 2625 1403 2694 ἐκτῶν

208 2729 343 2812 ὀνύχων,
369 2729 422 2796 uiti
449 2731 579 2818 requiro
604 2747 665 2798 non
687 2729 828 2809 remisit,
853 2729 909 2796 sed
932 2729 1052 2796 dimisit
1071 2733 1205 2814 ἀφῆκεν.

257 2837 301 2904 De
324 2836 411 2920 ταρού
434 2847 465 2902 et
490 2837 560 2919 τερύ
585 2836 700 2903 millies
725 2834 868 2903 confusis
889 2857 951 2903 non
978 2847 1027 2903 est
1051 2856 1166 2924 operae
1190 2837 1331 2924 pretium
1356 2836 1403 2904 os·

209 2961 294 3010 cere.
341 2941 410 3024 Qus
436 2951 509 3009 nota
531 2942 740 3024 scribuntur,
765 2962 862 3030 quom
887 2941 1005 3020 simili,
1029 2961 1127 3030 quam
1152 2962 1250 3032 prope
1273 2941 1437 3022 eedem,-

212 3049 339 3115 anmos
373 3047 524 3114 subiiciet
558 3048 671 3116 oeulis.
721 3047 852 3116 Aiiatim
886 3057 936 3116 est
970 3048 1088 3136 ubique
1122 3048 1341 3136 exemplorum
1369 3051 1403 3116 in

212 3156 372 3240 scriptore
402 3152 561 3240 quotibet,
594 3156 626 3221 iu
659 3157 772 3242 quovis
797 3153 935 3236 Codice,
960 3164 992 3222 et
1017 3156 1049 3221 in
1074 3156 1143 3244 ipsa
1168 3156 1405 3243 praepositione

211 3266 245 3326 et
269 3259 300 3324 in
326 3257 433 3326 verbis
456 3261 664 3348 compositis,
697 3261 776 3328 adeo
808 3269 844 3328 ut
868 3261 989 3349 ubique
1021 3262 1106 3330 sitne
1137 3260 1224 3345 ταρθ
1258 3281 1299 3328 αα
1334 3261 1405 3344 sept

212 3361 418 3431 scribendum
442 3385 479 3432 ex
507 3385 568 3434 usu
598 3366 748 3454 loquendi
774 3365 988 3453 colligendum
1014 3368 1058 3434 sit
1079 3376 1111 3436 et
1135 3367 1337 3454 singulorum
1361 3367 1405 3435 io

211 3489 323 3538 eorum
349 3471 494 3552 ustione,
521 3492 581 3538 nou
607 3491 645 3540 ex
667 3472 823 3540 librorum
848 3471 924 3553 tide,
951 3493 1033 3560 quse
1057 3472 1160 3542 iutiiis
1180 3483 1230 3542 est
1255 3473 1287 3538 in
1310 3492 1406 3541 esre

210 3584 243 3644 et
277 3576 407 3646 Punica.
456 3577 515 3645 Est
546 3578 606 3646 hoe
638 3599 766 3667 quoque
797 3598 900 3665 genus
924 3599 1072 3648 errorum
1098 3579 1250 3667 perioeiie
1281 3578 1323 3647 eei
1347 3577 1405 3646 ‹ie-

211 3682 494 3770 prehendendum,
526 3686 679 3774 quoniam
712 3686 799 3769 ταρθ
833 3695 866 3754 ut
896 3687 966 3768 τερύ
996 3685 1075 3752 nihii
1110 3684 1227 3757 natent
1256 3687 1341 3752 inter
1371 3705 1407 3754 se

211 3808 383 3857 commune
407 3800 438 3858 et
459 3799 525 3858 tam
551 3793 721 3880 perspicuo
743 3813 840 3880 quorun
867 3802 956 3860 certo
980 3791 1171 3859 discrimine
1191 3799 1267 3858 sunt
1287 3791 1408 3878 ubique

212 3892 371 3971 diremt'a.
396 3895 490 3962 modo
510 3899 583 3985 quis
607 3899 753 3964 animum
778 3918 875 3965 suum
897 3898 1127 3986 superstitione
1148 3896 1285 3966 liberere
1306 3899 1408 3987 possit

212 4007 244 4066 et
268 3997 340 4086 pius
366 4001 488 4070 tribuet
521 4004 642 4072 iudicio
673 4005 861 4092 incorrupto
894 4025 1055 4091 sanaeque
1085 4005 1203 4070 rationi
1226 4025 1323 4092 quens
1350 4005 1408 4072 ho-

213 4106 423 4174 muncionum
457 4111 649 4177 eonumentis
681 4131 719 4177 ex
753 4111 947 4197 negiigentia
978 4119 1010 4178 et
1033 4129 1142 4178 errore
1168 4112 1262 4177 netis.
1311 4107 1408 4178 :snut

214 4220 278 4290 est,
310 4213 439 4301 opinor,
474 4219 714 4300 ταρακαθοῑσθαν
749 4227 788 4302 τῇ
823 4217 971 4300 ἕραμθνρρ,
1006 4215 1095 4282 aimo
1128 4218 1345 4297 τερνκαθῆσθαν
1376 4226 1411 4285 et

213 4327 323 4386 temen
354 4339 391 4387 ea
423 4321 575 4388 contundi
608 4321 761 4390 vidimus.
810 4321 904 4390 utino
934 4333 983 4389 est
1012 4321 1218 4390 ohnnniuiisne
1243 4324 1329 4406 ταρὰ
1354 4325 1411 4401 rin

216 4422 399 4504 θθλατσαν,
423 4424 508 4494 eliud
532 4428 600 4510 τερ)
624 4428 680 4504 τὴν
713 4428 895 4510 θάλασσαν,
925 4429 1059 4508 soritis,
1085 4437 1121 4496 ut
1146 4427 1304 4510 uidimus,
1328 4429 1411 4496 nituit

353 4587 366 4620 l
