3150 4972
842 373 911 442 140

278 565 459 652 scripturas
489 564 640 634 contusas
668 564 792 633 videbis
821 570 884 644 58,
918 570 973 633 54.
1023 566 1060 632 ln
1084 564 1247 631 Auooomrs
1270 560 1414 628 oratione
1437 561 1473 626 in

278 670 472 738 Alcibiadem
497 674 515 758 §
541 676 594 739 29.
620 695 649 760 p.
676 677 736 752 55,
764 678 792 738 l.
815 691 926 738 ornnes
948 670 1022 737 libri
1043 679 1192 737 serrant:
1217 671 1260 744 είς
1279 669 1324 735 rio
1342 666 1474 735 πινοίκια

277 787 317 862 πῇ
349 777 478 863 προσίρρι
509 786 564 854 τῆς
596 779 700 854 οὐσίαι
735 797 792 865 pro
823 778 983 845 παίπινίκια
1012 787 1050 861 πῇ
1075 769 1241 861 προπεραίρ
1264 783 1320 852 πῆς
1344 775 1473 854 θυσίας,

280 883 326 949 sic
348 882 423 949 libri
448 892 572 952 veteres
595 885 826 952 describuntur
850 884 990 952 scilicet:
1014 884 1175 950 τάπινίκια
1199 890 1287 949 recte
1313 882 1474 948 Briareus

279 989 474 1057 Druosrnnu
507 989 647 1058 reddidit
672 1013 701 1080 p.
727 995 810 1070 580,
831 994 893 1069 22,
916 1010 977 1056 non
1003 1012 1035 1077 p.
1064 993 1170 1068 1556,
1196 993 1238 1067 8,
1265 987 1473 1054 nonPenrom

278 1095 312 1162 in
340 1095 505 1184 Symposio
527 1117 557 1185 p.
586 1103 647 1165 rte
672 1099 709 1164 rt.
736 1105 766 1164 et
788 1095 977 1176 allisionis,
1004 1097 1058 1183 qui
1080 1095 1190 1162 eodem
1211 1095 1282 1161 iure
1300 1095 1472 1160 correctio·

280 1221 353 1269 nem
385 1199 546 1290 flagitant.
594 1202 785 1270 constanter
816 1201 966 1270 dicebant
997 1204 1148 1282 τάγαθὰ,
1173 1202 1312 1280 τάληθῆ,
1336 1201 1472 1278 related·

279 1308 365 1387 δεια,
395 1312 601 1389 τάναγκαῖα,
629 1309 845 1392 τάνδράποδα,
870 1310 1062 1392 τάπίχειρα,
1084 1309 1224 1389 similia,
1252 1317 1287 1374 ut
1309 1306 1472 1387 παγαθθν,
1567 1301 1568 1314 ’

278 1416 433 1494 σθληθέρ,
466 1415 647 1499 πάργύριον,
677 1415 739 1482 alia
765 1415 884 1494 multa,
909 1419 1004 1482 cuius
1029 1417 1074 1482 rei
1097 1424 1248 1482 sexcenta
1271 1414 1413 1501 exempla
1439 1421 1474 1480 et
1567 1479 1568 1500 1

279 1521 401 1589 indicia
433 1521 507 1588 libri
543 1521 806 1609 suppeditabunt.
856 1521 1031 1588 Fluctuant
1063 1521 1095 1587 iu
1130 1520 1262 1587 Lucnno
1284 1518 1411 1587 codices
1436 1522 1471 1586 in
1567 1507 1568 1588 ί

279 1627 408 1707 repetat
440 1637 472 1695 et
503 1629 546 1695 πίε
577 1628 688 1709 tyele
724 1635 758 1704 1,
791 1633 822 1695 9.
853 1629 886 1693 in
909 1628 1099 1707 τούπίσημον
1121 1633 1155 1694 et
1177 1627 1212 1693 πθ
1234 1627 1383 1707 ἐπίσημον
1405 1631 1470 1707 20,
1567 1677 1568 1692 .

280 1737 340 1812 44,
372 1735 403 1800 in
436 1737 650 1817 σοθπίλονπρον
684 1735 774 1803 etri
799 1737 957 1818 πίλονπρον
983 1739 1046 1813 54,
1073 1738 1103 1800 2.
1129 1734 1161 1799 in
1185 1735 1358 1802 τούνύπνιον
1381 1734 1472 1800 etri
1567 1761 1568 1816 ,

278 1839 412 1908 ἐνύπνιον
438 1847 495 1920 tu,
521 1846 574 1910 28.
598 1844 633 1910 πθ
655 1843 849 1926 οθρροπθγιον
872 1842 1009 1908 lneuotrz
1030 1839 1118 1907 dedit
1139 1846 1203 1920 57,
1229 1846 1261 1908 5.
1283 1863 1342 1930 pro
1362 1844 1376 1908 θ
1398 1840 1471 1920 ίμθς

278 1967 372 2034 saepe
398 1947 430 2012 in
455 1948 547 2014 libris
568 1959 617 2015 cst
640 1949 733 2029 οὐμθς
755 1970 783 2016 ν.
804 1969 832 2014 o.
855 1953 918 2027 45,
945 1953 1006 2025 59,
1029 1948 1075 2013 sic
1095 1949 1129 2014 σθ
1149 1947 1276 2030 θιιριβές
1297 1956 1328 2014 et
1342 1951 1472 2030 π’θκρι-

277 2055 334 2134 liic
361 2053 524 2122 alternant
542 2060 600 2132 44,
629 2060 688 2132 11,
714 2075 852 2143 namque
877 2055 923 2121 sic
944 2052 1091 2120 scribunt
1113 2054 1169 2119 isti
1189 2072 1288 2140 quum
1304 2053 1472 2122 nihilmu·
1567 2037 1568 2062 ¹

278 2168 369 2240 tant,
395 2170 432 2227 ut
455 2161 499 2228 παὶ
523 2162 672 2245 ’σκληπιῷ
699 2167 761 2240 75,
786 2166 827 2227 27
853 2169 885 2228 et
910 2163 927 2245 §
955 2166 1008 2227 33.
1033 2161 1063 2226 π’
1085 2160 1189 2242 ἀνδρὸς
1214 2170 1245 2228 et
1265 2161 1308 2227 σοὶ
1328 2161 1474 2243 ’πίχειρα

282 2272 341 2347 tt,
379 2270 431 2334 24.
481 2267 616 2355 Saepius
647 2269 690 2334 πίι
722 2268 770 2349 μθ
797 2267 955 2345 occurrit,
981 2277 1015 2332 ut
1043 2272 1099 2346 15,
1124 2271 1178 2333 24.
1206 2272 1263 2346 tu,
1291 2272 1342 2333 50.
1368 2275 1402 2333 et
1424 2269 1472 2334 τὰ

277 2374 374 2440 κείνου
396 2379 459 2454 44,
487 2380 536 2442 18.
551 2374 771 2462 praeeterisse.
798 2373 921 2451 Semel,
942 2371 1026 2460 quod
1040 2373 1163 2451 sciam,
1184 2374 1472 2441 contrarioerrare

278 2492 446 2566 peccatum
483 2492 532 2549 est
566 2491 598 2550 et
634 2483 904 2564 προθκπεπομφθς
941 2480 1078 2566 pessime
1110 2498 1168 2566 pto
1200 2481 1471 2564 προεκπεπομφώς

278 2587 436 2673 scriptum
462 2591 524 2665 52,
550 2591 602 2655 56.
639 2588 698 2655 Est
720 2607 835 2676 operae
857 2585 996 2671 pretium
1022 2585 1055 2649 in
1081 2583 1309 2670 cognoscendis
1327 2589 1471 2654 etacsti·

275 2693 403 2759 mandis
423 2693 571 2762 codicum
591 2695 812 2782 antiquiorum
835 2692 1008 2778 scripturis
1029 2689 1126 2756 huius
1146 2689 1191 2756 rei
1204 2691 1386 2758 certissimo
1401 2711 1472 2759 ves·

275 2800 354 2887 tigia
380 2798 552 2887 indagare,
577 2799 662 2889 quod
684 2799 871 2886 nuperrime
888 2796 964 2864 lecit
976 2796 1172 2863 Hrnsunmms
1185 2797 1216 2863 in
1231 2796 1391 2878 Pomone,
1413 2797 1472 2865 ubi

274 2907 457 2989 περιπακπίρ
486 2927 543 2993 pro
573 2906 640 2991 περὶ
664 2905 801 2985 solerie,
827 2905 908 2972 οὐδὲν
932 2900 1001 2986 ἔχει
1025 2905 1128 2980 πολλιί
1152 2923 1210 2990 pro
1233 2899 1268 2970 οὗ
1290 2903 1316 2970 δ’
1339 2901 1422 2987 ἕνεχ’
1450 2905 1469 2981 ἧ

274 3015 376 3092 πολλοί
400 3020 432 3079 et
456 3013 575 3080 similia
599 3015 776 3080 annotavit.
824 2999 1052 3078 Anrsrornnnrs
1075 3007 1397 3097 proeteritorum
1418 3008 1471 3078 di-

274 3127 383 3194 xerat,
420 3126 455 3184 ut
494 3130 563 3186 turn
599 3140 710 3188 omnes
751 3118 915 3198 solebant,
951 3116 1182 3202 μὲνποθφασκε.
1236 3116 1372 3183 librarii
1407 3137 1470 3204 pro
1567 3151 1568 3154 ¹

274 3231 372 3312 captu
396 3243 454 3291 suo
478 3225 570 3292 nobis
594 3224 753 3294 dederunt
777 3226 809 3291 in
836 3223 1012 3292 Baetasios.
1035 3229 1121 3292 408:

489 3317 639 3415 Ιπαρῆλθε
662 3332 798 3414 γυμνὸς,
821 3335 861 3404 νίς
885 3329 980 3398 lidron
1004 3338 1067 3404 τοῖς
1091 3329 1241 3408 πλείοσιν,

499 3437 593 3515 αὖτίς
617 3464 657 3520 γε
681 3439 769 3520 μέντ’
793 3440 826 3504 οὐ
850 3436 975 3521 Φθσιιεν
998 3436 1122 3516 taetras
1145 3433 1230 3519 ἔχειν

273 3550 305 3609 et
326 3541 366 3609 ad
389 3542 475 3612 hunc
498 3544 583 3613 diem
604 3545 693 3628 μέντ’
713 3543 751 3612 νίν
771 3543 903 3625 eteius·
917 3542 979 3626 ἄρα
993 3543 1023 3609 in
1039 3542 1150 3610 multis
1163 3542 1346 3610 haeserunt.
1372 3543 1467 3630 ltpud

274 3647 451 3719 Srneaortnu
484 3651 522 3718 ll.
557 3673 589 3741 p.
624 3657 677 3720 74.
702 3650 785 3720 πουτί
805 3651 841 3717 σθ
864 3649 1004 3733 γροίμμα
1028 3651 1062 3716 in
1086 3649 1177 3718 tibris
1200 3658 1249 3716 est
1275 3669 1333 3737 pru
1355 3650 1466 3716 ποῦπί·

271 3779 428 3838 νραμμα,
452 3756 538 3844 quod
557 3757 723 3827 lineumus
736 3757 873 3826 feliciter
886 3778 904 3826 a
917 3779 951 3826 sc
965 3765 1129 3845 repertum
1143 3757 1286 3844 recipere
1298 3755 1467 3825 debuerat.

271 3861 513 3929 Eiusdemmodi
538 3875 586 3931 est
608 3865 693 3953 quod
714 3865 877 3932 Boonruus
898 3865 931 3930 in
956 3863 1109 3930 Hnsrcnro
1130 3864 1248 3950 reperit
1269 3884 1298 3928 ν.
1318 3888 1466 3931 παντο

271 3969 403 4036 νίπονι
438 3971 481 4038 σοὶ
513 3977 572 4038 τῶν
602 3975 759 4056 μαγείρων
790 3969 868 4053 ξηρὰ
898 3970 1090 4054 οὶρσθματα,
1122 3969 1173 4036 διαὶ
1196 3970 1232 4035 πί
1255 3970 1386 4037 ἐνταῦθα
1410 3972 1466 4037 καί

271 4074 306 4141 πθ
339 4074 434 4159 νίσρον
465 4080 652 4160 πωλεῖσθαι,
680 4078 763 4146 unde
787 4080 874 4146 eruit
897 4080 961 4146 πθκ
984 4081 1038 4143 σοῦ
1063 4077 1177 4160 νίπρον,
1202 4074 1257 4142 sed
1281 4075 1364 4163 lugit
1387 4095 1465 4143 euno
1567 4093 1568 4110 ¹

270 4180 392 4248 dudum
425 4187 642 4273 praeripuisse
672 4185 755 4253 hanc
787 4183 1042 4252 emendationem
1077 4183 1249 4250 Pmnsonun
1281 4182 1313 4248 in
1342 4183 1465 4250 eximia

270 4292 476 4358 annotatione
500 4291 539 4359 ad
560 4293 723 4360 Mornrocrr
746 4313 777 4380 p.
805 4297 865 4359 351
891 4311 940 4379 sq.
962 4293 1024 4357 σιὶκ
1044 4295 1097 4356 σοῦ
1115 4289 1211 4370 νίσριο
1233 4286 1467 4376 descriptume
1567 4297 1568 4308 ³

270 4395 352 4474 λέξει
376 4408 495 4482 κωμικῇ
519 4399 632 4467 ltrnrrn
658 4399 797 4489 pertinet
820 4397 859 4466 ad
879 4398 984 4464 locum
1006 4396 1153 4463 Annxrrrr
1171 4394 1255 4484 apud
1277 4398 1466 4464 rtrnnnrnurr
1567 4449 1568 4456 ,

270 4499 325 4567 1v.
348 4519 381 4587 p.
410 4506 484 4571 ros.
510 4503 544 4569 n.
