3136 4966
700 381 769 453 585

501 576 598 644 ὄλοιτο
623 577 654 644 δέ
678 579 877 660 Λαρτιάδας,

501 679 532 757 ές
556 682 594 763 μ’
618 682 743 751 ἄπαιδα
766 683 877 764 γέννας

503 785 606 864 έθηκεν
626 790 819 872 οὶριςοτέκοιο.

141 893 173 958 iu
203 891 296 960 libris
327 901 376 961 est
406 892 598 976 οέριςοτέκον,
636 894 720 982 quud
757 903 792 962 ut
820 895 927 963 versui
960 892 1124 982 strupiricu
1155 890 1327 980 responde·

140 1007 190 1065 ret
213 1003 292 1066 892.
424 1013 427 1022 ’

478 1105 609 1181 ἔκελσας
633 1105 698 1172 tttv
721 1105 791 1172 ποτέ
814 1107 936 1190 Τροίαν.

141 1209 175 1274 ἰιι
201 1207 315 1277 Aldina
340 1210 448 1277 neseio
471 1215 545 1298 quis
567 1209 784 1294 αριτοτδκοιο
810 1212 996 1300 supposuit,
1022 1231 1084 1299 qua
1111 1209 1212 1276 imma
1235 1209 1328 1275 Euri·

141 1313 232 1402 uides
256 1316 304 1382 uti
329 1335 391 1382 nou
416 1315 507 1384 solet.
559 1317 642 1399 Quid
667 1326 716 1385 est
739 1318 840 1403 igitur
863 1315 1069 1384 scribendum
1095 1325 1131 1382 ut
1156 1322 1258 1380 metro
1282 1312 1328 1380 ia-

140 1419 270 1488 burauti
294 1421 527 1489 subveniatur?
552 1421 672 1509 Nempe
698 1422 771 1490 buu:

321 1523 353 1603 ές
381 1529 416 1607 μ’
436 1525 561 1594 ἄπαιδα
582 1529 693 1608 γέννας
717 1527 818 1604 έέιικον
841 1526 1095 1611 attaminatum.

187 1631 268 1714 Quia
294 1631 406 1700 'ditetis
428 1634 461 1698 iu
487 1633 577 1700 itiad.
602 1645 640 1702 Σ.
667 1640 719 1701 tt.
745 1633 890 1702 dixerat:

322 1738 417 1818 ὤμοι
440 1739 503 1818 ἐγὼ
526 1739 631 1819 δειλέ,
656 1741 677 1806 ὦ
700 1763 751 1821 μοι
776 1739 1034 1821 δνσαριςοτέκεια.

187 1841 359 1930 Euripides
388 1863 488 1932 quum
521 1843 598 1910 haee
628 1844 753 1912 iuvenis
772 1852 937 1933 'pangeret
967 1843 1177 1928 οὶριςοτέιιειαι
1201 1863 1329 1932 queque

139 1946 204 2014 ribi
228 1946 365 2016 eredidit
389 1949 497 2017 dicere
519 1949 629 2020 liuere.

188 2053 225 2120 lu
256 2052 358 2122 Riese
389 2075 434 2123 vs.
460 2059 539 2124 931.
571 2077 671 2144 quum
702 2055 777 2124 uiim
812 2055 1053 2125 intellexissem-
1071 2077 1142 2124 esse
1166 2057 1331 2144 corrigen-

139 2157 237 2227 dum:

325 2265 370 2332 τὺ
401 2267 441 2334 δέ
464 2269 564 2344 τοῦδ’.
588 2267 723 2347 Ἀθάνα,
747 2268 863 2344 παντὸς
886 2267 975 2334 αἰτία
995 2267 1098 2350 μέρον.

140 2392 202 2461 pru
220 2371 288 2439 καὶ
312 2373 407 2452 τοῦδ’,
436 2371 518 2440 idem
546 2373 636 2441 rideo
663 2372 859 2441 liiruhhuffiu
883 2373 1007 2440 venisse
1032 2375 1064 2439 iu
1090 2383 1250 2454 mentem,
1275 2374 1332 2461 uui

140 2479 189 2546 σὺ
212 2477 314 2557 τοῦδ’,
337 2477 474 2558 Ἀθάνα,
507 2480 666 2560 coniecit,
699 2479 753 2546 sed
785 2477 888 2546 mutto
918 2477 1033 2545 meiius
1056 2476 1194 2546 addetur
1217 2479 1331 2568 reputa

140 2583 194 2662 δέ,
218 2603 314 2671 quam
339 2603 401 2650 nou
426 2583 567 2656 arbitror
592 2585 623 2650 iu
650 2582 705 2652 tali
730 2605 765 2652 re
789 2584 894 2650 omitti
919 2603 1021 2671 posse.

189 2689 225 2756 ln
252 2708 297 2755 vs.
322 2692 399 2757 958.
430 2688 616 2772 αὐτανέψιος
646 2695 746 2774 νεκροῦ
777 2689 861 2757 τοῦδ’
887 2681 918 2756 έν
950 2689 1164 2764 κατακτείνεις
1187 2688 1247 2769 ον’,
1273 2691 1332 2757 nti·

140 2796 231 2863 uimu
254 2793 386 2862 ferenda
411 2797 589 2883 praesentis
614 2795 734 2875 turma,
758 2815 840 2884 quae
863 2815 901 2863 eu
923 2803 972 2862 est
996 2795 1176 2882 suspeetior
1197 2795 1273 2882 quia
1298 2797 1331 2861 iu

140 2901 236 2969 tttrts
259 2909 308 2968 est
331 2901 412 2969 τοῦδ’
435 2899 483 2970 οὖν
501 2903 755 2980 κατακτείνατα,
784 2901 868 2969 unde
887 2900 1104 2970 κατέκτεινΛΟ
1124 2899 1163 2967 τέ
1184 2899 1330 2990 pellucet.

186 3006 268 3074 ibid.
296 3027 341 3074 ru.
366 3010 445 3076 945.

325 3114 430 3194 ροιέτιρν
453 3112 502 3197 ἄρ’
527 3117 610 3194 ἡμᾶς
634 3117 761 3200 Θρῄκιος
786 3111 1067 3194 (ΣΤΡΑΤιροιιέτιιιι
1166 3196 1174 3212 ,

324 3219 477 3298 tatum,
498 3222 630 3304 Ἕκτορ,
655 3222 731 3304 τῷδε
753 3221 921 3300 βουλεῦσαι
946 3220 1047 3304 Φένον.

140 3325 294 3396 uuureuit
318 3327 403 3394 iuter
426 3347 538 3395 omues
563 3347 625 3395 uun
650 3325 848 3410 ςροιτηιιοέτης
872 3326 928 3395 aed
951 3326 1064 3414 οιιιίρο
1084 3324 1230 3418 (ἡνίοχος)
1256 3326 1331 3395 oiim

142 3432 347 3500 nominatum
372 3433 486 3502 tuisse.
1151 3449 1156 3454 “

188 3537 301 3624 ltaque
340 3538 533 3622 διφρηλάτκς
574 3539 691 3607 Portus
719 3531 924 3628 reponebat,
969 3537 1166 3620 τροχηλάτης
1202 3537 1333 3606 Valcke-

142 3642 275 3722 narius,
307 3643 386 3711 mihi
417 3645 613 3728 ζευγηλάτης
647 3646 751 3734 potior
781 3643 877 3712 ieetiu
909 3643 1056 3710 videtur:
1091 3643 1145 3710 sed
1176 3644 1333 3732 quidquid

143 3749 260 3818 iturum
298 3750 500 3838 probaveris,
537 3753 652 3817 vitium
687 3771 750 3838 quu
782 3749 874 3816 mudo
908 3759 1019 3816 natum
1052 3751 1093 3816 sit
1127 3753 1333 3838 perspicuum

142 3865 208 3926 ast:
234 3855 266 3924 iu
292 3856 373 3924 ΙίΙιιο
397 3877 530 3945 perrusu
553 3865 720 3945 supererat
746 3857 1031 3934 “ἨΛΑΤΗΟ,
1055 3852 1174 3922 seirius
1197 3858 1336 3946 arripuit

142 3961 229 4052 quod
256 3964 398 4050 primum
428 3965 461 4029 in
482 3962 616 4031 bueuam
638 3963 724 4030 veuit
748 3971 780 4030 et
803 3969 1063 4045 ςρατΗΛΑΤΗο
1082 3961 1228 4050 explevit.
1276 3965 1336 4032 Pu·

143 4078 224 4156 guat
248 4089 323 4136 cum
349 4075 462 4156 poetae
485 4070 658 4135 sententia.
706 4067 790 4150 Qum
813 4066 855 4134 ad
880 4065 995 4135 ittumi

193 4174 314 4243 Haereu
339 4193 385 4240 vs.
409 4178 486 4240 951.
513 4175 545 4239 iu
568 4173 675 4240 verbis
701 4173 861 4241 Hectoris:

327 4282 361 4347 οὐ
384 4282 445 4360 μὴν
470 4279 586 4347 έανέντι
610 4283 643 4361 γ’
667 4280 805 4359 οὐδαμῶς
831 4279 1040 4360 erutarum.
1065 4315 1111 4331 —

328 4387 421 4470 φέλος
445 4386 509 4468 γὰρ
533 4387 625 4453 ἐλθὼν
646 4386 786 4470 δνςνχῶς
810 4385 998 4467 ἀπέρχεται.

145 4491 223 4578 quid
250 4490 302 4558 hie
327 4490 387 4559 iuei
410 4501 459 4559 est
484 4491 580 4560 verde
602 4491 785 4580 ροοιιιέοιιάί
808 4489 998 4572 eruditum?
1036 4487 1109 4558 Scio
1132 4511 1201 4561 esse
1220 4494 1339 4582 quitus
