3178 4972
815 381 908 428 XXXII

332 551 403 629 ὑμῖν
423 550 454 618 δὲ
475 559 537 626 τοῖς
562 552 617 627 σὺν
634 553 700 628 ἴσον
717 553 769 618 καὶ
794 555 848 628 τὴν
869 551 988 628 ἔννομον
1008 554 1168 619 πολιτείαν
1193 556 1297 634 ἔχουσι
1316 548 1384 622 σοὺς

331 674 419 754 παραὶ
431 673 501 745 σοὺς
514 672 619 752 νόμους
633 697 662 738 σι
676 671 828 751 λέγοντας
842 672 859 748 ἢ
872 673 1085 752 βεβιωκότας.
1100 675 1235 740 ἐντεῦθεν
1247 671 1309 754 γάρ
1322 672 1384 737 xri.

308 791 472 860 Oorreotor
493 793 593 872 βεβιω
617 797 733 860 retinet
755 793 850 868 κότος
874 794 976 860 eradit
1006 800 1039 860 et
1061 797 1288 862 minutissimis
1317 788 1450 858 literulis

262 917 374 980 inserit
406 915 580 994 βεβιωκότος
596 924 722 987 κολάζειν.
753 921 786 982 et
818 915 881 980 loci
911 919 1102 982 seutentiam
1132 923 1164 982 et
1196 897 1452 1003 compositionem
1557 963 1558 1008 q

262 1035 406 1102 funditus
437 1039 561 1103 evertit.
609 1035 700 1102 Unde
728 1043 841 1102 natum
863 1041 1017 1122 putemus
1046 1040 1267 1124 importunum
1295 1027 1451 1114 ιιολοίζιινῗ
1557 1011 1558 1016 ¹

263 1156 386 1242 Nempe
407 1158 442 1220 in
463 1160 609 1242 proxima
631 1159 751 1224 ricinia
773 1160 807 1221 in
837 1155 1031 1224 Ooisliniano
1054 1161 1210 1245 scriptum
1234 1162 1299 1224 est:
1331 1154 1399 1226 τοὺς
1422 1150 1451 1216 tt

263 1276 308 1356 μὴ
325 1263 515 1356 πειθομένους
540 1276 784 1358 κολάζΕΕΘΑΙ,
807 1280 921 1346 vitiose
944 1299 1001 1366 pro
1024 1277 1207 1360 ιιολιὶζΕΙΝ.
1244 1275 1364 1345 Deinde
1382 1291 1453 1340 vera

262 1397 357 1464 lectio
380 1397 521 1480 κολάζειν
542 1401 576 1462 in
598 1401 744 1486 margine
773 1401 917 1484 apposita
946 1398 1049 1465 alieno
1076 1399 1146 1466 loeo
1178 1400 1330 1467 adhaesit.
1377 1392 1452 1460 Con-

263 1522 354 1584 tinuo
376 1523 538 1604 sequitur:
563 1520 699 1584 r’vrsbier
727 1517 791 1600 γοὶρ

331 1639 480 1721 ἰσχύσετε
504 1634 548 1704 ὅτ’
573 1639 611 1706 ἂν
635 1641 799 1718 εὐνομῆσθε
822 1639 873 1706 καὶ
898 1642 943 1719 μὴ
968 1641 1166 1717 καταλύησθε
1192 1643 1250 1708 ὑπὸ
1273 1647 1331 1708 σῶν

332 1761 598 1842 παρανομούντων.

280 1963 282 1968 Ι
309 1883 358 1950 Ex
380 1882 498 1949 ultimo
520 1881 675 1948 vocabulo
697 1888 851 1948 comestor
874 1881 1039 1962 νομούνσων
1065 1884 1168 1950 eradit
1204 1885 1376 1969 scribitque
1396 1880 1454 1944 mi·

264 2007 351 2071 nutis
373 2003 476 2094 literis
497 2014 632 2081 νιμούπον
649 2017 689 2068 xer
703 2013 814 2082 ἀσελγῶς
832 2012 964 2082 βιούντων,
988 2009 1020 2069 et
1043 2003 1184 2086 alienum
1202 2025 1360 2091 pannum,
1384 2017 1455 2066 oum

265 2129 358 2214 gravi
380 2129 462 2193 vitio
484 2128 518 2190 in
541 2123 704 2205 βιούντων,
730 2123 855 2192 Oratori
879 2127 996 2204 assuit,
1019 2129 1057 2190 ut
1079 2146 1138 2208 suo
1160 2125 1229 2192 loeo
1253 2124 1453 2192 ostendimus.
1560 2211 1561 2222 ἵ

266 2249 338 2314 Non
360 2254 408 2313 est
429 2267 512 2314 nune
534 2269 591 2314 neo
613 2253 741 2334 tempus
763 2268 821 2312 nec
843 2246 931 2313 loeus
960 2246 1066 2312 multo
1093 2246 1186 2332 plura
1208 2248 1247 2313 de
1270 2266 1383 2336 genere
1400 2241 1456 2307 hoc
1560 2236 1561 2314 Ϊ

266 2391 305 2434 ex
327 2369 488 2434 veteribus
509 2369 705 2434 membranis
727 2367 941 2453 expromendi.
989 2367 1126 2432 Dabitur
1156 2368 1290 2454 posthac
1313 2367 1402 2452 eopia
1421 2365 1458 2427 ut

267 2492 374 2558 omnia
392 2489 500 2556 ordine
518 2489 655 2574 proferre
671 2494 703 2555 et
722 2488 879 2575 explicere
897 2490 1027 2574 possim.
1063 2487 1156 2554 Nunc
1177 2489 1237 2554 hoc
1254 2489 1457 2576 potissimum

266 2611 401 2699 agebam
427 2612 521 2676 utin
544 2609 629 2675 clara
656 2609 727 2676 luce
754 2609 904 2696 ponerem
932 2629 1028 2694 quam
1059 2615 1150 2675 cauto
1173 2616 1206 2674 et
1235 2609 1458 2693 circumspecte
1561 2605 1562 2676 i

266 2729 396 2798 Graecis
430 2728 600 2798 (lodicibus
633 2735 732 2798 etiam
766 2730 1024 2796 celebratissimis
1054 2734 1087 2794 et
1116 2730 1384 2798 emendatissimis
1417 2727 1458 2791 sit

265 2853 431 2919 utendum.
478 2852 551 2919 Nou
572 2859 716 2940 poteram
739 2851 909 2917 nobiliores
940 2851 1089 2916 adhibere
1112 2872 1209 2936 quam
1233 2851 1380 2920 Isocratis
1401 2845 1457 2913 Ur-

265 2974 422 3052 binatem,
453 2974 676 3040 Demosthenis
698 2972 881 3038 Parisinum
907 2971 945 3050 S,
978 2977 1010 3038 et
1033 2971 1216 3038 Psrisiuum
1247 2976 1277 3040 A
1299 2971 1455 3044 Platonis,

266 3096 323 3179 qui
351 3114 460 3159 omnes
482 3114 582 3178 quum
610 3092 736 3158 mendis
763 3092 981 3178 erroribusque
1010 3097 1169 3172 scateant,
1199 3093 1290 3160 hient
1318 3092 1454 3166 laomris,

266 3220 299 3280 et
320 3213 469 3280 futilibus
491 3213 661 3280 sciolorum
691 3213 917 3279 additamentis
942 3214 1126 3300 interpolati
1149 3217 1228 3294 sint,
1260 3215 1369 3302 quales
1392 3218 1457 3278 tan·

266 3335 340 3401 dom
362 3334 500 3420 reliquos
522 3355 589 3400 esse
611 3332 817 3400 censeamus?
848 3333 960 3420 Itaque
983 3337 1064 3417 νῖιφο
1089 3335 1141 3401 καὶ
1163 3336 1302 3415 cepres
1324 3338 1457 3404 ιὶπιςεῖι.

265 3456 337 3522 Non
359 3461 486 3522 tantum
505 3456 654 3523 adversus
678 3459 845 3542 tyrannos,
865 3461 903 3520 ut
922 3456 1006 3521 dixit
1025 3454 1268 3536 Demosthenes,
1288 3457 1458 3524 sedetiam

266 3578 417 3646 adversus
444 3577 621 3643 scribarum
649 3581 681 3642 et
708 3575 880 3642 sciolorum
910 3576 1036 3643 fraudes
1061 3581 1253 3644 acerrimum
1275 3579 1379 3644 telum
1411 3577 1457 3640 est

132 3725 134 3732 ·
267 3702 283 3776 si
309 3700 431 3768 ἀπιςία.
468 3697 577 3763 Dtism
596 3699 630 3760 in
653 3695 712 3762 hoo
735 3717 876 3770 errorum
900 3717 1031 3784 genere,
1056 3699 1140 3784 quod
1159 3719 1199 3764 er
1218 3698 1458 3785 interpolatione

266 3826 372 3886 ortum
411 3823 473 3897 est,
510 3816 766 3903 deprehendendo
808 3817 1035 3904 refutandoque
1068 3819 1152 3884 nihil
1188 3827 1236 3886 est
1269 3819 1459 3885 fructuosius

266 3963 363 4027 quam
386 3941 561 4006 scribarum
584 3939 709 4005 fraudes
732 3939 766 4003 in
788 3962 821 4003 re
844 3940 943 4004 eadem
967 3941 1040 4004 ῐοοὶο
1063 3940 1189 4005 diveat
1210 3943 1362 4027 repetitas
1379 3939 1460 4002 inter

266 4085 298 4130 se
323 4081 526 4148 componere,
551 4063 641 4125 cuius
673 4062 719 4124 rei
742 4079 853 4146 operae
883 4061 1024 4145 pretium
1057 4064 1104 4125 est
1126 4059 1327 4127 luculentum
1358 4077 1460 4125 exem·

265 4185 358 4272 plum
381 4205 420 4249 ex
443 4182 656 4249 Demosthene
678 4180 825 4267 proferre.
872 4179 909 4245 ln
938 4182 1086 4247 omnibus
1116 4181 1339 4248 Demosthenis
1362 4175 1459 4246 Godd.
1522 4159 1527 4169 ’

266 4308 387 4396 legitur
408 4326 482 4392 pag.
504 4302 588 4379 611,
616 4301 657 4367 15
685 4301 734 4367 διὰ
763 4303 867 4382 μέντοι
891 4305 945 4378 σὺν
978 4304 1073 4368 αὑτοῦ
1104 4302 1270 4384 βδελυρίαν
1303 4303 1353 4368 ινα]
1387 4301 1460 4370 θεοῖο

268 4428 381 4510 ἔχθραν
402 4423 669 4507 αἰσχροκέρδειαν,
694 4429 915 4508 praeterquam
938 4426 972 4488 in
992 4445 1055 4490 uno
1078 4425 1222 4490 omnium
1248 4427 1383 4510 optim0,
1407 4417 1462 4504 qul
