3150 4972
693 357 763 432 127

134 551 307 632 σεσιμένοςε
333 553 427 620 iidem
454 553 596 638 έχρέσέην
619 555 769 623 dicebant
792 561 825 620 et
847 554 971 636 χριςέι,
991 552 1052 620 'sed
1075 562 1191 636 χρῖμοο.
1227 553 1325 635 Quid·

135 659 210 745 quid
234 661 347 725 horum
369 661 548 746 attigerunt
569 662 734 736 Graeculi,
760 661 908 726 induitur
921 662 1046 727 novicia
1060 661 1180 739 lorma,
1201 661 1324 744 κέχρισ-

134 790 191 844 μοιι
214 777 247 832 et
271 767 450 846 κεκένισμοοι
475 767 550 834 dare
574 768 695 844 solent,
722 778 756 832 ul
778 768 912 849 χρίσμοο.
950 767 1105 849 Κέχριμοοι
1130 767 1269 832 elabitur
1294 776 1325 832 el

134 881 240 939 certae
264 873 429 956 analogiae
454 873 553 939 honos
578 883 723 949 constat,
750 873 802 939 ubi
831 883 953 940 veteres
974 875 1098 939 scribae
1120 884 1193 938 noto
1216 893 1325 939 errore

133 979 159 1043 ei
184 978 428 1044 substituerunt
447 979 625 1062 κέχρκμοοι,
651 980 735 1067 quod
760 979 941 1046 factumest
955 981 987 1044 in
1001 980 1185 1046 Conuiuium
1198 978 1325 1066 Hymno

131 1085 163 1148 io
187 1084 327 1150 Dianam
353 1105 399 1150 us.
427 1087 498 1152 69ιΙ

337 1189 464 1274 έρχεσοιι
486 1193 630 1274 Ἑρμεέιρς
655 1191 763 1275 σποδιῇ
787 1191 974 1274 κεχρημένος
999 1193 1067 1275 will

133 1295 185 1361 ubi
216 1296 313 1382 longa
345 1307 377 1364 et
409 1307 560 1364 accurata
596 1299 821 1364 llsusrsnuusu
847 1298 1011 1363 annotatio
1036 1297 1196 1364 neminem
1223 1296 1325 1364 deter-

133 1401 213 1468 rebit
245 1421 312 1490 quo
344 1405 453 1469 minus
477 1405 657 1487 κεχριμένος
684 1403 852 1470 rescribat.
892 1405 1118 1469 lliversissirna
1142 1411 1218 1468 sunt
1242 1422 1324 1488 quae

131 1511 178 1574 uir
209 1530 352 1595 magnus
382 1512 576 1577 accumulat.
625 1509 708 1590 Quid
733 1509 808 1576 huic
835 1511 956 1576 notioni
982 1529 1152 1575 commune
1176 1518 1224 1573 est
1249 1529 1323 1573 cum

131 1619 261 1698 χρῆσθαι
294 1618 405 1694 Φύσει,
437 1617 587 1700 ε’μπορέρι,
619 1617 851 1701 βέῳρρςρικῷ,
877 1615 1043 1700 ξυμφορᾷ,
1069 1615 1208 1700 οέσνχέμ,
1234 1639 1324 1679 νοονοο-

132 1725 206 1808 χίμ,
230 1731 385 1806 χειμῶνι,
408 1724 669 1805 collocutorio
692 1733 723 1788 el
749 1723 931 1788 similibus?
959 1723 1036 1788 nihil
1062 1743 1206 1809 prorsus.
1230 1721 1324 1787 uliud

132 1839 177 1894 est
208 1832 256 1896 uti
283 1830 371 1908 oleo,
397 1829 552 1914 iuligine,
583 1839 767 1914 unguento,
793 1829 879 1894 aliud
901 1831 979 1916 tropi
1002 1829 1168 1906 stultiut,
1192 1832 1324 1910 χρῆσθαι

132 1935 240 2018 incip,
281 1935 427 2016 ἀσβόλῳ,
461 1935 544 2016 μύρῳ
579 1945 610 2000 et
646 1935 799 2016 χρέεσέιιι.
852 1938 1012 2002 l’ermovit
1052 1937 1229 2001 auctoritas
1264 1937 1324 1999 viri

133 2040 347 2118 Surunrsrun,
381 2050 417 2106 ut
441 2041 473 2105 in
502 2042 672 2106 l'curaucut
699 2042 823 2107 Cimone
852 2062 922 2128 cup.
955 2051 964 2107 1
1002 2040 1126 2108 lutilem
1154 2041 1323 2107 lectionem

129 2146 254 2231 ἀσβόλῳ
270 2145 478 2228 χρησάμενον
504 2148 707 2223 verissimae,
732 2167 829 2233 quam
856 2148 1000 2213 llsrsurus
1030 2148 1189 2235 repperit,
1212 2147 1328 2230 χρισιέ-.

131 2278 214 2330 μενον
246 2263 480 2339 anteponeret,
507 2273 601 2340 quem
629 2271 722 2319 nemo
746 2263 909 2339 sequetur.
958 2263 1063 2336 Χρῖμιι
1088 2253 1136 2320 bis
1160 2264 1323 2320 servatum

131 2368 176 2424 est
199 2361 231 2426 in
258 2359 407 2426 eiusdem
434 2359 559 2447 Hymoo
583 2362 625 2432 εἷς
649 2359 764 2441 conspui
788 2370 843 2436 τῆς
868 2360 1035 2434 Πολιάδος
1061 2380 1108 2427 vs.
1144 2364 1204 2424 to:

358 2468 391 2531 οὐ
415 2467 478 2548 χοὶρ
500 2467 656 2532 'Aternia
677 2467 826 2547 χρέμοιτοο
848 2468 950 2546 μικτοὶ
966 2473 1066 2549 «φιλεῖ

132 2579 161 2636 et
192 2576 245 2638 26.
280 2570 335 2646 ubi
372 2574 434 2637 iam
459 2581 615 2659 apparent
639 2572 895 2657 interpolatores.
948 2575 1047 2639 llnsco
1073 2571 1326 2646 Srnnronrcsnsrs

131 2678 166 2742 cle
188 2679 302 2744 metris
322 2679 451 2765 poeticis
475 2679 619 2745 scribens
644 2689 675 2745 et
700 2678 738 2744 de
764 2680 961 2768 syllabarum
987 2681 1189 2766 quantitate,
1218 2679 1325 2766 (ouius

132 2787 176 2850 rei
211 2786 310 2871 pauci
346 2793 423 2850 sunt
458 2805 554 2871 quam
587 2785 690 2851 Doleo
722 2786 951 2873 imperitiores)
985 2806 1015 2871 p.
1049 2789 1110 2862 96,
1147 2791 1197 2850 17.
1225 2785 1321 2851 Ηιιιιι.

130 2891 299 2972 χρίσμκτκ
323 2891 354 2955 in
381 2891 440 2956 hoc
465 2889 532 2956 loco
558 2899 708 2957 ostentat.
758 2891 791 2956 ln
815 2892 969 2957 Αιιιιιιιιιιι
990 2891 1113 2968 codice,
1141 2890 1248 2980 (quern
1269 2889 1323 2956 ha·

131 2995 242 3064 bemus
280 2997 411 3062 unicum
437 3015 475 3062 ex
501 2999 622 3083 optimo
645 3006 677 3063 et
700 2998 873 3063 veterrimo
900 2997 1118 3084 descriptum.
1144 2995 1324 3063 sedeloco

132 3100 285 3180 librario,
305 3121 368 3187 quo
389 3123 450 3167 non
473 3105 546 3168 novi
568 3105 668 3170 alium
688 3103 900 3187 stolidiorem)
917 3105 1065 3186 κέχριμοιι
1080 3123 1322 3189 nonnumquam

132 3211 231 3275 evasit
252 3219 287 3275 et
306 3219 427 3290 χρῑμοι,
451 3209 524 3275 vide
545 3211 657 3276 Euuunr
678 3209 782 3275 locurn
802 3210 885 3276 Xlll.
900 3231 931 3297 p.
955 3219 1018 3277 567
1037 3210 1058 3276 f.
1074 3212 1187 3276 Auster
1201 3230 1230 3295 p.
1244 3215 1323 3278 689.

132 3313 288 3382 Mounesis
313 3336 344 3401 p.
370 3319 447 3382 690.
485 3315 576 3402 Apud
598 3317 782 3382 Hsnttuoruu
806 3316 860 3382 lV.
887 3321 948 3383 196
970 3319 1089 3404 optime
1111 3317 1229 3402 legitur
1250 3341 1325 3382 νισο-

131 3430 202 3501 ροῖσι
226 3421 345 3503 ὀρνίθιον
369 3423 573 3504 κεχριμένοισι
598 3425 703 3504 οιέσσρ.
730 3422 765 3487 Ιιι
793 3423 1012 3488 Anrsroruonrs
1035 3422 1217 3508 fragmento
1240 3421 1325 3509 apud

133 3525 291 3594 Srouoeuu
313 3529 427 3594 Floril.
452 3529 563 3596 cxxt.
589 3533 638 3595 18.
660 3527 882 3594 conclamatus
899 3528 988 3596 locus
1010 3551 1057 3595 vs.
1084 3535 1112 3594 7.
1133 3529 1325 3610 opolurlpsl'

133 3633 192 3700 οὐδ’
222 3633 263 3701 eo
297 3637 551 3717 κοσμκεκριμένοι
577 3637 609 3700 in
633 3637 797 3722 integrum
822 3638 951 3701 restitui
978 3635 1056 3701 mihi
1080 3655 1172 3722 posse
1198 3634 1326 3700 videtur

124 3737 160 3803 ,si
184 3741 376 3827 scripseris:

383 3848 574 3928 elocutust·
599 3848 663 3915 οὐδὲ
687 3845 841 3928 βοικκοέρει
865 3845 1048 3928 κεχριμένοι.

134 3963 319 4038 comparato
352 3952 373 4020 l.
398 3952 421 4018 l.
448 3953 602 4020 llncnurrs
629 3954 796 4036 βοικκνὶριδι
821 3953 1008 4032 κεχριμένον.
1036 3951 1070 4017 ln
1096 3953 1234 4019 caeteris
1260 3951 1326 4019 lere

135 4055 281 4138 κέχριμοιι
313 4068 345 4123 et
375 4068 479 4142 χρῖμοι
507 4061 675 4127 obliterata
700 4069 794 4136 suut,
821 4058 980 4141 οὶσφοέλσῳ
1005 4059 1206 4142 κεχρισμένον
1234 4059 1327 4126 halte-

136 4181 208 4227 tuus
243 4164 276 4227 in
314 4165 505 4252 Cyropnedr'o
541 4167 605 4233 vlt.
639 4188 667 4233 v.
701 4172 753 4232 99.
786 4176 817 4231 et
850 4165 989 4247 ἐκέχριςο
1023 4167 1091 4232 Vll.
1125 4187 1155 4245 1,
1182 4171 1212 4230 9.
1239 4175 1270 4231 et
1295 4168 1326 4230 in

137 4266 298 4354 Symposio
330 4272 372 4340 ll.
398 4278 428 4337 5.
453 4273 544 4339 oller
568 4273 606 4340 clu
630 4298 677 4347 τις
700 4279 790 4338 τοῦτο
815 4273 849 4337 τὸ
873 4275 997 4355 χρέσμοι
1020 4271 1136 4351 λάβοις
1163 4271 1248 4337 Nihil
1274 4272 1328 4337 lro·

138 4393 208 4438 rum
230 4379 407 4460 genuinum
427 4388 495 4456 est,
521 4380 575 4446 scd
599 4380 760 4467 quomodo
782 4382 812 4444 in
833 4379 946 4444 llusucr
961 4378 1136 4454 versiculo,
1161 4397 1257 4462 quem
1273 4396 1330 4440 su·

139 4495 196 4564 pra
218 4481 451 4564 iudicavimus,
476 4487 633 4570 σνκοομένιρ
658 4487 716 4558 τοὶς
741 4483 872 4565 wallone
897 4483 1098 4567 κεχριμένον,
1135 4483 1327 4549 Eusrarutus
