3150 4972
671 355 739 424 105

173 550 301 636 Pergam
332 549 455 616 Lucum
487 547 572 615 iocos
604 547 839 635 complusculos
865 549 1026 630 indicare,
1054 551 1108 618 ubi
1133 554 1313 642 syntactica

132 657 207 721 ratio
238 656 486 723 describentium
519 655 664 721 socordia
691 657 803 720 vitium
829 657 1013 741 concepisse
1039 659 1196 726 rideatur.
1243 658 1312 724 Non

131 760 215 828 iaciie
245 762 373 829 credam
407 762 469 848 ipsi
502 762 633 827 buccano
657 762 803 827 excidere
834 764 975 848 putuisse
999 763 1084 850 quod
1108 765 1228 850 legitur
1255 769 1314 856 16,

134 873 177 933 17.
199 867 358 951 ornatae
381 866 461 942 ὅπως
484 871 702 947 καταπαύσω,
737 889 837 954 quarn
869 869 949 934 ratio
979 879 1010 934 et
1043 890 1122 936 usus
1145 871 1314 956 requirant

131 973 366 1053 καταπαίσαιμι
397 984 428 1040 et
461 972 539 1040 nihii
568 975 609 1038 sit
641 973 724 1059 apud
757 983 879 1040 veteres
911 973 970 1039 bac
996 975 1155 1042 locutione
1183 977 1312 1055 tritius,

131 1082 179 1165 qui
199 1083 251 1146 οὐκ
275 1081 339 1162 ἔχω
363 1078 443 1154 ὅπως
467 1081 633 1162 χρήσωμαι
657 1079 806 1145 dicebant
833 1090 861 1146 ei
888 1083 941 1146 οὐκ
965 1078 1050 1162 εἶχεν
1072 1078 1151 1156 ὅπως
1175 1083 1313 1165 χρησαί-

129 1211 191 1265 μην.
238 1187 370 1252 Scribae
401 1206 494 1271 saepe
527 1205 583 1272 pro
615 1187 779 1266 χρήσωμαι
815 1185 891 1251 dare
922 1187 1025 1252 soient
1055 1191 1231 1269 χρήσομαι,
1256 1189 1311 1254 sed

130 1295 280 1358 nerninem
307 1291 372 1358 sere
398 1291 524 1358 iaiiunt.
558 1291 688 1368 Ὀπως,
713 1289 795 1368 θτις,
820 1290 906 1368 ίτι,
927 1293 1050 1370 θπθθεν,
1077 1289 1160 1374 irco,
1185 1283 1256 1361 ἔνθα
1280 1304 1311 1360 et

131 1400 236 1465 simiiia
271 1397 389 1465 babent
421 1400 684 1476 coniunctium,
717 1399 772 1463 ubi
797 1399 971 1484 praecessit
998 1399 1144 1483 negatio,
1171 1399 1224 1464 ubi
1250 1421 1311 1466 non

131 1505 296 1590 praecessit
320 1505 393 1570 boni
418 1505 592 1590 scriptores
616 1511 803 1570 constanter
827 1502 947 1570 iuturis
972 1503 1138 1570 indicativi
1163 1515 1311 1572 utuntur.

131 1611 323 1698 Quicumque
350 1611 408 1676 buc
432 1612 612 1677 sexcenties
644 1611 740 1686 ridit,
764 1620 821 1675 aut
845 1610 930 1676 inter
954 1609 1124 1694 legendum
1148 1630 1245 1696 quam
1271 1611 1313 1676 sit

131 1729 206 1784 certa
231 1719 310 1784 baec
335 1718 419 1783 ratio
443 1718 582 1804 experiri
607 1716 708 1794 votet,
733 1737 859 1782 mecum
886 1716 1045 1783 Pcrrooau
1078 1719 1109 1782 in
1139 1716 1313 1805 Protcporc

131 1824 304 1910 115481).
336 1823 424 1908 turpi
459 1824 535 1887 vitiu
560 1823 718 1888 liberabit.
765 1823 882 1888 Editur
912 1825 1029 1904 περιϊών
1052 1823 1141 1905 ζητεῖ
1161 1823 1219 1905 ὅτῳ
1245 1825 1312 1891 ε’πι·

130 1929 254 2007 δείξηται
280 1931 333 1996 καί
357 1931 425 2010 μεθ’
449 1924 518 1994 ὅσον
541 1929 775 2008 βεβαιώσηται,
809 1948 870 1993 nun
896 1931 999 2014 potuit
1024 1929 1229 2016 philosophus
1253 1930 1312 1996 ati-

132 2043 173 2101 ter
200 2036 342 2102 scribere
374 2055 469 2122 quam
501 2033 687 2111 ἐπιδείξεται
716 2046 748 2100 et
779 2035 1012 2114 βεβαιώσεται,
1038 2036 1309 2122 quemadmodum

130 2142 203 2228 apud
236 2145 462 2210 Deuosrueneu
493 2150 580 2207 recte
611 2141 768 2228 scriptum
798 2148 847 2206 est
878 2142 915 2206 de
949 2141 1065 2206 Corona
1090 2163 1119 2227 p.
1146 2146 1232 2220 230,
1261 2147 1311 2207 16.

131 2249 206 2334 ἑτέρῳ
236 2252 262 2316 δ’
295 2248 352 2330 ὅτῳ
376 2248 470 2314 κανών
492 2271 522 2313 τι
545 2247 679 2324 δώσομεν
703 2247 805 2329 ζητεῖν
829 2255 860 2311 et
885 2249 1004 2332 passim
1028 2246 1112 2333 apud
1137 2247 1227 2314 aiios.
1274 2247 1310 2314 ln

131 2354 236 2421 tatibus
268 2354 416 2422 Graecoii
449 2353 601 2419 errabant
625 2361 681 2418 aut
705 2352 839 2418 Romani
871 2351 990 2420 Graece
1015 2353 1248 2431 balbutientes,
1277 2363 1312 2420 ut

133 2461 275 2528 dacianus
300 2462 332 2524 iu
358 2459 392 2526 V.
415 2459 457 2526 H.
483 2459 521 2525 ll.
552 2464 601 2525 10.
626 2461 680 2524 οὐκ
700 2455 783 2541 εἶχεν
807 2453 873 2523 ώποι
890 2461 965 2526 ποτὲ
985 2459 1078 2526 αὐτὸν
1097 2459 1312 2526 territoreas,

131 2563 255 2633 Graecos
283 2568 368 2653 ipsos
400 2565 543 2632 cruditos
568 2564 608 2629 ab
633 2563 813 2630 istiusmodi
838 2566 925 2630 vitiis
949 2566 1018 2652 ipsa
1042 2567 1235 2632 Graecitatis
1262 2567 1310 2631 in-

132 2671 296 2759 telligentia
332 2674 411 2738 satis
443 2670 641 2736 defendebat.
689 2671 801 2757 Itaque
835 2671 1012 2754 genuinum
1043 2681 1195 2749 nonest,
1226 2671 1312 2759 quod

131 2775 236 2864 legitur
268 2784 307 2854 7,
337 2783 389 2844 15.
415 2780 448 2842 οὐ
471 2778 534 2858 γὰρ
558 2775 596 2841 ἂν
619 2775 746 2858 εἴχομεν
770 2777 841 2856 πρὸς
862 2771 881 2839 ώ
900 2800 930 2840 τι
956 2774 1086 2843 ἔλαττων
1107 2779 1312 2858 παραθεω·
1399 2848 1402 2854 ,

129 2892 240 2964 ρώμεν
265 2884 377 2959 αὐτόν,
404 2882 458 2948 sed
483 2885 727 2965 παραθεωριῑμεν
752 2882 970 2948 necessarium
1002 2891 1050 2948 esc
1080 2893 1111 2949 et
1136 2905 1152 2948 a
1178 2884 1310 2950 bucmuo

130 2995 289 3079 scripturn.
341 2991 482 3057 Verbum
516 2992 756 3071 παραθεωρῶμεν
785 3008 823 3055 ex
849 2991 944 3055 unico
967 2987 1049 3053 libro
1073 2987 1126 3054 sed
1152 2991 1312 3078 antiquis-

130 3098 202 3164 simo
231 3112 253 3164 Β
286 3107 449 3164 serratum
486 3097 571 3174 (nam
605 3097 724 3161 caeteri
757 3115 867 3160 onmes
899 3095 1082 3174 repudium
1111 3095 1312 3187 praeierunt)

130 3205 354 3270 restituendum
381 3211 431 3269 est
464 3207 526 3282 10,
558 3207 610 3268 bb.
638 3201 691 3267 ubi
723 3200 878 3267 scribitur
902 3201 936 3276 ήν
960 3201 1004 3280 μή
1028 3203 1312 3286 περιθεωρήσης

129 3303 264 3384 ἅπαντας
284 3310 394 3388 ἐπιών,
418 3316 453 3374 at
477 3309 654 3394 requiritur
674 3307 995 3390 παραθεωρήσῃς,
1020 3305 1104 3394 quud
1126 3328 1211 3374 unus
1230 3309 1313 3376 liber

129 3417 276 3497 pessimae
307 3427 401 3483 notae
430 3415 545 3480 obtoiit
578 3413 632 3482 sed
657 3434 732 3480 cum
757 3423 889 3478 auctore
913 3423 1057 3500 spretum
1089 3421 1159 3482 est:
1185 3425 1219 3481 at
1242 3436 1313 3482 sac·

131 3539 177 3604 pe,
207 3533 240 3588 ut
271 3524 302 3588 in
336 3521 505 3608 proverbio
536 3531 605 3599 est,
638 3521 690 3586 καί
719 3520 816 3600 μωρὸς
847 3521 920 3601 θνήρ
952 3520 1045 3599 μάλα
1069 3522 1181 3602 καίριον
1204 3517 1309 3600 εἷπεν,

130 3635 157 3690 et
185 3632 414 3711 παραθεωρήσης
445 3648 484 3695 er
525 3649 558 3693 se
591 3628 660 3713 ipso
690 3625 902 3714 spectandum
935 3635 1004 3691 erat
1035 3637 1066 3692 et
1100 3626 1311 3712 probandum.

132 3729 239 3799 dudem
264 3734 405 3802 remedio
438 3722 595 3800 utendum
626 3739 686 3813 10,
716 3739 773 3811 11,
799 3737 828 3798 θ.
853 3735 887 3798 οὐ
912 3734 974 3815 γὰρ
998 3729 1083 3815 εἶχεν
1108 3731 1177 3798 ἔνθα
1199 3733 1238 3799 ίαν
1262 3733 1312 3799 δί-

130 3835 225 3912 ξαιντσ
255 3841 307 3918 obi
339 3840 379 3907 σίν
409 3863 427 3906 a
459 3839 541 3907 maia
569 3859 667 3906 manu
689 3847 737 3906 est
763 3848 795 3904 et
825 3839 1094 3924 expungendum,
1119 3841 1166 3905 sic
1190 3850 1222 3906 et
1248 3844 1310 3918 tu,

133 3947 178 4010 15.
201 3949 251 4013 νύιι
282 3946 362 4030 ἔχων
394 3950 425 4020 ἐς
456 3944 475 4011 ὅ
500 3972 529 4012 τι
562 3947 779 4028 ἐρασμιώτερον
809 3944 901 4010 αὑτὸν
929 3945 1109 4025 μεταβώλσι
1140 3945 1206 4011 οὐδὲ
1230 3941 1310 4017 ὅπως

131 4047 164 4112 ἄν
192 4052 369 4136 διαφθείρειε
401 4059 454 4120 τσῦ
485 4054 636 4136 Ἀκρισίου
667 4054 722 4128 τήν
754 4049 905 4135 φρωνρών,
940 4051 1028 4117 rides
1060 4050 1099 4117 ών
1133 4051 1312 4116 insiticium

131 4176 209 4232 csse:
239 4164 275 4238 7,
303 4165 335 4228 5.
369 4163 402 4228 ιώ
433 4161 496 4242 γὰρ
528 4161 609 4243 ἔχων
641 4161 655 4224 d
686 4158 851 4242 ζῳγράφος
883 4155 946 4224 ὅθεν
977 4156 1106 4237 ἐξώψει,
1140 4157 1205 4221 imo
1238 4175 1313 4222 vero

132 4263 255 4343 ε’ξθψειε.
301 4266 544 4333 Eiusdemmodi
575 4266 642 4332 iere
670 4285 761 4332 error
793 4273 841 4331 est
866 4267 929 4342 tt,
962 4267 1015 4330 58.
1041 4262 1252 4341 ἐσκοπούμεθα
1282 4261 1313 4328 δὲ

133 4370 267 4453 περὶτῶν
290 4374 447 4458 παρόντων
470 4369 539 4441 ώτι
571 4372 739 4460 πρώξομεν.
789 4372 826 4437 ln
850 4371 1022 4438 Paurancur
1050 4369 1162 4440 Getone
1196 4369 1314 4435 maiore
