3178 4972
841 369 888 442 30

272 569 380 649 bitus,
405 587 470 655 quo
493 565 654 645 diximus,
678 565 791 633 Attidis
811 563 1024 653 scriptoribus
1044 565 1211 653 egregium
1232 568 1295 634 erit
1313 567 1462 635 emenda·

273 676 371 741 tionis
395 672 586 740 subsidium.
1565 761 1566 766 ἵ

318 782 490 850 Atticorum
511 778 730 846 imitatoribus
750 797 820 844 sero
841 779 943 852 natis,
970 797 1106 864 quorum
1131 798 1229 846 eausa
1251 778 1334 847 bano
1353 779 1462 866 ‹lispu-
1565 769 1566 772 '

273 887 426 953 lationem
452 886 589 971 ingressi
614 904 748 962 sumus,
775 884 910 964 lloems,
936 884 1129 952 Puurmeeus
1157 887 1342 972 caeterique
1363 887 1463 972 magi·

272 994 332 1060 stri
357 1012 418 1058 non
445 1011 577 1078 prorsus
607 988 719 1056 eodem
745 989 838 1056 ttrodo
862 988 1038 1077 proderunt
1066 989 1121 1056 sed
1146 989 1208 1057 alio
1232 1011 1295 1065 non
1321 991 1461 1060 multum
1565 993 1566 1071 l

272 1098 433 1166 dissimili.
482 1097 562 1178 Quis
594 1097 679 1164 enim
712 1098 796 1162 serio
821 1097 852 1161 io
878 1097 1022 1162 animum
1057 1095 1210 1164 inducere
1239 1097 1300 1163 sibi
1325 1099 1462 1184 poterit,

272 1225 354 1292 quae
386 1205 457 1270 istis
489 1203 655 1289 magistris
687 1211 751 1268 tant
788 1210 861 1268 nota
891 1213 922 1268 et
951 1210 1120 1288 ,perspecta
1147 1202 1230 1282 sint,
1260 1223 1298 1270 aa
1330 1203 1464 1269 Luerruo

272 1322 304 1378 et
329 1313 511 1377 dooreosom
535 1319 591 1375 aut
614 1310 722 1393 ignota
743 1316 775 1374 el
798 1306 942 1375 inaudita
968 1329 1038 1375 esse
1062 1317 1118 1375 aut
1141 1309 1304 1376 nonsatis
1326 1309 1463 1376 lirmiter
1565 1311 1566 1382 ζ

273 1418 390 1484 enirnis
412 1419 587 1504 impresso,
611 1425 645 1481 ut
666 1413 889 1501 imprudentes
901 1422 933 1480 et
945 1414 1025 1481 alias
1043 1434 1095 1482 res
1113 1423 1244 1502 agentes
1257 1417 1463 1484 immemores

273 1523 387 1589 harum
414 1523 520 1608 legum
546 1522 577 1586 iu
603 1540 729 1587 errores
753 1519 856 1588 delabi
883 1521 1055 1606 potuerint.
1103 1521 1223 1608 Ecquis
1251 1523 1379 1607 estqui
1407 1541 1462 1609 pu·

274 1636 319 1696 let
339 1629 512 1713 magistros
532 1629 616 1693 eolre
635 1625 742 1693 ῦπεισι
763 1625 844 1692 bene
867 1627 1020 1694 Graecum
1038 1647 1129 1706 esse,
1150 1647 1211 1692 non
1233 1627 1462 1705 ῦπσλεῦσνποοι,
1565 1617 1566 1650 r

272 1735 471 1800 buorruuuet
485 1735 698 1800 doorreuoumr
720 1733 865 1812 nescire,
886 1732 935 1799 vel
958 1731 1051 1798 modo
1070 1734 1273 1813 meminisse,
1296 1733 1389 1801 modo
1409 1735 1462 1800 ob·

273 1841 398 1907 livisci?
432 1839 511 1921 Quis
531 1850 597 1905 tam
617 1848 667 1906 est
687 1847 830 1905 veterum
854 1839 1115 1906 membranarum
1142 1839 1249 1926 inepte
1274 1837 1399 1920 fautor,
1427 1851 1463 1908 ut
1565 1843 1566 1856 ¹

274 1967 334 2012 non
361 1946 420 2013 boe
446 1945 605 2012 fateatur?
655 1943 687 2010 Si
713 1944 792 2011 mibi
817 1944 877 2011 boo
900 1944 1027 2012 dederis
1052 1944 1197 2011 falsarios
1219 1954 1368 2013 tenemus
1391 1966 1463 2013 ma·

274 2052 416 2120 nilestos.
464 2051 600 2118 liosdom
627 2061 767 2138 arguunt
793 2050 966 2119 lectionum
993 2051 1238 2139 discrepantiae.
1273 2051 1463 2120 ldemoravi-
1565 2053 1566 2082 ί

274 2181 347 2226 mus
371 2178 468 2246 supra
500 2156 628 2225 dicendi
663 2158 799 2235 uitium,
832 2178 896 2244 quo
926 2158 1075 2224 Graeculi
1106 2178 1164 2245 pro
1191 2162 1288 2243 οὶνιρσᾷ
1311 2157 1463 2226 dicebaut

273 2269 439 2349 οὶιιροῖισοιιε
473 2264 584 2332 lelellit
614 2284 667 2330 eos
698 2263 863 2349 analogiae
894 2265 1018 2350 speeies
1041 2265 1074 2332 in
1098 2264 1264 2348 ῦνρίοοσοιι,
1294 2264 1465 2346 τεθέασαι,

273 2371 460 2454 πεπείρασαι
490 2369 715 2456 similibusque
738 2381 770 2436 et
796 2368 987 2436 manifestus
1018 2390 1110 2437 error
1140 2380 1201 2438 est.
1250 2369 1331 2436 lline
1361 2372 1463 2458 igitur

274 2481 307 2542 in
332 2480 533 2543 deormuoms
556 2479 677 2563 optimo
700 2475 811 2543 eodioe
838 2475 1081 2554 Vindoboaeasi,
1112 2476 1168 2563 qui
1193 2477 1300 2544 littera
1324 2489 1348 2543 Β
1373 2487 1462 2545 nota·
1565 2503 1566 2518 ¹

274 2595 345 2662 tur,
378 2593 453 2650 nata
485 2583 646 2670 scriptura
678 2592 727 2650 est
758 2581 813 2650 lll.
851 2589 900 2647 rt.
936 2587 975 2659 5,
1012 2583 1192 2662 ιὶμιοιοοῦσονι
1227 2591 1299 2657 τοῖς
1334 2585 1462 2661 delente

273 2690 442 2767 τουτοισί,
467 2709 564 2777 quam
591 2709 648 2777 pro
672 2709 730 2754 sua
762 2686 954 2754 Graecitatis
989 2689 1104 2774 peritia
1140 2689 1316 2756 Wmumus
1340 2691 1463 2778 reeepit
1565 2741 1566 2790 t

274 2817 332 2885 pro
351 2798 497 2882 σῦριινιοιρῐ,
518 2795 651 2883 perinde
670 2815 741 2862 esse
760 2802 931 2860 arrnotans.
957 2792 1234 2878 Quemadmodum
1254 2797 1461 2883 igituruium·
1565 2845 1566 2888 l

273 2907 371 2969 οῦσιιι
404 2911 537 2990 apparet
570 2900 679 2968 deberi
713 2899 869 2967 Graeculo
901 2897 940 2964 ad
975 2900 1157 2988 aequalium
1194 2901 1460 2970 consuetudinem

274 3008 458 3086 aberranti,
491 3008 537 3072 sio
561 3007 744 3072 deotrsoom
775 3005 930 3093 iniputari
962 3026 1023 3071 non
1048 3027 1140 3094 posse
1164 3008 1304 3074 arbitror
1328 3009 1407 3076 uitia
1429 3019 1463 3077 el
1565 3087 1566 3092 ρ

274 3131 400 3178 errores
424 3111 623 3178 huiusmodi:
651 3112 673 3178 l.
701 3117 755 3180 28.
780 3117 821 3190 2,
846 3112 1019 3188 ονονπνέεισ.
1044 3116 1172 3202 bragm.
1200 3123 1239 3194 l,
1264 3119 1461 3199 προσπνὲσιν,
1565 3095 1566 3181 J

273 3219 297 3285 l.
323 3223 377 3284 28.
405 3225 443 3297 1,
476 3218 599 3299 οῦερνῦο.
634 3219 687 3285 ΙΙΙ.
713 3225 768 3284 bl.
794 3223 834 3296 5,
866 3219 951 3290 deda.
983 3219 1038 3286 ltl.
1064 3225 1126 3299 26,
1156 3228 1371 3307 apocatasticus
1404 3245 1462 3311 pm

273 3329 468 3408 νροιοφιπι.
495 3323 548 3390 ιιι.
574 3329 629 3390 22.
656 3327 697 3404 ν,
730 3323 859 3399 novo..
886 3325 940 3391 ιιι.
965 3329 1019 3391 οι.
1047 3332 1088 3406 a,
1113 3327 1232 3396 τινοιν.
1261 3329 1319 3396 111.
1346 3333 1397 3396 ιο.
1423 3335 1461 3408 e,

272 3431 431 3516 ῦπεοεῦσν
455 3451 513 3519 pro
534 3429 619 3498 οῦπει.
653 3431 676 3497 l.
700 3436 752 3497 56.
780 3440 818 3510 t,
850 3433 882 3496 do
906 3438 1100 3514 Μυρρινοῦντι
1125 3453 1182 3521 pro
1202 3434 1353 3502 adverbio
1377 3445 1461 3518 Μυρ
1565 3425 1566 3508 ζ

272 3544 414 3622 ρινοῦνπι,
452 3545 487 3603 ul
510 3543 710 3617 Ῥαμνοῦντι,
742 3541 904 3617 Ἀγνοῦντι
937 3538 1060 3626 (Suara.
1097 3541 1168 3607 llrz.
1202 3542 1234 3607 in
1262 3561 1291 3606 v.
1315 3543 1460 3632 Ἁγνοῦς)
1565 3543 1566 3612 l

273 3643 355 3722 alia,
381 3645 410 3709 lv
431 3649 628 3724 Μυρρινοῦντι
651 3653 717 3710 lam
744 3663 877 3730 pravum
902 3653 953 3711 est
977 3665 1014 3710 ao
1036 3646 1063 3710 si
1084 3647 1157 3733 quis
1176 3649 1207 3712 ἓν
1225 3650 1344 3728 Ἰσθμοῖ
1362 3648 1410 3715 rel
1430 3652 1461 3714 ἐν

274 3749 471 3829 Ὀλυμπίοιο
493 3749 588 3816 uellet
604 3748 726 3818 dicere:
752 3771 852 3836 aeque
871 3751 1023 3816 vitiosum
1042 3762 1107 3830 est,
1132 3771 1327 3839 quamquam
1351 3754 1462 3821 inultis

275 3876 336 3921 non
350 3856 493 3930 ridetur,
516 3856 547 3920 ἐν
559 3859 733 3938 Μοιροιῦιῦνι.
755 3857 778 3922 Ι.
793 3861 846 3923 tlt.
865 3863 894 3934 1,
915 3857 951 3922 τὸ
962 3857 1053 3938 χρέος
1071 3878 1128 3944 pro
1140 3859 1176 3924 rb
1187 3860 1295 3942 χρεών.
1317 3859 1358 3926 ΙΙ.
1373 3865 1403 3925 2.
1419 3865 1460 3940 3,

273 3962 503 4042 ςυμνλεῦεσῦοοι
534 3981 592 4049 pro
626 3963 856 4044 ςυμῦλλισίοιι.
892 3963 932 4028 ll.
966 3968 997 4029 2.
1021 3969 1062 4044 9,
1099 3958 1262 4040 daducium
1293 3986 1351 4053 pro
1381 3967 1460 4032 οίπέ-
1565 3955 1566 3980 ³

274 4085 378 4135 λοουεν.
413 4069 452 4135 ΙΙ.
478 4075 508 4135 5.
536 4075 576 4149 5,
600 4071 806 4137 κοντοοιίποιπο
830 4089 887 4157 pro
911 4073 1143 4138 καταλείποιτο.
1184 4070 1225 4136 ΙΙ.
1252 4078 1283 4138 b.
1311 4077 1371 4149 lb,
1389 4093 1462 4150 1γον·
1565 4079 1566 4118 l

273 4176 546 4259 τριμοιντεῦοσίοιι,
577 4196 640 4263 qua
672 4174 774 4243 lorma
808 4177 944 4264 pessime
969 4177 1114 4262 analogia
1135 4178 1366 4263 corrumpitur.
1403 4177 1460 4245 111.
1565 4179 1566 4234 l

275 4288 305 4350 3.
333 4287 368 4359 l,
392 4282 550 4363 χρυσίνους
575 4303 633 4369 pro
655 4289 799 4366 χρυσοῦς.
836 4282 893 4349 lll.
921 4287 975 4349 47.
1002 4288 1042 4359 5,
1072 4285 1124 4349 ria
1150 4283 1301 4366 ῦδρορρδοον
1326 4303 1382 4371 pro
1406 4287 1462 4362 τῦιν
1518 4331 1520 4335 -
1565 4271 1566 4332 ἶ

274 4389 433 4470 ῦδρορροιίν.
460 4386 537 4454 ibid.
563 4388 768 4469 κοτενιρῦβιιν.
807 4389 862 4455 tlt.
888 4392 953 4467 tu,
980 4393 1018 4466 l,
1040 4389 1160 4468 ἀμοιβή
1185 4408 1242 4475 pro
1264 4388 1368 4472 χάριν.
1403 4389 1460 4456 ill.

274 4497 329 4562 59.
355 4491 619 4582 1,συνδεύνρνυ
644 4493 764 4561 συνδοῦν.
789 4495 844 4562 lll.
870 4499 922 4561 52.
950 4499 989 4572 5,
1013 4497 1156 4573 νίσετοοι.
1187 4495 1301 4584 (reete.
1325 4491 1380 4561 ill.
1406 4499 1460 4562 to.
1565 4499 1566 4512 ¹
