3160 4972
803 335 875 405 420

243 539 353 598 contra
376 541 425 598 est
446 533 602 598 obtestari.
650 529 733 611 Quid
756 529 879 596 multat
905 529 1142 610 ἐπιμαρτυρήσει
1164 531 1232 616 ipse
1255 528 1429 597 Herodotus

243 635 280 701 V.
306 641 348 704 92
374 637 406 702 in
427 636 503 704 fine:
530 635 912 721 ἐσιμαρτυρίμεία-μίρ
935 635 1103 706 αατιςοίναι
1126 635 1304 718 τυραννίδας
1322 638 1352 712 ἐς
1370 637 1428 710 τὰς

242 741 343 816 πόλις.

290 848 337 914 td
384 847 601 918 ernendandas
638 849 786 918 Herodoti
825 849 983 916 Historias
1018 857 1074 916 aut
1110 869 1224 935 parum
1259 859 1317 916 aut
1351 847 1430 916 nihil
1552 889 1553 892 =

243 953 389 1022 conterre
414 953 504 1022 video
527 957 665 1024 aliorum
697 957 892 1044 scriptorum
927 955 1102 1022 Herodotea
1136 955 1338 1023 laudantium
1370 965 1430 1022 tes·

242 1059 377 1126 timouia
409 1059 448 1127 ab
478 1061 665 1130 Editorilrus
696 1061 807 1130 sedulo
840 1061 982 1148 undique
1013 1060 1156 1128 collecta.
1204 1061 1271 1128 Non
1298 1062 1429 1130 memini

244 1184 345 1232 unum
370 1187 439 1234 esse
463 1168 612 1236 Herodoti
638 1170 763 1247 locum,
789 1169 844 1255 qui
866 1170 896 1233 in
918 1167 1086 1234 codicibus
1106 1167 1301 1255 depravatus
1318 1166 1431 1236 exalto

245 1273 402 1359 scriptore
426 1275 468 1340 sit
492 1275 524 1341 in
550 1277 714 1361 integrum
740 1277 935 1352 restitutuS,
959 1281 1110 1359 atquem
1136 1275 1205 1361 ipse
1229 1275 1332 1360 reperi
1362 1275 1428 1340 uni·

244 1398 336 1456 curn,
360 1381 391 1446 in
416 1401 453 1447 eo
477 1381 568 1450 video
591 1381 742 1448 Codicum
768 1381 963 1466 scripturam
985 1379 1177 1446 deteriorem
1192 1377 1430 1447 abllditorilms

242 1487 398 1572 potiorem
424 1487 544 1555 halieri.
593 1489 695 1554 Locus
726 1496 775 1554 est
805 1484 889 1572 apud
921 1483 1118 1556 Herodotum
1145 1485 1181 1554 V.
1206 1490 1259 1552 87.
1281 1483 1378 1553 αὗται
1400 1487 1431 1552 δὲ

242 1593 277 1658 αί
301 1591 364 1667 νέες
388 1595 410 1658 σί
418 1617 432 1674 ρ
440 1597 493 1674 χίρ
517 1602 646 1661 κακῶν
669 1593 807 1672 ἐγίνοντο
828 1591 966 1668 Ἕλλησί
984 1609 1019 1658 τε
1040 1591 1092 1658 καί
1113 1591 1310 1674 βαρβάροισι.
1349 1591 1430 1660 ludi

243 1715 330 1764 nunc
345 1698 552 1766 Plutarchum
572 1700 609 1766 de
625 1699 757 1786 Mation.
778 1697 894 1766 Herod.
916 1719 945 1784 ρ.
959 1701 1037 1764 861.
1056 1717 1086 1762 ιι.
1105 1696 1191 1763 hunc
1204 1699 1310 1785 ipsum
1324 1697 1431 1766 locum

243 1804 476 1887 exagitantem:
501 1805 539 1878 ἃς
559 1807 713 1881 Ἀθηναῖοι
731 1809 804 1879 ναῦς
823 1804 1007 1884 ἐξέπεμψαν
1023 1807 1107 1868 Ἴυσι
1127 1805 1273 1886 τιμωροὺς
1292 1807 1431 1875 &nescim

241 1896 398 1987 βασιλέως
422 1912 714 1977 'APXEKAKOTC
745 1909 899 1990 deditaeque
930 1917 1114 1991 προσειπεῖν.
1162 1910 1209 1976 En
1236 1930 1343 1978 veram
1370 1909 1432 1978 len·

242 2015 378 2082 tioneml
404 2012 501 2083 αὗται
532 2016 563 2083 δὲ
595 2019 628 2082 αί
662 2017 724 2090 νίερ
757 2017 981 2097 αρχίκακοι
1015 2015 1163 2095 ἐγίνοντο.
1214 2016 1260 2083 Διί
1294 2015 1372 2084 haec
1400 2025 1432 2086 et

242 2120 316 2188 olim
350 2131 383 2188 et
414 2141 501 2188 nunc
532 2121 682 2190 omnibus
714 2123 824 2190 statim
859 2123 891 2188 in
924 2131 1065 2188 mentem
1098 2122 1233 2188 veniunt
1262 2121 1432 2192 Homerica

242 2227 333 2296 lliad.
357 2239 394 2296 Ε.
419 2233 473 2297 65.

467 2331 498 2409 ὃς
522 2336 575 2402 καί
600 2333 791 2418 *Αλεξάνδρου
814 2335 984 2412 τεκτήνατο
1007 2343 1080 2412 νῆας
1105 2335 1191 2412 ἐίσας

466 2439 675 2524 ἀρχεκάκους,
700 2437 735 2509 αί
758 2445 837 2509 πᾶσι
856 2445 950 2510 κακον
972 2441 1108 2524 Τρώεσσι
1132 2442 1265 2523 γένοντο.

286 2548 366 2630 Quis
390 2569 451 2614 non
488 2547 573 2616 ridet
607 2546 803 2614 Herodotum
835 2551 886 2616 σὸν
918 2553 972 2614 σοῦ
996 2549 1132 2630 ὀμίρου
1156 2550 1293 2632 ζηλωτὴν
1317 2551 1357 2617 de
1379 2555 1430 2618 ιἰι-

239 2656 361 2722 dustria
385 2654 537 2722 vocabulo
563 2653 730 2721 Homerico
754 2674 824 2720 esse
848 2673 964 2733 usum,
988 2663 1023 2721 ut
1047 2655 1080 2720 in
1106 2654 1262 2722 lectorum
1287 2664 1320 2723 et
1339 2656 1428 2724 audi·

240 2771 347 2829 torunr
379 2763 498 2828 animis
530 2762 629 2826 tacita
661 2759 912 2826 suhnasccretur
945 2763 1141 2846 eortaparatio
1173 2761 1258 2828 inter
1284 2761 1366 2830 mala
1397 2773 1430 2831 et
1551 2751 1552 2775 ¹

239 2869 457 2944 calamitates,
482 2887 561 2953 qttas
585 2864 703 2933 bollum
727 2867 921 2944 Troianum,
941 2875 973 2932 et
993 2886 1074 2953 quas
1096 2865 1177 2933 bella
1198 2867 1428 2937 Persicaattu·

237 2973 367 3041 iissent:
393 2971 476 3059 quod
502 2993 601 3059 quum
626 2993 689 3039 uno
709 2973 775 3039 solo
799 2971 896 3039 verbo
915 2972 995 3039 scite
1016 2972 1184 3061 lepideque
1205 2972 1334 3042 lecisset
1348 2976 1428 3042 sori·
1550 2965 1551 3034 l

238 3079 354 3146 barum
385 3077 529 3146 socordia
563 3087 765 3146 venustatem
799 3097 927 3145 omnem
961 3085 994 3145 et
1024 3077 1164 3166 leporem
1190 3080 1251 3146 loci
1281 3078 1427 3148 funditus

238 3184 382 3252 sustulit.

285 3289 400 3358 Herod.
426 3291 462 3356 V.
491 3295 565 3358 106.
598 3291 752 3372 ἐπόμνυμι
772 3328 818 3340 -
835 3293 879 3371 μίν
910 3291 967 3370 μὲν
997 3289 1137 3374 πρότερον
1161 3291 1354 3360 esttenete
1376 3297 1427 3362 riv
1549 3347 1550 3356 ,

236 3399 355 3466 ustrina.
403 3397 470 3465 Non
505 3397 690 3466 meminisse
723 3395 872 3464 Editores
901 3395 1087 3464 ἐκδύσασθαι
1119 3417 1178 3485 pro
1209 3397 1333 3466 ἐκδῦναι
1357 3421 1427 3469 essa
1549 3393 1550 3413 ³

236 3505 427 3573 barbaruml
460 3505 498 3571 lit
517 3503 717 3572 llindortium
732 3503 863 3590 quidem
881 3503 1086 3571 festinantem
1107 3503 1140 3570 id
1160 3503 1259 3590 fugit:
1283 3505 1427 3576 Steinitrs

236 3632 433 3701 quamquam
467 3611 652 3678 admonitus
689 3610 882 3678 Herodotum
917 3630 1013 3677 suum
1053 3609 1256 3693 βαρβαρίζειν
1293 3613 1426 3699 patitur.

236 3721 406 3788 Praeterea
427 3719 580 3798 ε’σίμνυριι
601 3717 720 3783 clamat
741 3722 886 3806 [uturum
908 3717 981 3804 poni
1001 3726 1167 3803 oportere:
1196 3737 1257 3784 non
1279 3717 1426 3788 audiunt.

284 3824 398 3892 Herod.
424 3825 477 3891 Vl.
508 3830 558 3891 rt.
584 3827 637 3892 οὐκ
657 3823 719 3906 ἔχοι
741 3823 891 3907 σίσρειιίυς
916 3822 1104 3906 συγγράψαι
1126 3822 1231 3897 οἵτινες
1250 3832 1308 3892 τῶν
1327 3827 1428 3894 Ἰώνων

236 3930 374 4012 ἐγίνοντο
398 3928 502 4012 ἄνδρες
522 3931 610 3998 κακοί
635 3931 665 4020 [ἢ
687 3931 815 4017 ὦγαθοί]
842 3931 872 3996 ἒν
890 3939 928 4014 τῇ
950 3929 1113 4014 ναυμαχίῃ
1132 3930 1249 4014 radan·
1270 3933 1426 4008 ἀλλήλους

236 4039 300 4120 γὰρ
317 4043 550 4110 κασαισιῶνσαιι
598 4035 821 4104 Pessumdcdit
841 4035 949 4102 omnia
967 4036 1206 4122 ineptissimum
1227 4035 1425 4106 additamen-

236 4153 306 4212 tum
332 4144 349 4221 ἢ
375 4144 507 4224 ἀγαθοί,
533 4143 616 4232 quod
642 4153 674 4212 et
698 4163 773 4210 cum
795 4142 857 4208 loci
878 4143 1038 4210 sententia
1062 4149 1185 4229 pugnat
1203 4151 1236 4209 et
1256 4141 1425 4211 verborum

234 4251 458 4338 cornpositioni
480 4251 586 4338 aptari
608 4271 670 4318 non
692 4257 810 4337 potest:
836 4269 910 4316 narn
932 4249 1053 4316 Graeca
1073 4257 1240 4315 structura
1261 4257 1305 4316 cst
1323 4247 1425 4324 οίσινίσ

233 4383 268 4425 σε
294 4355 397 4440 ἄνδρες
421 4358 533 4437 airaldi
547 4355 682 4437 ἐγίνοντο
703 4357 755 4424 καί
775 4354 879 4431 οἵτινες
900 4358 998 4424 κακοί.
1025 4353 1150 4422 Soiolus
1162 4355 1218 4443 qui
1236 4357 1425 4424 rnetninerat

235 4484 297 4531 non
322 4485 434 4532 omnes
458 4464 553 4532 lones
577 4461 682 4530 officio
707 4461 846 4530 doluisse
859 4461 899 4530 de
912 4482 971 4529 suo
991 4462 1138 4543 ἣᾰγαίσί
1149 4470 1353 4530 commentus
1364 4471 1422 4530 est.
