3208 4972
715 329 786 428 aad

162 555 294 626 ίίπαντα
317 551 469 634 ἔμβραχυ
501 548 560 618 ὅσα
583 552 647 622 isla
676 551 788 630 tyara
818 552 905 634 παραὶ
928 561 985 630 τῆς
1012 558 1165 638 ῥητορικῆς
1193 558 1353 640 μονονουχί

163 663 316 732 καίειίδων
339 659 448 739 λαβοίν
473 657 681 746 provulgata
707 656 842 724 lectione
870 654 1001 726 ἅπαντα
1024 661 1056 727 έν
1083 663 1206 746 βραχεῖ
1226 671 1257 731 et
1281 665 1356 751 quis

166 773 314 838 Pannonis
337 766 537 854 Sympocim
567 764 676 850 legens
706 762 879 830 ethorum
903 784 966 831 uon
995 767 1129 853 ignarus
1155 776 1212 835 aut
1244 769 1356 836 imme·

166 897 237 944 mor
261 895 290 962 p.
320 877 385 940 216
416 894 444 938 ν.
475 873 532 938 καί
559 895 611 951 μοι
642 867 741 948 ἔδοξεν
771 868 846 936 οὕτω
878 871 947 936 ίεῖα
979 874 1032 940 καί
1063 879 1168 957 χρυσοῖ
1192 871 1269 942 είναι
1301 874 1355 940 καί

164 983 326 1062 ποίγκαλα
350 979 403 1047 καί
427 979 579 1054 θαυματὰ
606 974 664 1047 ίίσε
687 976 825 1052 πονητέον
846 973 924 1044 είναι
950 979 981 1044 έν
1003 980 1126 1063 βραχεῖ
1146 977 1166 1047 ἔ
1185 1005 1215 1049 τι
1238 981 1356 1049 κελεύοι

166 1087 349 1171 Σωκράτης,
380 1083 454 1172 quis
476 1091 545 1162 est,
571 1084 722 1170 inquam,
754 1083 811 1169 qui
843 1101 905 1150 uon
930 1087 1040 1151 statinr
1065 1084 1215 1172 ἔμβραχυ
1247 1107 1357 1155 emcn-

165 1193 278 1263 dabit?
1075 1251 1082 1257 .

210 1298 434 1387 Negligentius
469 1294 580 1362 rocula
616 1293 768 1378 ἔμβραχυ
803 1293 951 1362 abutitur·
985 1298 1139 1365 duarenus
1173 1299 1212 1366 de
1245 1297 1286 1366 N.
1318 1298 1356 1366 A.

168 1408 238 1476 Vll.
264 1413 317 1473 41.
343 1406 397 1472 orlac
420 1401 610 1470 ἀπελείπετο
633 1401 666 1468 δέ
701 1403 797 1469 αὐτοῦ
823 1399 991 1484 ἔμβραχυ,
1016 1403 1213 1472 tibilitanas·
1237 1403 1358 1473 indica·

165 1514 214 1580 vit
237 1512 343 1579 locum
373 1531 411 1576 cx
446 1509 549 1574 Variis
582 1506 730 1573 Historiis
765 1506 819 1575 lll.
846 1511 899 1575 l'l.
931 1509 1075 1578 Φωκίωνα
1103 1511 1136 1578 δέ
1165 1511 1248 1579 οὐδέν
1274 1510 1355 1594 ciol-

166 1637 244 1696 λησε
276 1619 319 1686 τίν
351 1617 443 1684 πέντε
475 1615 530 1681 καί
560 1614 773 1695 ἐβδομήκοντα
802 1613 876 1692 ἔτη,
900 1614 981 1698 ν’ίπερ
1009 1615 1058 1686 οὖν
1088 1618 1246 1698 διεβίωσεν
1276 1618 1360 1686 οὐδέν

166 1727 318 1804 αδνκιὶσας
348 1725 418 1796 τοὺς
441 1722 617 1798 Ἀθηναίους
640 1721 671 1786 έν
702 1721 832 1802 βραχεῖ.
882 1720 977 1790 Vides
1002 1722 1088 1792 buno
1118 1745 1244 1814 qnoque
1277 1725 1360 1793 οὐδὲν

168 1832 320 1915 ἔμβραχυ
343 1828 479 1895 dedisse.
526 1826 594 1893 Non
619 1825 716 1892 oredo
740 1827 877 1894 Graecos
901 1830 970 1896 sine
995 1830 1064 1897 risu
1091 1831 1217 1899 Αεινινι
1238 1832 1360 1919 scripta

168 1940 275 2026 legere
307 1935 468 2025 potuisse,
500 1941 565 1998 tarn
590 1932 761 1999 misereat
789 1933 895 2020 inepte
920 1935 1042 2003 Graece
1066 1935 1203 2005 balbutit
1234 1945 1268 2005 ct
1298 1936 1359 2004 sibi

169 2043 308 2114 mirifice
340 2041 428 2128 loqui
460 2038 600 2106 ridetur.
648 2038 754 2119 Quum
784 2038 853 2107 vult
877 2039 1001 2108 dicere:
1033 2043 1128 2120 noni,
1152 2065 1229 2132 quor
1256 2044 1359 2125 uicit,

169 2157 287 2231 σεμνῶς
318 2147 400 2215 ποίνυ
416 2144 579 2242 ⁸ponit-rai
602 2143 655 2222 ἔτη
686 2142 766 2227 ι’ίπερ
788 2139 839 2212 οὖν
868 2146 1034 2227 διεβίωσεν.
1059 2145 1152 2231 ίσπερ
1177 2147 1227 2216 οὖν
1257 2150 1287 2215 ei
1311 2155 1361 2216 est

170 2259 203 2326 in
228 2255 354 2324 deliciis
378 2273 435 2340 pro
458 2249 500 2327 ἔς.
548 2253 584 2319 ln
609 2253 691 2319 libro
716 2251 782 2319 Vll.
806 2253 845 2318 dc
868 2249 908 2320 Ν.
929 2253 966 2318 Α.
991 2259 1122 2340 captiti
1146 2254 1261 2322 scribit
1284 2273 1360 2321 non.

170 2361 277 2429 nullos
299 2361 330 2426 in
357 2358 565 2424 dulcisonus
589 2358 657 2424 loco
679 2377 737 2445 pro
766 2357 925 2442 κεροέσσης
952 2358 1057 2446 legere
1080 2361 1219 2442 έροέσσης
1243 2380 1361 2448 eosque

170 2471 404 2537 Aursroenannu
436 2464 631 2531 Brcuurruuu
666 2461 819 2532 refellere.
882 2464 971 2533 Alter
1002 2465 1195 2533 bertrannus
1231 2465 1276 2534 ita
1311 2465 1361 2534 di·

170 2576 233 2642 cit:
258 2573 331 2656 πρὸς
351 2572 383 2638 δέ
406 2570 477 2640 τοδε
500 2576 744 2653 μοιχῶνται
768 2570 804 2637 cl
826 2571 937 2652 λεχίὲν
959 2572 1120 2652 έντιλέγει
1143 2572 1251 2640 κατὰ
1274 2571 1361 2655 κροί·

170 2704 239 2755 τος
262 2675 467 2761 Ἀροεοφοίνης
492 2676 506 2741 1
530 2675 706 2758 Βυζάντιος.
754 2676 791 2742 ln
814 2697 887 2764 cap.
911 2681 954 2743 11
979 2686 1091 2744 narrat
1115 2676 1262 2746 labellum
1287 2697 1362 2746 ean·

171 2786 265 2864 dena,
296 2803 392 2871 quarn
417 2801 515 2869 snpra
539 2803 557 2850 e
583 2781 769 2849 Florentino
798 2781 915 2849 codice
938 2783 1148 2870 apposuimus
1182 2803 1254 2871 pag.
1279 2787 1362 2863 nat,

173 2903 238 2960 tarn
264 2893 372 2978 inepte
395 2898 427 2956 ct
451 2887 559 2954 verbis
582 2890 817 2975 sententiisque
842 2898 907 2954 tarn
933 2887 1101 2969 absurdis,
1133 2897 1170 2956 ut
1197 2889 1362 2958 bertranni

172 2996 359 3065 stoliditatis
383 2993 521 3081 palmam
548 2996 731 3082 praeripere
753 3013 844 3082 possa
868 2991 1028 3062 videatur.

219 3102 383 3190 Opponarn
409 3099 459 3165 bis
483 3099 587 3166 locum
614 3098 759 3167 Oratoris
784 3100 902 3179 Attici,
927 3101 960 3166 in
993 3119 1056 3187 quo
1078 3099 1132 3167 illa
1156 3100 1361 3189 popularium

172 3210 295 3276 sanitas
319 3227 404 3272 nnnc
424 3204 554 3292 quidem
577 3223 638 3271 non
660 3215 793 3294 apparet
812 3204 866 3272 scd
888 3207 920 3272 io
943 3207 1106 3293 integrum
1127 3207 1258 3274 restitui
1273 3214 1363 3275 certa

172 3314 334 3383 medicina
368 3319 480 3398 potest.
529 3310 662 3398 Legitur
694 3332 780 3379 nunc
812 3311 897 3400 apud
929 3313 1041 3380 lsacuu
1068 3312 1156 3381 Orat.
1186 3313 1239 3382 lx.
1266 3316 1361 3399 511.

172 3423 267 3506 έχρνῑν
297 3421 349 3486 τὸν
379 3417 522 3495 Κλέωνα,
550 3416 601 3486 ίτε
636 3419 688 3484 τδν
716 3421 777 3486 alla
811 3418 864 3486 τίν
884 3419 992 3487 τούτου
1030 3421 1161 3487 έποιεῒτο
1190 3418 1363 3504 ’Λςίφιλοι

174 3527 227 3594 καί
255 3527 315 3600 τὰς
344 3526 490 3601 διαθήκας
523 3525 706 3603 κατέλειπε,
738 3523 960 3607 παρακαλέσαι
993 3524 1022 3592 εέ
1051 3525 1090 3605 γέ
1122 3550 1193 3592 τινα
1223 3533 1364 3605 συγγενῆ

174 3633 384 3713 ἐπιδημοῦντα
407 3631 579 3710 ἐγίγνωσκε
609 3631 662 3698 καί
686 3631 756 3705 τοὺς
781 3629 896 3706 ἄλλους
919 3627 978 3714 ίτςο
1008 3631 1059 3697 lari
1090 3628 1200 3714 βραχύ
1219 3654 1276 3714 περ
1300 3632 1363 3716 ᾔδει

175 3739 347 3821 ’Λτιίφιλον
368 3737 541 3819 χρώμενον,
571 3737 644 3822 quis
672 3735 832 3803 dubitabit
864 3756 991 3803 mecum
1020 3755 1173 3824 reponere
1205 3737 1269 3804 είτε
1291 3737 1363 3805 τιναί

175 3854 205 3914 et
230 3842 347 3928 ίτῳπερ
366 3840 516 3924 ἔμβραχυ
540 3843 603 3926 (ἔδει
625 3844 806 3926 Ἀντίφιλον
828 3841 1005 3926 χρώμενονί

220 3950 259 4018 ln
285 3952 303 4035 §
328 3952 379 4016 19.
404 3949 455 4014 έπί
479 3948 531 4014 τὸν
556 3950 622 4016 Δία
644 3950 841 4031 καταφυγὼν
864 3950 878 4016 ί
903 3957 1043 4028 γενναῖος
1066 3945 1131 4031 εὗρε
1159 3949 1195 4017 τὸ
1218 3950 1263 4030 μδι
1287 3951 1365 4016 απο-

175 4058 296 4134 ίανεΐν,
341 4073 403 4128 uon
447 4054 585 4131 ίονονιίί,
628 4053 684 4120 sed
721 4054 914 4140 impetrauit:
951 4054 1061 4141 itaque
1102 4053 1207 4122 scribe
1250 4053 1363 4137 εὕρετο.

176 4161 358 4247 Numquam
389 4159 474 4252 apud
505 4159 656 4247 probatos
686 4161 861 4246 scriptores
884 4161 979 4244 εὑρεῖν
1008 4168 1040 4226 et
1063 4161 1200 4244 εὑρέσθαι
1234 4180 1365 4248 permu-

177 4275 299 4334 tantur.
347 4264 383 4332 ln
418 4269 516 4355 526.
550 4265 645 4340 κακδρ
674 4273 775 4339 κακῶς
804 4266 968 4342 έποίιίνοι,
999 4267 1120 4333 anirum
1156 4265 1190 4332 ni
1219 4266 1368 4334 Lucienus

177 4373 324 4440 dcdtcrro
347 4371 491 4451 dederit,
524 4380 559 4438 ut
583 4370 685 4439 solent
710 4391 831 4438 orrrnes.
880 4371 915 4438 ln
943 4375 960 4457 §
988 4377 1041 4440 28.
1065 4373 1194 4451 τελετήν
1222 4375 1367 4440 τινα·έπ’

178 4481 264 4563 αὐτῷ
286 4481 451 4558 coleretur,
474 4478 650 4565 composito
673 4496 754 4565 opus
776 4485 826 4548 est
852 4480 1047 4558 ονσνίσεείαι.
1072 4487 1185 4548 contra
1210 4479 1242 4546 in
1268 4482 1287 4565 ς
1311 4483 1367 4546 2⁷.

1191 4586 1222 4633 ιι
