3178 4972
790 343 839 416 40

227 533 394 617 lexerunt,
419 555 489 604 eam
518 557 585 608 aem
612 540 714 608 nostri
747 537 865 626 ubique
887 558 957 606 esse
984 535 1112 604 arbitrii
1138 536 1333 626 iudiciique,
1360 541 1416 626 qul

226 643 394 730 antiquam
418 641 562 728 linguam
597 650 726 734 penitus
758 644 932 726 callemus,
964 663 1027 712 non
1051 644 1167 711 scribis
1190 665 1260 712 esse
1285 649 1418 732 permit·

227 747 357 815 tenclam
383 750 561 817 sexcenties
586 754 619 820 in
645 752 813 820 inanilosra
845 751 958 819 irautle
981 758 1014 818 et
1037 751 1283 838 interpolatione
1307 752 1418 839 depre-

228 851 348 920 hensis.
382 854 570 943 Complures
590 860 686 926 Attici
705 859 834 927 taudem
858 879 942 926 rrunc
964 866 1034 945 post
1055 857 1154 926 multa
1178 858 1303 926 saccula
1324 879 1416 926 snam

227 959 492 1030 consuetudinem
516 975 707 1051 receperunt
730 973 762 1032 et
786 966 819 1030 in
843 985 879 1032 ea
901 963 1031 1052 quidem
1054 983 1089 1030 ce
1108 965 1263 1034 ’λττιαιτί
1283 965 1418 1052 loquun-

227 1073 283 1132 tur
308 1075 345 1133 ut
366 1067 455 1134 olim.
504 1067 566 1136 ulti
591 1091 630 1137 ex
654 1071 823 1140 illitorum
856 1071 1010 1150 libidine,
1042 1071 1097 1156 qui
1123 1072 1182 1157 ipsi
1206 1091 1225 1136 a
1249 1070 1419 1138 Gorlicibus

211 1170 389 1259 pendent,
426 1173 520 1241 modo
553 1187 639 1244 recte
674 1176 873 1264 loquuntur,
909 1176 1003 1244 modo
1038 1186 1189 1263 peccant,
1222 1197 1305 1264 quae
1337 1179 1420 1244 satis

229 1277 333 1345 iocosa
359 1299 411 1347 res
434 1291 494 1348 est.
542 1282 605 1350 ulii
629 1284 767 1370 lenique
798 1292 984 1350 constanter
1007 1290 1141 1370 peccant
1164 1292 1196 1348 et
1221 1283 1338 1369 ultique
1363 1302 1420 1370 per

227 1383 293 1450 uim
318 1382 358 1451 ad
383 1385 615 1457 Graeculorum
642 1410 737 1457 usum
764 1391 867 1456 coacti
890 1399 968 1456 sunt
991 1409 1025 1456 se
1048 1409 1248 1476 componere.
1297 1389 1331 1455 ln
1358 1389 1419 1454 lro-

228 1510 302 1558 rum
336 1511 471 1560 numero
494 1503 571 1562 sunt
600 1495 751 1563 Lucrinus
774 1504 807 1562 et
830 1499 1024 1574 llcoroanon,
1056 1495 1113 1583 qui
1136 1515 1331 1581 quamquam
1357 1496 1419 1582 ipsi

227 1605 316 1664 recte
335 1607 368 1666 et
386 1599 499 1666 ordine
519 1611 612 1668 erant
628 1601 743 1677 locuti,
764 1621 850 1668 nunc
869 1602 950 1668 uitio
967 1621 1030 1668 non
1052 1621 1109 1668 suo
1130 1600 1250 1687 ubique
1271 1619 1420 1687 peccasse

228 1701 390 1771 videntur.
437 1706 571 1792 Αίτιοίσρ
601 1716 650 1774 est
680 1706 765 1796 apud
793 1707 1005 1774 lnrnnnonm
1030 1708 1054 1773 l.
1080 1711 1134 1774 29.
1158 1713 1201 1787 l,
1226 1705 1367 1790 τάρὲρχη
1391 1705 1418 1772 1.

229 1813 283 1876 ut.
311 1816 347 1889 t,
370 1811 472 1896 διανοῇ
496 1811 552 1879 lll.
576 1818 627 1880 ll.
648 1819 687 1892 3,
710 1813 829 1880 similia
853 1813 983 1901 passim.
1021 1813 1088 1880 Non
1115 1814 1177 1881 erit
1202 1813 1282 1879 milri
1305 1811 1420 1879 multis

227 1915 335 1982 verbio
367 1936 447 2005 opus
470 1917 511 1984 ad
536 1917 823 1986 demonstrantium
854 1920 1027 1987 Atticoman
1060 1920 1240 1986 imitatores
1262 1920 1295 1985 in
1325 1939 1360 1985 ea
1383 1937 1421 1984 cc

229 2023 374 2090 imitatos
398 2043 468 2092 esee
492 2025 624 2101 Atticus:
649 2034 723 2093 utar
746 2045 809 2092 uno
834 2025 902 2092 loco
926 2025 1072 2107 Lucrini,
1097 2027 1151 2113 qui
1175 2045 1242 2093 rem
1265 2024 1313 2091 uel
1333 2023 1421 2090 solus

228 2127 388 2197 conliccre
412 2131 530 2216 poterit
555 2130 710 2198 xxxvii.
737 2133 755 2218 §
781 2137 818 2197 lli
842 2132 896 2198 ubi
920 2132 1061 2220 Cynicus
1085 2131 1227 2198 mordaci
1248 2138 1280 2197 ct
1303 2149 1422 2217 spurco

230 2234 299 2300 icco
335 2235 505 2304 molestum
541 2238 602 2304 sibl
638 2246 823 2324 protervum
860 2247 892 2303 ct
916 2237 1114 2325 petulantem
1145 2236 1419 2304 adolescentulum

229 2339 383 2408 coniectat.
431 2341 567 2419 Πήίιινίο
598 2367 695 2422 τινος,
728 2343 851 2430 inquit,
883 2351 942 2410 τῶν
973 2345 1004 2410 ἔν
1027 2344 1206 2429 Μακεδονία
1236 2343 1421 2424 εὐπαρύφων

229 2447 385 2516 νεανίσκου
405 2449 511 2531 ιίραίον
535 2450 770 2531 ἐρεσχηλοῦντος
803 2451 899 2518 αὐτὸν
921 2451 973 2517 καί
997 2451 1201 2532 τροτείνοντορ
1225 2449 1367 2530 epitrope
1390 2471 1421 2516 τι

230 2555 451 2632 σιΦιτιιιὸνιιαί
465 2556 639 2630 κελεύοντος
652 2558 748 2622 elusit
769 2561 836 2623 τοῦ
859 2563 1140 2637 συλλογισμοῦ
1159 2558 1213 2633 τήν
1224 2555 1330 2623 λύσιν·
1351 2557 1422 2633 Ἓν,

231 2657 314 2744 ίΦι,
338 2657 427 2743 otae,
452 2663 575 2741 τέκνον,
605 2659 651 2728 ὅτι
675 2665 811 2746 σεριιίνή.
861 2662 962 2728 Periit
985 2663 1117 2730 aculeus
1140 2671 1172 2730 et
1195 2662 1279 2749 quod
1304 2682 1424 2750 super·

231 2775 280 2833 est
305 2765 386 2834 nihil
409 2777 474 2836 cst:
499 2770 640 2851 ἐρώτημα
664 2769 748 2856 apud
774 2788 843 2846 eos,
867 2770 923 2854 qui
945 2768 1126 2855 elegantius
1147 2769 1340 2856 loquuntur,
1366 2789 1423 2854 ap·

232 2871 389 2960 pellatur,
410 2895 505 2962 quem
527 2879 646 2943 caeteri
667 2873 879 2954 συλλογισμόν
898 2873 1073 2961 appellant,
1095 2875 1209 2940 iisdem
1229 2877 1345 2956 ε’ριιτοῖν
1365 2883 1423 2942 aut
1545 2893 1548 2896 ·

231 2985 460 3064 comperirent
473 2979 721 3061 συλλογίζεσθαι.
758 2979 812 3046 Sic
824 2979 908 3067 opou
929 2981 1104 3059 Lucrinae,
1130 2981 1338 3058 Qatomorlcu't
1350 2979 1424 3046 lin·

232 3085 313 3151 torio
343 3087 522 3163 scribendo,
547 3091 564 3173 §
591 3093 640 3164 17,
663 3083 736 3153 εἶτα
766 3085 850 3165 μετίι
882 3087 985 3168 μικρὸν
1013 3085 1110 3162 ἄλλος
1135 3088 1344 3167 συλλογισμὸς
1366 3083 1424 3152 εἶτ’

233 3191 330 3266 ἄλλος
354 3195 406 3258 καί
429 3191 505 3265 ἕλοιο
530 3195 561 3259 ἐν
591 3191 744 3259 ν’ίταντι
777 3193 966 3273 σχήματι
998 3193 1249 3275 συνηρώτητο
1279 3195 1363 3275 αὐτῷ
1386 3193 1423 3258 τὸ

232 3299 398 3381 τροοίμιον,
430 3299 462 3364 id
486 3307 550 3364 est:
583 3321 623 3364 ea·
648 3297 843 3384 eyllopismie
867 3299 1088 3385 ouirtecumpue
1110 3301 1233 3385 pencris
1255 3299 1424 3366 constabat.

232 3405 389 3491 Expunge
413 3406 514 3491 igilur
538 3409 591 3472 τοῦ
615 3411 845 3486 συλλογισμοῦ,
871 3404 955 3491 quod
982 3423 1043 3470 non
1066 3405 1174 3471 minue
1195 3405 1315 3472 insulse
1336 3403 1424 3470 audi·

234 3522 303 3580 tuur
328 3520 397 3592 est,
424 3532 461 3578 nc
481 3513 508 3578 si
528 3516 582 3579 τοῦ
606 3509 802 3595 ἐρωτήματος
826 3511 1017 3597 repetiisset.
1055 3509 1127 3588 Sic,
1153 3511 1266 3587 credo,
1290 3519 1424 3597 apparet

233 3619 367 3700 περαίνει
391 3638 503 3686 uerum
526 3639 614 3697 csse,
642 3628 677 3685 ut
704 3617 891 3703 ambiguum
917 3617 960 3682 sit
983 3626 1093 3682 utrurn
1118 3618 1153 3682 τί
1177 3617 1423 3698 ἐρώτηματιισή

233 3726 276 3791 sit
294 3726 489 3810 cogitatione
508 3723 721 3813 supplendum
735 3732 768 3791 et
780 3723 908 3789 dicatur
923 3724 1003 3788 rotie
1015 3721 1170 3788 concludit
1181 3743 1221 3788 an
1235 3733 1268 3788 tu
1278 3722 1424 3810 politicus

233 3853 265 3896 es
285 3839 317 3897 et
335 3831 504 3896 marliebrio
519 3833 650 3919 poteris,
671 3829 756 3918 qnod
777 3830 935 3898 (lusitanus
956 3827 1045 3893 vidit.
1080 3829 1120 3893 lc
1133 3847 1225 3894 nemo
1239 3837 1362 3915 poterat
1375 3829 1422 3894 sic

234 3939 333 4004 iocari
347 3939 407 4003 nisi
422 3939 459 4003 σὺ
473 3939 605 4021 περαίνει
617 3935 763 4003 dicerent
774 3955 902 4012 omncs,
924 3953 984 4000 non
998 3935 1134 4016 τεραίνη.
1165 3935 1314 4000 lliuerlern
1330 3934 1424 4021 plane

236 4045 364 4130 generis
387 4055 616 4128 argumentum
641 4042 716 4109 tluci
743 4050 846 4128 potest
870 4059 907 4106 ex
935 4040 1056 4106 lucrum
1075 4039 1345 4126 Pseudosoplisto.
1367 4045 1422 4127 §6

234 4159 267 4217 et
288 4155 319 4218 7.
355 4152 515 4232 Ἐρομένου
543 4151 574 4218 ll
598 4174 676 4224 τινος
701 4151 725 4214 εί
749 4148 916 4227 μελετήσει
936 4146 950 4212 o‘
972 4147 1067 4226 δεῖνα,
1092 4153 1156 4219 τῶς
1180 4145 1238 4223 οὖν,
1263 4145 1343 4230 ἔφη,
1367 4147 1424 4226 ἐμὲ

234 4259 346 4340 ἐρωτῶν
370 4258 395 4321 εί
417 4258 678 4336 μελετήσομαι
702 4253 806 4333 λέγεις
826 4249 872 4319 ὅτι
892 4257 907 4318 ὅ
926 4253 1024 4328 leina:
1046 4252 1270 4334 Ἀττιιιίζοντος
1291 4253 1323 4319 δέ
1343 4277 1423 4328 τινος

232 4363 285 4431 καί
311 4361 494 4440 τεθνήξει
522 4361 658 4436 είτίντος
690 4360 741 4425 tot
772 4365 826 4426 τοῦ
855 4360 974 4440 τρίτου,
1005 4359 1146 4439 Βέλτιον,
1180 4356 1260 4441 ἔφη,
1292 4360 1344 4426 καί
1376 4361 1424 4426 ἓν·

232 4473 335 4538 ταῦήα
370 4472 413 4551 μή
446 4470 613 4554 ἀττικίζειν
646 4466 870 4550 καταρώμενον.
920 4465 1124 4534 llcnilestunr
1161 4473 1210 4533 est
1245 4485 1423 4553 numquam
