3208 4972
799 365 870 440 272

239 573 271 635 et
302 562 442 653 stupidis
465 570 499 628 et
521 561 601 630 alias
625 585 678 632 res
702 562 890 651 agentibus,
919 579 1000 650 quos
1025 562 1056 625 in
1079 576 1207 647 quoque
1229 555 1311 624 libro
1335 575 1428 644 saepe

238 669 348 737 videre
375 677 424 736 est
448 666 620 737 ridiculum
648 673 680 739 iu
704 671 834 739 modum
856 672 939 738 notis
959 662 1428 758 tacbygraplnicisdeceptoset

239 774 503 864 compendiorum
537 775 660 864 laqueis
692 780 847 848 irretitos.
900 777 944 843 [lc
976 775 1029 841 illa
1062 774 1184 860 ingenti
1217 772 1307 858 copia
1341 789 1427 837 nuuc

239 901 358 970 paucas
392 881 548 968 quasdam
581 888 833 972 praepositiones
864 882 1094 960 delibabimus,
1127 881 1160 945 in
1195 878 1314 967 quibus
1346 878 1429 946 male

240 989 463 1076 permutandis
487 986 729 1058 hallucinantur
752 992 876 1059 librarii
899 1000 931 1057 el
952 987 1076 1056 iaciunt
1097 999 1132 1054 ut
1152 995 1240 1054 certa
1260 1006 1342 1072 quae
1363 987 1429 1052 siut

240 1097 363 1162 incerta
397 1094 580 1162 videantur.
630 1099 738 1166 Prima
768 1107 838 1166 esto
867 1096 1062 1185 praepositio
1087 1092 1179 1176 πρός,
1205 1093 1300 1158 cuius
1320 1111 1356 1158 ea
1379 1101 1429 1158 est

239 1200 319 1285 sigla
345 1201 576 1278 usitatissima,
599 1225 696 1291 quam
724 1205 852 1272 Bssmus
878 1205 908 1268 in
934 1223 988 1270 aes
1013 1199 1216 1268 incidendam
1243 1200 1369 1266 curarit
1394 1199 1425 1262 in

242 1307 410 1375 Commeat.
443 1307 609 1397 Poloeopr.
643 1311 720 1377 Tala.
745 1312 785 1378 ll.
817 1316 894 1378 2et
918 1315 950 1376 5.
998 1307 1060 1389 Qui
1083 1308 1197 1394 siglam
1224 1325 1286 1372 uon
1313 1312 1429 1371 norant

239 1415 398 1502 sequioris
424 1417 539 1482 aetatis
564 1416 688 1484 scribae
713 1437 769 1504 pro
793 1416 866 1498 πρός
891 1415 967 1483 dare
991 1415 1094 1481 solent
1117 1413 1221 1491 κστιὶ,
1242 1411 1325 1489 alni,
1354 1411 1427 1490 nal,

239 1525 295 1601 ὡς,
320 1541 456 1609 quorum
483 1523 627 1590 omnium
655 1531 747 1591 notae
773 1545 834 1590 non
860 1530 936 1591 suut
960 1520 1133 1588 admodum
1159 1517 1352 1595 dissimiles,
1372 1526 1429 1584 aut

240 1626 292 1694 ubi
318 1628 587 1715 praepositionem
613 1628 743 1697 subesse
769 1630 969 1717 intelligunt,
995 1649 1077 1715 quae
1101 1629 1144 1694 sit
1164 1635 1272 1694 autem
1295 1645 1429 1713 praepo·

240 1736 314 1800 sitio
335 1736 381 1800 sic
402 1743 510 1801 notata
531 1736 697 1821 ignorant,
720 1746 843 1825 ponunt
864 1736 960 1804 aliam
980 1732 1178 1822 quamlibet,
1201 1753 1283 1820 quae
1303 1739 1430 1799 seuten-

240 1841 303 1906 tiae
335 1847 511 1934 utcumque
541 1843 777 1910 accommodari
810 1863 900 1931 posse
930 1841 1095 1916 videatur,
1131 1839 1291 1926 imprimis
1320 1839 1428 1921 σσρσὶ,

240 1946 293 2012 inl
322 1955 355 2011 et
385 1947 573 2032 saepissime
603 1951 666 2028 ric,
699 1958 757 2018 aut
787 1948 926 2036 denique
956 1950 1173 2035 importunam
1201 1953 1308 2012 notam
1336 1945 1431 2032 plane

241 2051 410 2139 negligunt
429 2059 462 2118 et
480 2054 636 2121 omittunt
648 2105 657 2138 ,
680 2055 764 2123 unde
784 2056 856 2137 arpis
878 2063 941 2120 tam
966 2073 1061 2141 saepe
1081 2054 1151 2120 sine
1172 2052 1307 2137 vestigio
1328 2053 1431 2118 inter·

240 2159 289 2226 ire
319 2156 410 2224 solet.
460 2159 504 2226 Ea
535 2160 626 2227 lraus
658 2171 761 2249 potest
793 2181 1035 2248 nonnumquam
1069 2159 1217 2247 quamuis
1252 2157 1362 2224 doctos
1397 2167 1431 2224 et

240 2275 352 2332 acutos
384 2263 519 2333 lectores
551 2266 681 2347 lallare,
714 2279 747 2336 at
771 2269 959 2354 saepissime
983 2263 1252 2354 deprehenditur,
1278 2263 1332 2330 ubi
1356 2262 1431 2348 πρός

241 2371 459 2438 necessarium
483 2381 531 2438 est
553 2381 584 2440 et
611 2374 692 2442 male
713 2373 934 2453 desideratur,
960 2383 1015 2440 aut
1039 2371 1430 2458 11111ε1ισρρ1111ε1σρός

240 2478 434 2565 requiritur,
467 2489 523 2546 aut
544 2501 601 2567 pro
623 2479 696 2564 πρός
721 2489 834 2548 contra
855 2483 1050 2548 Graecorum
1076 2477 1341 2545 consuetudinem
1367 2476 1432 2544 alia

238 2587 370 2673 quaevis
403 2587 596 2672 praepositio
619 2598 803 2676 comparet,
833 2598 890 2656 aut
914 2586 1025 2654 vocula
1050 2584 1231 2674 quaelibet,
1257 2603 1338 2671 quae
1362 2592 1430 2652 tam

240 2695 422 2779 importuna
447 2702 496 2760 est
520 2713 558 2760 ac
581 2694 654 2778 πρός
678 2704 727 2762 est
750 2695 943 2762 conveniens
967 2703 1000 2760 et
1027 2703 1153 2780 aptum.
1179 2689 1430 2777 Nonnumquam

238 2799 422 2866 contrarius
440 2820 532 2866 error
555 2803 772 2868 committitur
792 2809 823 2866 et
843 2799 915 2882 nude
934 2800 1054 2886 legitur
1066 2799 1121 2865 ubi
1135 2798 1196 2864 alia
1209 2798 1316 2863 omnia
1329 2797 1429 2864 scribi

238 2905 385 2973 debuisse
409 2915 544 2974 constet.
594 2907 650 2974 llis
677 2909 776 2994 igitur
800 2906 950 2974 omnibus
970 2902 1353 2998 certtrmemendationis
1376 2924 1428 2991 pa·

239 3022 346 3078 ratum
372 3012 568 3096 praesidium
594 3023 664 3091 est,
688 3017 713 3080 si
738 3016 784 3079 uti
806 3016 888 3079 scies
909 3023 940 3080 cl
959 3011 1102 3078 audebis.
1139 3011 1265 3097 Inspice
1286 3012 1428 3098 primum

240 3117 394 3185 Codicum
419 3119 616 3202 scripturas,
642 3118 727 3185 unde
750 3139 832 3206 quae
860 3121 1003 3185 dixinrus
1029 3118 1328 3196 conlirrnentur:9,
1348 3125 1381 3196 5,
1397 3121 1429 3184 2.

239 3224 419 3306 ε’ς-σρός
445 3225 623 3309 permutari
645 3224 778 3302 videbis,
810 3232 866 3300 10,
898 3231 957 3304 15,
983 3232 1015 3292 ll.
1042 3226 1172 3291 ἐπαινῶν
1193 3223 1265 3306 πρὸς
1288 3226 1324 3291 nd
1348 3223 1430 3292 uait·

238 3343 306 3408 tac,
330 3331 384 3396 alii
410 3331 440 3403 tc
464 3333 566 3407 σ1ν.,
591 3330 674 3417 quod
697 3351 808 3398 uerum
832 3341 880 3398 est
902 3351 975 3398 nam
998 3333 1133 3397 inermia
1154 3331 1196 3404 εἷς
1217 3356 1247 3397 σι
1268 3338 1300 3396 et
1318 3331 1429 3412 ψέγειν

238 3434 281 3510 εἷς
316 3461 345 3503 σι
370 3445 556 3504 constanter
578 3436 748 3515 dicebant,
782 3457 958 3524 ntrnrquam
985 3436 1058 3519 πρός
1080 3462 1121 3504 σι.
1151 3443 1209 3514 11,
1241 3441 1271 3502 7.
1297 3437 1370 3519 πρὸς
1392 3437 1429 3503 ri

238 3542 394 3626 πρόσωπον
426 3543 636 3619 ἀποπτύσας,
669 3543 790 3610 elicitur
822 3547 864 3618 εἷς
896 3543 947 3611 τὸν
978 3541 1111 3621 κόλπον,
1146 3545 1187 3618 εἷς
1213 3543 1248 3609 ri
1272 3542 1429 3627 πρόσωπον

237 3652 364 3732 πτύειν,
389 3651 580 3727 animoso,
607 3650 716 3736 itaque
740 3653 782 3725 εἷς
806 3671 938 3736 reputem
969 3654 1029 3730 16,
1055 3654 1109 3716 20.
1134 3650 1306 3732 ἒς-πρόι
1321 3654 1427 3724 -ι1ς,

244 3762 301 3835 17,
336 3763 366 3825 t.
400 3761 472 3842 πρὸς
502 3756 674 3839 ἐλευθερίαν
700 3758 920 3840 ιὶφσιιιεῖσθσιι,
948 3777 1009 3822 non
1033 3755 1128 3822 aliter
1150 3775 1247 3842 quam
1272 3758 1315 3832 εἰς
1341 3757 1429 3823 ἕλεν·

237 3864 336 3945 lsplaa
359 3866 411 3929 ius
433 3873 465 3930 et
491 3883 559 3928 turos
581 3871 630 3928 est
652 3860 772 3930 dicere.
800 3863 877 3929 ibid.
905 3867 969 3950 §9.
995 3861 1075 3929 nnale
1093 3859 1281 3928 abundatin
1295 3865 1430 3944 χρῆσθαι

238 3969 310 4050 πρὸς
341 3966 359 4036 d
387 3994 416 4036 τι
449 3967 489 4035 ἂν
521 3969 669 4035 ἐθέλωσιν.
707 3973 767 4046 18,
805 3975 855 4035 ll.
888 3968 980 4036 codd.
1009 3968 1152 4042 εἰσιόντες
1181 4007 1222 4018 -
1246 3969 1429 4050 προσιόντες.

238 4079 298 4152 20,
323 4081 377 4141 dt.
403 4077 434 4140 in
460 4073 552 4140 libris
576 4084 624 4141 est
648 4075 718 4152 sai,
737 4077 810 4157 πρός
835 4084 867 4143 ei
888 4077 948 4142 ent.
975 4080 1039 4152 20,
1066 4080 1118 4142 28.
1140 4075 1212 4156 πρὸς
1234 4073 1369 4154 ἐμαυτόν
1385 4113 1430 4126 -·

238 4184 309 4248 κατ’
341 4181 486 4261 ἐμαυτόν.
522 4184 583 4258 20,
615 4184 668 4247 29.
702 4183 744 4255 εἰς
778 4180 910 4263 Κόρινθον
943 4221 986 4233 -
1020 4181 1092 4263 πρὸς
1124 4179 1270 4262 Κόρινθον.
1297 4185 1361 4259 52,
1399 4187 1430 4248 t.

237 4286 311 4371 atde
332 4325 377 4336 -
402 4289 454 4361 εἰς.
482 4291 545 4366 40,
574 4291 624 4354 19.
650 4287 850 4371 πνσσβιβάζν
870 4327 914 4340 -
933 4288 1095 4372 &adelidis
1120 4289 1218 4362 &1⁶²⁶
1243 4286 1366 4354 &wll
1385 4323 1432 4376 -τ

238 4397 310 4475 πρὸς
342 4391 475 4459 ἔπαινον.
514 4398 576 4470 tt,
615 4397 666 4460 li.
698 4393 771 4476 πρὸς
802 4396 914 4479 Φιλίαν
946 4433 989 4444 -
1020 4396 1062 4467 εἰς
1094 4393 1225 4477 φιλίαν,
1260 4401 1293 4460 el
1326 4397 1343 4478 §
1375 4397 1429 4460 55.

238 4499 310 4584 πρός
333 4535 378 4549 -
401 4499 454 4573 rie.
483 4501 545 4574 ta.
570 4503 624 4565 25.
650 4501 680 4574 ta
705 4503 760 4577 rba
783 4502 890 4584 φυγὴν
909 4539 953 4550 -
972 4503 1045 4584 πρὸς
1068 4501 1123 4576 τὴν
1146 4499 1254 4585 moytia
1276 4508 1309 4567 el
1333 4502 1351 4584 §
1376 4502 1430 4566 57.
