<?xml version="1.0" encoding="UTF-8"?>
<!DOCTYPE html PUBLIC "-//W3C//DTD XHTML 1.0 Transitional//EN"
    "http://www.w3.org/TR/xhtml1/DTD/xhtml1-transitional.dtd">
<html xmlns="http://www.w3.org/1999/xhtml" xml:lang="en" lang="en">
 <head>
  <title>
</title>
<meta http-equiv="Content-Type" content="text/html;charset=utf-8" />
  <meta name='ocr-system' content='tesseract 3.04.00' />
  <meta name='ocr-capabilities' content='ocr_page ocr_carea ocr_par ocr_line ocrx_word'/>
</head>
<body>
  <div class='ocr_page' id='page_1' title='image "./variaelectiones04cobegoog_0051.png"; bbox 0 0 3178 4972; ppageno 0'>
   <div class='ocr_carea' id='block_1_1' title="bbox 757 421 846 498">
    <p class='ocr_par' dir='ltr' id='par_1_1' title="bbox 757 421 846 498">
     <span class='ocr_line' id='line_1_1' title="bbox 757 421 846 498; baseline 0 0"><span class='ocrx_word' id='word_1_1' title='bbox 757 421 846 498; x_wconf 81' lang='lat'><strong>&#39;10</strong></span> 
     </span>
    </p>
   </div>
   <div class='ocr_carea' id='block_1_2' title="bbox 223 615 1418 1022">
    <p class='ocr_par' dir='ltr' id='par_1_2' title="bbox 223 615 1418 1022">
     <span class='ocr_line' id='line_1_2' title="bbox 223 615 1414 707; baseline -0.012 -11"><span class='ocrx_word' id='word_1_2' title='bbox 223 615 313 696; x_wconf 69' lang='lat' dir='ltr'><strong>odunt</strong></span> <span class='ocrx_word' id='word_1_3' title='bbox 337 618 355 698; x_wconf 75' lang='lat' dir='ltr'><strong>d</strong></span> <span class='ocrx_word' id='word_1_4' title='bbox 379 623 444 704; x_wconf 72' lang='lat' dir='ltr'><strong>itit</strong></span> <span class='ocrx_word' id='word_1_5' title='bbox 472 622 503 689; x_wconf 90' lang='lat' dir='ltr'><strong>id</strong></span> <span class='ocrx_word' id='word_1_6' title='bbox 528 633 598 705; x_wconf 85' lang='lat' dir='ltr'><strong>est;</strong></span> <span class='ocrx_word' id='word_1_7' title='bbox 626 623 782 690; x_wconf 81' lang='lat' dir='ltr'><strong>Hnenemo</strong></span> <span class='ocrx_word' id='word_1_8' title='bbox 803 623 995 707; x_wconf 72' lang='lat' dir='ltr'>interprete:</span> <span class='ocrx_word' id='word_1_9' title='bbox 1020 619 1096 686; x_wconf 86' lang='lat' dir='ltr'><strong>hoec</strong></span> <span class='ocrx_word' id='word_1_10' title='bbox 1114 641 1187 687; x_wconf 82' lang='lat' dir='ltr'><strong>nero</strong></span> <span class='ocrx_word' id='word_1_11' title='bbox 1206 627 1319 686; x_wconf 85' lang='lat' dir='ltr'><strong>notnrn</strong></span> <span class='ocrx_word' id='word_1_12' title='bbox 1337 637 1414 683; x_wconf 79' lang='lat' dir='ltr'><strong>nune</strong></span> 
     </span>
     <span class='ocr_line' id='line_1_3' title="bbox 224 725 1418 814; baseline 0 -24"><span class='ocrx_word' id='word_1_13' title='bbox 224 727 348 792; x_wconf 87' lang='lat' dir='ltr'><strong>omnino</strong></span> <span class='ocrx_word' id='word_1_14' title='bbox 370 729 494 794; x_wconf 74' lang='lat' dir='ltr'><strong>cecinit</strong></span> <span class='ocrx_word' id='word_1_15' title='bbox 515 751 571 796; x_wconf 89' lang='lat' dir='ltr'><strong>nec</strong></span> <span class='ocrx_word' id='word_1_16' title='bbox 593 731 657 797; x_wconf 77' lang='lat' dir='ltr'><strong>nai</strong></span> <span class='ocrx_word' id='word_1_17' title='bbox 705 729 766 810; x_wconf 85' lang='lat' dir='ltr'><strong>Qui</strong></span> <span class='ocrx_word' id='word_1_18' title='bbox 789 729 836 794; x_wconf 88' lang='lat' dir='ltr'><strong>sic</strong></span> <span class='ocrx_word' id='word_1_19' title='bbox 862 725 1104 814; x_wconf 75' lang='lat' dir='ltr'><strong>philosophatur</strong></span> <span class='ocrx_word' id='word_1_20' title='bbox 1124 727 1209 792; x_wconf 87' lang='lat' dir='ltr'><strong>satin</strong></span> <span class='ocrx_word' id='word_1_21' title='bbox 1229 744 1328 792; x_wconf 86' lang='lat' dir='ltr'><strong>sanus</strong></span> <span class='ocrx_word' id='word_1_22' title='bbox 1345 743 1418 790; x_wconf 87' lang='lat' dir='ltr'><strong>csse</strong></span> 
     </span>
     <span class='ocr_line' id='line_1_4' title="bbox 224 825 1417 918; baseline 0 -22"><span class='ocrx_word' id='word_1_23' title='bbox 224 841 281 897; x_wconf 90' lang='lat' dir='ltr'><strong>aut</strong></span> <span class='ocrx_word' id='word_1_24' title='bbox 304 831 431 899; x_wconf 84' lang='lat' dir='ltr'><strong>sohrius</strong></span> <span class='ocrx_word' id='word_1_25' title='bbox 456 835 626 902; x_wconf 82' lang='lat' dir='ltr'><strong>rideatur?</strong></span> <span class='ocrx_word' id='word_1_26' title='bbox 676 836 797 902; x_wconf 80' lang='lat' dir='ltr'>Revoca</span> <span class='ocrx_word' id='word_1_27' title='bbox 824 835 905 900; x_wconf 87' lang='lat' dir='ltr'><strong>duas</strong></span> <span class='ocrx_word' id='word_1_28' title='bbox 930 831 1088 899; x_wconf 87' lang='lat' dir='ltr'><strong>litterulas</strong></span> <span class='ocrx_word' id='word_1_29' title='bbox 1110 831 1269 918; x_wconf 77' lang='lat' dir='ltr'><strong>fugientes</strong></span> <span class='ocrx_word' id='word_1_30' title='bbox 1288 830 1341 896; x_wconf 79' lang='lat' dir='ltr'><strong>nni</strong></span> <span class='ocrx_word' id='word_1_31' title='bbox 1360 825 1417 898; x_wconf 79' lang='lat' dir='ltr'><strong>nd·</strong></span> 
     </span>
     <span class='ocr_line' id='line_1_5' title="bbox 224 923 1418 1022; baseline -0.002 -20"><span class='ocrx_word' id='word_1_32' title='bbox 224 961 307 1019; x_wconf 81' lang='grc' dir='ltr'><strong><em>τερον</em></strong></span> <span class='ocrx_word' id='word_1_33' title='bbox 331 923 529 1008; x_wconf 53' lang='lat' dir='ltr'><strong>&amp;toncele</strong></span> <span class='ocrx_word' id='word_1_34' title='bbox 553 943 570 1020; x_wconf 76' lang='grc' dir='ltr'>ἢ</span> <span class='ocrx_word' id='word_1_35' title='bbox 595 943 658 1022; x_wconf 80' lang='grc' dir='ltr'><strong>μη,</strong></span> <span class='ocrx_word' id='word_1_36' title='bbox 682 941 714 1006; x_wconf 88' lang='lat' dir='ltr'><strong>id</strong></span> <span class='ocrx_word' id='word_1_37' title='bbox 739 949 786 1006; x_wconf 88' lang='lat' dir='ltr'><strong>est</strong></span> <span class='ocrx_word' id='word_1_38' title='bbox 812 941 877 1006; x_wconf 78' lang='grc' dir='ltr'><strong><em>θεοῦ</em></strong></span> <span class='ocrx_word' id='word_1_39' title='bbox 901 941 1011 1016; x_wconf 77' lang='grc' dir='ltr'><strong><em>οὔσης,</em></strong></span> <span class='ocrx_word' id='word_1_40' title='bbox 1037 940 1083 1006; x_wconf 82' lang='lat' dir='ltr'><strong>sle</strong></span> <span class='ocrx_word' id='word_1_41' title='bbox 1104 937 1234 1004; x_wconf 80' lang='lat' dir='ltr'><strong>dentum</strong></span> <span class='ocrx_word' id='word_1_42' title='bbox 1257 935 1418 1020; x_wconf 81' lang='lat' dir='ltr'><strong>intelliges</strong></span> 
     </span>
    </p>
   </div>
   <div class='ocr_carea' id='block_1_3' title="bbox 117 1039 1418 1131">
    <p class='ocr_par' dir='ltr' id='par_1_3' title="bbox 117 1039 1418 1131">
     <span class='ocr_line' id='line_1_6' title="bbox 117 1039 1418 1131; baseline -0.002 -22"><span class='ocrx_word' id='word_1_43' title='bbox 117 1053 120 1066; x_wconf 86' lang='lat'>&#39;</span> <span class='ocrx_word' id='word_1_44' title='bbox 224 1063 284 1110; x_wconf 87' lang='lat' dir='ltr'><strong>eur</strong></span> <span class='ocrx_word' id='word_1_45' title='bbox 309 1046 558 1131; x_wconf 77' lang='lat' dir='ltr'><strong>respondeatur:</strong></span> <span class='ocrx_word' id='word_1_46' title='bbox 582 1053 688 1114; x_wconf 77' lang='grc' dir='ltr'><strong><em>τοῦτον</em></strong></span> <span class='ocrx_word' id='word_1_47' title='bbox 708 1045 807 1113; x_wconf 67' lang='grc' dir='ltr'><strong><em>οὐκέτι</em></strong></span> <span class='ocrx_word' id='word_1_48' title='bbox 828 1049 1001 1126; x_wconf 58' lang='lat' dir='ltr'><strong>nonomen</strong></span> <span class='ocrx_word' id='word_1_49' title='bbox 1021 1052 1304 1128; x_wconf 67' lang='grc' dir='ltr'><strong>πολυπραγμονεῖν.</strong></span> <span class='ocrx_word' id='word_1_50' title='bbox 1330 1039 1418 1123; x_wconf 88' lang='lat' dir='ltr'><strong>Quid</strong></span> 
     </span>
    </p>
   </div>
   <div class='ocr_carea' id='block_1_4' title="bbox 224 1147 1422 3464">
    <p class='ocr_par' dir='ltr' id='par_1_4' title="bbox 224 1147 1422 3464">
     <span class='ocr_line' id='line_1_7' title="bbox 225 1147 1416 1239; baseline 0.002 -27"><span class='ocrx_word' id='word_1_51' title='bbox 225 1156 311 1215; x_wconf 86' lang='lat' dir='ltr'><strong>vetat</strong></span> <span class='ocrx_word' id='word_1_52' title='bbox 331 1150 441 1217; x_wconf 89' lang='lat' dir='ltr'><strong>eadem</strong></span> <span class='ocrx_word' id='word_1_53' title='bbox 463 1172 559 1239; x_wconf 84' lang='lat' dir='ltr'><strong>opera</strong></span> <span class='ocrx_word' id='word_1_54' title='bbox 579 1154 895 1238; x_wconf 65' lang='lat' dir='ltr'><strong>argumentationem</strong></span> <span class='ocrx_word' id='word_1_55' title='bbox 916 1152 1075 1218; x_wconf 81' lang='lat' dir='ltr'><strong>Cnnrsrrrr</strong></span> <span class='ocrx_word' id='word_1_56' title='bbox 1097 1151 1251 1228; x_wconf 88' lang='lat' dir='ltr'><strong>iocantis,</strong></span> <span class='ocrx_word' id='word_1_57' title='bbox 1276 1147 1331 1216; x_wconf 88' lang='lat' dir='ltr'><strong>sed</strong></span> <span class='ocrx_word' id='word_1_58' title='bbox 1352 1167 1416 1214; x_wconf 92' lang='lat' dir='ltr'><strong>non</strong></span> 
     </span>
     <span class='ocr_line' id='line_1_8' title="bbox 225 1254 1417 1345; baseline 0.002 -27"><span class='ocrx_word' id='word_1_59' title='bbox 225 1254 426 1340; x_wconf 71' lang='lat' dir='ltr'><strong>imputantis,</strong></span> <span class='ocrx_word' id='word_1_60' title='bbox 447 1258 479 1322; x_wconf 92' lang='lat' dir='ltr'><strong>in</strong></span> <span class='ocrx_word' id='word_1_61' title='bbox 502 1261 664 1344; x_wconf 87' lang='lat' dir='ltr'><strong>integrum</strong></span> <span class='ocrx_word' id='word_1_62' title='bbox 683 1261 876 1338; x_wconf 89' lang='lat' dir='ltr'><strong>restituere,</strong></span> <span class='ocrx_word' id='word_1_63' title='bbox 899 1277 996 1345; x_wconf 91' lang='lat' dir='ltr'><strong>quam</strong></span> <span class='ocrx_word' id='word_1_64' title='bbox 1010 1258 1219 1344; x_wconf 77' lang='lat' dir='ltr'><strong>incogitantia</strong></span> <span class='ocrx_word' id='word_1_65' title='bbox 1234 1255 1417 1322; x_wconf 88' lang='lat' dir='ltr'><strong>scribarum</strong></span> 
     </span>
     <span class='ocr_line' id='line_1_9' title="bbox 227 1357 1418 1451; baseline 0.003 -27"><span class='ocrx_word' id='word_1_66' title='bbox 227 1357 319 1446; x_wconf 85' lang='lat' dir='ltr'><strong>plane</strong></span> <span class='ocrx_word' id='word_1_67' title='bbox 350 1365 506 1448; x_wconf 84' lang='lat' dir='ltr'><strong>pervertit</strong></span> <span class='ocrx_word' id='word_1_68' title='bbox 536 1363 623 1451; x_wconf 84' lang='lat' dir='ltr'><strong>apud</strong></span> <span class='ocrx_word' id='word_1_69' title='bbox 655 1364 813 1432; x_wconf 82' lang='lat' dir='ltr'><strong>Snoenuun</strong></span> <span class='ocrx_word' id='word_1_70' title='bbox 839 1367 869 1430; x_wconf 92' lang='lat' dir='ltr'><strong>in</strong></span> <span class='ocrx_word' id='word_1_71' title='bbox 896 1363 1068 1451; x_wconf 79' lang='lat' dir='ltr'><strong>Ftnritepio</strong></span> <span class='ocrx_word' id='word_1_72' title='bbox 1093 1363 1204 1430; x_wconf 84' lang='lat' dir='ltr'><strong>Llllll.</strong></span> <span class='ocrx_word' id='word_1_73' title='bbox 1229 1367 1282 1428; x_wconf 83' lang='lat'><strong>51.</strong></span> <span class='ocrx_word' id='word_1_74' title='bbox 1314 1360 1418 1428; x_wconf 76' lang='lat' dir='ltr'><strong>rinin-</strong></span> 
     </span>
     <span class='ocr_line' id='line_1_10' title="bbox 224 1467 1416 1554; baseline 0.004 -24"><span class='ocrx_word' id='word_1_75' title='bbox 224 1488 276 1539; x_wconf 89' lang='grc' dir='ltr'><strong>σος</strong></span> <span class='ocrx_word' id='word_1_76' title='bbox 307 1468 404 1542; x_wconf 79' lang='grc' dir='ltr'><strong><em>τινος·</em></strong></span> <span class='ocrx_word' id='word_1_77' title='bbox 436 1473 489 1537; x_wconf 83' lang='grc' dir='ltr'><strong>οὐκ</strong></span> <span class='ocrx_word' id='word_1_78' title='bbox 520 1472 722 1553; x_wconf 76' lang='grc' dir='ltr'><strong><em>ε’ροισοιὶσετοιι</em></strong></span> <span class='ocrx_word' id='word_1_79' title='bbox 753 1473 767 1537; x_wconf 83' lang='lat' dir='ltr'><strong>i</strong></span> <span class='ocrx_word' id='word_1_80' title='bbox 799 1470 906 1554; x_wconf 69' lang='grc' dir='ltr'><strong><em>σοφάς.</em></strong></span> <span class='ocrx_word' id='word_1_81' title='bbox 936 1479 1086 1552; x_wconf 81' lang='grc' dir='ltr'><strong><em>μοιρπνρεῖ</em></strong></span> <span class='ocrx_word' id='word_1_82' title='bbox 1114 1475 1188 1549; x_wconf 76' lang='grc' dir='ltr'><strong><em>γοῦν</em></strong></span> <span class='ocrx_word' id='word_1_83' title='bbox 1215 1467 1416 1548; x_wconf 77' lang='grc' dir='ltr'><strong><em>Μενέδημος,</em></strong></span> 
     </span>
     <span class='ocr_line' id='line_1_11' title="bbox 226 1573 1418 1665; baseline 0.002 -27"><span class='ocrx_word' id='word_1_84' title='bbox 226 1573 420 1656; x_wconf 71' lang='grc' dir='ltr'><strong><em>Ἐπίκουρος,</em></strong></span> <span class='ocrx_word' id='word_1_85' title='bbox 457 1577 624 1656; x_wconf 75' lang='grc' dir='ltr'><strong><em>Ἀλεξῖνος.</em></strong></span> <span class='ocrx_word' id='word_1_86' title='bbox 660 1577 814 1658; x_wconf 73' lang='grc' dir='ltr'><strong><em>παύση,</em></strong></span> <span class='ocrx_word' id='word_1_87' title='bbox 849 1575 911 1660; x_wconf 82' lang='grc' dir='ltr'><strong>ἔφη</strong></span> <span class='ocrx_word' id='word_1_88' title='bbox 949 1575 975 1664; x_wconf 82' lang='lat' dir='ltr'><strong>(i</strong></span> <span class='ocrx_word' id='word_1_89' title='bbox 1012 1575 1224 1665; x_wconf 78' lang='grc' dir='ltr'><strong><em>Χρύσιππος),</em></strong></span> <span class='ocrx_word' id='word_1_90' title='bbox 1259 1573 1418 1656; x_wconf 72' lang='grc' dir='ltr'><strong><em>χρήσομαι</em></strong></span> 
     </span>
     <span class='ocr_line' id='line_1_12' title="bbox 226 1679 1418 1764; baseline 0.002 -20"><span class='ocrx_word' id='word_1_91' title='bbox 226 1679 389 1759; x_wconf 67' lang='grc' dir='ltr'><strong><em>ἀποδείξει.</em></strong></span> <span class='ocrx_word' id='word_1_92' title='bbox 411 1683 436 1746; x_wconf 73' lang='grc' dir='ltr'><strong><em>εἴ</em></strong></span> <span class='ocrx_word' id='word_1_93' title='bbox 457 1683 521 1764; x_wconf 76' lang='grc' dir='ltr'><strong>γὰρ</strong></span> <span class='ocrx_word' id='word_1_94' title='bbox 541 1683 697 1763; x_wconf 74' lang='grc' dir='ltr'><strong>Ἀλεξῖνος</strong></span> <span class='ocrx_word' id='word_1_95' title='bbox 717 1683 731 1747; x_wconf 81' lang='lat' dir='ltr'><strong>d</strong></span> <span class='ocrx_word' id='word_1_96' title='bbox 751 1683 918 1762; x_wconf 69' lang='grc' dir='ltr'><strong>ἀνάγωγος</strong></span> <span class='ocrx_word' id='word_1_97' title='bbox 938 1683 990 1749; x_wconf 72' lang='grc' dir='ltr'><strong>καὶ</strong></span> <span class='ocrx_word' id='word_1_98' title='bbox 1011 1682 1186 1763; x_wconf 82' lang='grc' dir='ltr'><strong><em>Ἐπίκουρος</em></strong></span> <span class='ocrx_word' id='word_1_99' title='bbox 1204 1682 1217 1747; x_wconf 87' lang='lat' dir='ltr'><strong>d</strong></span> <span class='ocrx_word' id='word_1_100' title='bbox 1235 1679 1418 1756; x_wconf 65' lang='grc' dir='ltr'><strong><em>ἀναίσθητος</em></strong></span> 
     </span>
     <span class='ocr_line' id='line_1_13' title="bbox 226 1785 1419 1871; baseline 0.003 -22"><span class='ocrx_word' id='word_1_101' title='bbox 226 1785 278 1850; x_wconf 75' lang='lat' dir='ltr'><strong>nni</strong></span> <span class='ocrx_word' id='word_1_102' title='bbox 310 1786 511 1868; x_wconf 70' lang='grc' dir='ltr'><strong><em>Μενέδημος,</em></strong></span> <span class='ocrx_word' id='word_1_103' title='bbox 542 1791 574 1855; x_wconf 80' lang='grc' dir='ltr'><strong>οὐ</strong></span> <span class='ocrx_word' id='word_1_104' title='bbox 604 1791 700 1871; x_wconf 70' lang='grc' dir='ltr'><strong><em>φησὶν</em></strong></span> <span class='ocrx_word' id='word_1_105' title='bbox 730 1789 931 1870; x_wconf 78' lang='grc' dir='ltr'><strong><em>ἐροσθησεποιι</em></strong></span> <span class='ocrx_word' id='word_1_106' title='bbox 962 1786 1033 1870; x_wconf 65' lang='grc' dir='ltr'><strong><em>ἄρα.</em></strong></span> <span class='ocrx_word' id='word_1_107' title='bbox 1083 1787 1215 1854; x_wconf 84' lang='lat' dir='ltr'><strong>Parearn</strong></span> <span class='ocrx_word' id='word_1_108' title='bbox 1249 1787 1354 1853; x_wconf 78' lang='lat' dir='ltr'><strong>verbis</strong></span> <span class='ocrx_word' id='word_1_109' title='bbox 1383 1794 1419 1852; x_wconf 85' lang='lat' dir='ltr'><strong>ei</strong></span> 
     </span>
     <span class='ocr_line' id='line_1_14' title="bbox 226 1889 1418 1981; baseline 0.002 -26"><span class='ocrx_word' id='word_1_110' title='bbox 226 1889 330 1956; x_wconf 91' lang='lat' dir='ltr'><strong>locum</strong></span> <span class='ocrx_word' id='word_1_111' title='bbox 366 1902 512 1959; x_wconf 83' lang='lat' dir='ltr'><strong>sanatum</strong></span> <span class='ocrx_word' id='word_1_112' title='bbox 547 1914 720 1981; x_wconf 87' lang='lat' dir='ltr'><strong>apponam:</strong></span> <span class='ocrx_word' id='word_1_113' title='bbox 752 1905 791 1978; x_wconf 71' lang='grc' dir='ltr'><strong>τῇ</strong></span> <span class='ocrx_word' id='word_1_114' title='bbox 816 1897 918 1978; x_wconf 81' lang='grc' dir='ltr'><strong><em>οὐτη,</em></strong></span> <span class='ocrx_word' id='word_1_115' title='bbox 950 1891 1030 1976; x_wconf 80' lang='grc' dir='ltr'><strong><em>ἔφη,</em></strong></span> <span class='ocrx_word' id='word_1_116' title='bbox 1058 1893 1217 1975; x_wconf 78' lang='grc' dir='ltr'><strong><em>χρησομιιι</em></strong></span> <span class='ocrx_word' id='word_1_117' title='bbox 1241 1889 1418 1970; x_wconf 66' lang='grc' dir='ltr'><strong><em>ἀποδείξει,</em></strong></span> 
     </span>
     <span class='ocr_line' id='line_1_15' title="bbox 226 1997 1418 2081; baseline 0.001 -20"><span class='ocrx_word' id='word_1_118' title='bbox 226 1997 252 2062; x_wconf 79' lang='lat' dir='ltr'><strong>rl</strong></span> <span class='ocrx_word' id='word_1_119' title='bbox 284 1997 347 2078; x_wconf 74' lang='grc' dir='ltr'><strong>γὰρ</strong></span> <span class='ocrx_word' id='word_1_120' title='bbox 379 1998 534 2075; x_wconf 75' lang='grc' dir='ltr'><strong><em>Ἀλεξῖνος</em></strong></span> <span class='ocrx_word' id='word_1_121' title='bbox 566 2000 580 2065; x_wconf 80' lang='grc' dir='ltr'><strong><em>δ</em></strong></span> <span class='ocrx_word' id='word_1_122' title='bbox 612 2001 778 2079; x_wconf 65' lang='grc' dir='ltr'><strong>ἀνάγωγος</strong></span> <span class='ocrx_word' id='word_1_123' title='bbox 810 2001 863 2066; x_wconf 77' lang='lat' dir='ltr'><strong>nal</strong></span> <span class='ocrx_word' id='word_1_124' title='bbox 896 2000 1072 2081; x_wconf 73' lang='grc' dir='ltr'><strong><em>Ἐπίκουρος</em></strong></span> <span class='ocrx_word' id='word_1_125' title='bbox 1104 2001 1118 2065; x_wconf 81' lang='lat' dir='ltr'><strong>d</strong></span> <span class='ocrx_word' id='word_1_126' title='bbox 1149 2000 1331 2076; x_wconf 72' lang='grc' dir='ltr'><strong><em>οὶνοιίσθηπος</em></strong></span> <span class='ocrx_word' id='word_1_127' title='bbox 1362 1997 1418 2062; x_wconf 78' lang='lat' dir='ltr'><strong>nol</strong></span> 
     </span>
     <span class='ocr_line' id='line_1_16' title="bbox 227 2103 1419 2189; baseline 0.001 -21"><span class='ocrx_word' id='word_1_128' title='bbox 227 2103 406 2182; x_wconf 74' lang='grc' dir='ltr'><strong><em>Μενέδημος</em></strong></span> <span class='ocrx_word' id='word_1_129' title='bbox 430 2105 445 2169; x_wconf 84' lang='lat' dir='ltr'><strong>d</strong></span> <span class='ocrx_word' id='word_1_130' title='bbox 468 2113 516 2181; x_wconf 81' lang='grc' dir='ltr'><strong>λιῑ</strong></span> <span class='ocrx_word' id='word_1_131' title='bbox 524 2129 587 2187; x_wconf 85' lang='grc' dir='ltr'><strong>ρος</strong></span> <span class='ocrx_word' id='word_1_132' title='bbox 612 2105 646 2172; x_wconf 80' lang='grc' dir='ltr'><strong>οὔ</strong></span> <span class='ocrx_word' id='word_1_133' title='bbox 666 2114 781 2189; x_wconf 82' lang='grc' dir='ltr'><strong><em>Φοισιν,</em></strong></span> <span class='ocrx_word' id='word_1_134' title='bbox 805 2107 1008 2188; x_wconf 74' lang='grc' dir='ltr'><strong><em>ἕρσισδησεσοιι</em></strong></span> <span class='ocrx_word' id='word_1_135' title='bbox 1030 2104 1102 2187; x_wconf 75' lang='grc' dir='ltr'><strong><em>ἄρα.</em></strong></span> <span class='ocrx_word' id='word_1_136' title='bbox 1147 2105 1216 2186; x_wconf 85' lang='lat' dir='ltr'><strong>Quo</strong></span> <span class='ocrx_word' id='word_1_137' title='bbox 1239 2105 1308 2170; x_wconf 87' lang='lat' dir='ltr'><strong>iure</strong></span> <span class='ocrx_word' id='word_1_138' title='bbox 1328 2105 1343 2170; x_wconf 78' lang='grc' dir='ltr'><em>ὃ</em></span> <span class='ocrx_word' id='word_1_139' title='bbox 1361 2109 1419 2177; x_wconf 75' lang='grc' dir='ltr'><strong>λῆ-</strong></span> 
     </span>
     <span class='ocr_line' id='line_1_17' title="bbox 226 2207 1419 2298; baseline -0.001 -24"><span class='ocrx_word' id='word_1_140' title='bbox 226 2232 273 2291; x_wconf 80' lang='grc' dir='ltr'><strong>ρος</strong></span> <span class='ocrx_word' id='word_1_141' title='bbox 306 2207 520 2296; x_wconf 84' lang='lat' dir='ltr'><strong>suppleverim</strong></span> <span class='ocrx_word' id='word_1_142' title='bbox 556 2210 627 2277; x_wconf 84' lang='lat' dir='ltr'><strong>vide</strong></span> <span class='ocrx_word' id='word_1_143' title='bbox 660 2211 743 2298; x_wconf 92' lang='lat' dir='ltr'><strong>apud</strong></span> <span class='ocrx_word' id='word_1_144' title='bbox 778 2211 865 2280; x_wconf 84' lang='lat' dir='ltr'><strong>[hou.</strong></span> <span class='ocrx_word' id='word_1_145' title='bbox 897 2212 1007 2278; x_wconf 80' lang='lat' dir='ltr'><strong>hnenr.</strong></span> <span class='ocrx_word' id='word_1_146' title='bbox 1038 2211 1079 2278; x_wconf 91' lang='lat' dir='ltr'><strong>ll.</strong></span> <span class='ocrx_word' id='word_1_147' title='bbox 1116 2212 1134 2296; x_wconf 87' lang='lat'><em>§</em></span> <span class='ocrx_word' id='word_1_148' title='bbox 1171 2215 1245 2278; x_wconf 83' lang='lat'><strong>140.</strong></span> <span class='ocrx_word' id='word_1_149' title='bbox 1292 2208 1419 2276; x_wconf 87' lang='lat' dir='ltr'><strong>hddam</strong></span> 
     </span>
     <span class='ocr_line' id='line_1_18' title="bbox 229 2315 1419 2405; baseline 0.001 -26"><span class='ocrx_word' id='word_1_150' title='bbox 229 2333 329 2380; x_wconf 92' lang='lat' dir='ltr'><strong>unum</strong></span> <span class='ocrx_word' id='word_1_151' title='bbox 363 2315 467 2381; x_wconf 89' lang='lat' dir='ltr'><strong>locum</strong></span> <span class='ocrx_word' id='word_1_152' title='bbox 498 2335 536 2382; x_wconf 84' lang='lat' dir='ltr'><strong>ex</strong></span> <span class='ocrx_word' id='word_1_153' title='bbox 570 2317 745 2404; x_wconf 86' lang='lat' dir='ltr'><strong>Appendice</strong></span> <span class='ocrx_word' id='word_1_154' title='bbox 769 2317 970 2396; x_wconf 78' lang='lat' dir='ltr'><strong>Florentino,</strong></span> <span class='ocrx_word' id='word_1_155' title='bbox 1002 2337 1098 2405; x_wconf 86' lang='lat' dir='ltr'><strong>quam</strong></span> <span class='ocrx_word' id='word_1_156' title='bbox 1124 2316 1200 2383; x_wconf 91' lang='lat' dir='ltr'><strong>olim</strong></span> <span class='ocrx_word' id='word_1_157' title='bbox 1225 2336 1262 2381; x_wconf 86' lang='lat' dir='ltr'><strong>ex</strong></span> <span class='ocrx_word' id='word_1_158' title='bbox 1284 2315 1419 2381; x_wconf 81' lang='lat' dir='ltr'><strong>lonnnne</strong></span> 
     </span>
     <span class='ocr_line' id='line_1_19' title="bbox 228 2419 1417 2511; baseline 0.002 -27"><span class='ocrx_word' id='word_1_159' title='bbox 228 2419 410 2486; x_wconf 70' lang='lat' dir='ltr'><strong>Damascene</strong></span> <span class='ocrx_word' id='word_1_160' title='bbox 445 2428 629 2508; x_wconf 82' lang='lat' dir='ltr'><strong>excerptam</strong></span> <span class='ocrx_word' id='word_1_161' title='bbox 666 2422 853 2490; x_wconf 82' lang='lat' dir='ltr'><strong>Gnrsnoncus</strong></span> <span class='ocrx_word' id='word_1_162' title='bbox 885 2423 1058 2511; x_wconf 81' lang='lat' dir='ltr'><strong>Florilcpio</strong></span> <span class='ocrx_word' id='word_1_163' title='bbox 1094 2421 1221 2489; x_wconf 85' lang='lat' dir='ltr'><strong>Sronnm</strong></span> <span class='ocrx_word' id='word_1_164' title='bbox 1258 2419 1417 2499; x_wconf 85' lang='lat' dir='ltr'><strong>subiecit,</strong></span> 
     </span>
     <span class='ocr_line' id='line_1_20' title="bbox 229 2525 1420 2614; baseline 0.001 -24"><span class='ocrx_word' id='word_1_165' title='bbox 229 2545 333 2612; x_wconf 85' lang='lat' dir='ltr'><strong>nuper</strong></span> <span class='ocrx_word' id='word_1_166' title='bbox 357 2526 467 2592; x_wconf 79' lang='lat' dir='ltr'><strong>multis</strong></span> <span class='ocrx_word' id='word_1_167' title='bbox 493 2527 677 2595; x_wconf 87' lang='lat' dir='ltr'><strong>nominihus</strong></span> <span class='ocrx_word' id='word_1_168' title='bbox 700 2530 901 2597; x_wconf 86' lang='lat' dir='ltr'><strong>emendatam</strong></span> <span class='ocrx_word' id='word_1_169' title='bbox 925 2539 957 2596; x_wconf 88' lang='lat' dir='ltr'><strong>et</strong></span> <span class='ocrx_word' id='word_1_170' title='bbox 977 2529 1165 2614; x_wconf 90' lang='lat' dir='ltr'><strong>diligentius</strong></span> <span class='ocrx_word' id='word_1_171' title='bbox 1182 2549 1220 2595; x_wconf 82' lang='lat' dir='ltr'><strong>cx</strong></span> <span class='ocrx_word' id='word_1_172' title='bbox 1236 2525 1420 2614; x_wconf 89' lang='lat' dir='ltr'><strong>apographo</strong></span> 
     </span>
     <span class='ocr_line' id='line_1_21' title="bbox 230 2629 1418 2724; baseline 0.003 -29"><span class='ocrx_word' id='word_1_173' title='bbox 230 2629 457 2698; x_wconf 80' lang='lat' dir='ltr'><strong>Iinhndcninnn</strong></span> <span class='ocrx_word' id='word_1_174' title='bbox 491 2632 686 2722; x_wconf 87' lang='lat' dir='ltr'><strong>descriptam</strong></span> <span class='ocrx_word' id='word_1_175' title='bbox 721 2638 850 2724; x_wconf 89' lang='lat' dir='ltr'><strong>repetiit</strong></span> <span class='ocrx_word' id='word_1_176' title='bbox 881 2636 913 2701; x_wconf 92' lang='lat' dir='ltr'><strong>in</strong></span> <span class='ocrx_word' id='word_1_177' title='bbox 938 2635 1078 2702; x_wconf 81' lang='lat' dir='ltr'><strong>editione</strong></span> <span class='ocrx_word' id='word_1_178' title='bbox 1104 2633 1295 2721; x_wconf 78' lang='lat' dir='ltr'><strong>Fclopurrrm</strong></span> <span class='ocrx_word' id='word_1_179' title='bbox 1317 2631 1418 2718; x_wconf 76' lang='lat' dir='ltr'><strong>Phys.</strong></span> 
     </span>
     <span class='ocr_line' id='line_1_22' title="bbox 229 2737 1420 2832; baseline -0.001 -26"><span class='ocrx_word' id='word_1_180' title='bbox 229 2739 389 2832; x_wconf 78' lang='lat' dir='ltr'><strong>etlithic.</strong></span> <span class='ocrx_word' id='word_1_181' title='bbox 418 2737 545 2818; x_wconf 75' lang='lat' dir='ltr'><strong>oxonii,</strong></span> <span class='ocrx_word' id='word_1_182' title='bbox 575 2745 669 2808; x_wconf 78' lang='lat' dir='ltr'><strong>tenu.</strong></span> <span class='ocrx_word' id='word_1_183' title='bbox 719 2743 854 2827; x_wconf 80' lang='lat' dir='ltr'><strong>Legitur</strong></span> <span class='ocrx_word' id='word_1_184' title='bbox 879 2743 951 2808; x_wconf 90' lang='lat' dir='ltr'><strong>istic</strong></span> <span class='ocrx_word' id='word_1_185' title='bbox 974 2763 1005 2828; x_wconf 90' lang='lat' dir='ltr'><strong>p.</strong></span> <span class='ocrx_word' id='word_1_186' title='bbox 1037 2746 1096 2807; x_wconf 76' lang='lat'><strong>105</strong></span> <span class='ocrx_word' id='word_1_187' title='bbox 1120 2742 1142 2806; x_wconf 83' lang='lat' dir='ltr'>C</span> <span class='ocrx_word' id='word_1_188' title='bbox 1168 2741 1213 2829; x_wconf 93' lang='lat' dir='ltr'><strong>(p.</strong></span> <span class='ocrx_word' id='word_1_189' title='bbox 1239 2744 1303 2806; x_wconf 83' lang='grc'><strong>798</strong></span> <span class='ocrx_word' id='word_1_190' title='bbox 1319 2758 1420 2805; x_wconf 84' lang='lat' dir='ltr'><strong>novae</strong></span> 
     </span>
     <span class='ocr_line' id='line_1_23' title="bbox 229 2843 1420 2937; baseline -0.003 -23"><span class='ocrx_word' id='word_1_191' title='bbox 229 2847 339 2937; x_wconf 89' lang='lat' dir='ltr'><strong>edii.):</strong></span> <span class='ocrx_word' id='word_1_192' title='bbox 359 2847 393 2928; x_wconf 66' lang='lat' dir='ltr'><strong>te</strong></span> <span class='ocrx_word' id='word_1_193' title='bbox 418 2846 453 2912; x_wconf 77' lang='lat' dir='ltr'><strong>nd</strong></span> <span class='ocrx_word' id='word_1_194' title='bbox 478 2851 542 2913; x_wconf 82' lang='grc' dir='ltr'><strong><em>πῖον</em></strong></span> <span class='ocrx_word' id='word_1_195' title='bbox 563 2848 734 2930; x_wconf 73' lang='grc' dir='ltr'><strong><em>ἐπιτρέψας</em></strong></span> <span class='ocrx_word' id='word_1_196' title='bbox 755 2849 836 2915; x_wconf 75' lang='grc' dir='ltr'><strong><em>οὐδὲν</em></strong></span> <span class='ocrx_word' id='word_1_197' title='bbox 858 2849 951 2923; x_wconf 72' lang='lat' dir='ltr'><strong>edric</strong></span> <span class='ocrx_word' id='word_1_198' title='bbox 968 2847 1116 2930; x_wconf 72' lang='grc' dir='ltr'><strong><em>Φρονπιζιι</em></strong></span> <span class='ocrx_word' id='word_1_199' title='bbox 1136 2848 1194 2912; x_wconf 81' lang='grc' dir='ltr'><strong>σῶν</strong></span> <span class='ocrx_word' id='word_1_200' title='bbox 1213 2843 1420 2928; x_wconf 69' lang='grc' dir='ltr'><strong><em>σοφισμάτων</em></strong></span> 
     </span>
     <span class='ocr_line' id='line_1_24' title="bbox 230 2950 1421 3038; baseline -0.003 -18"><span class='ocrx_word' id='word_1_201' title='bbox 230 2955 322 3032; x_wconf 80' lang='grc' dir='ltr'><strong><em>ὑμῶν.</em></strong></span> <span class='ocrx_word' id='word_1_202' title='bbox 370 2952 431 3017; x_wconf 90' lang='lat' dir='ltr'><strong>Pro</strong></span> <span class='ocrx_word' id='word_1_203' title='bbox 459 2953 511 3033; x_wconf 74' lang='lat' dir='ltr'><strong>ini,</strong></span> <span class='ocrx_word' id='word_1_204' title='bbox 543 2952 627 3038; x_wconf 84' lang='lat' dir='ltr'><strong>qnod</strong></span> <span class='ocrx_word' id='word_1_205' title='bbox 660 2955 755 3019; x_wconf 89' lang='lat' dir='ltr'><strong>nauci</strong></span> <span class='ocrx_word' id='word_1_206' title='bbox 779 2973 841 3019; x_wconf 93' lang='lat' dir='ltr'><strong>non</strong></span> <span class='ocrx_word' id='word_1_207' title='bbox 863 2962 931 3032; x_wconf 89' lang='lat' dir='ltr'><strong>est,</strong></span> <span class='ocrx_word' id='word_1_208' title='bbox 964 2953 1056 3020; x_wconf 86' lang='lat' dir='ltr'><strong>video</strong></span> <span class='ocrx_word' id='word_1_209' title='bbox 1080 2953 1223 3019; x_wconf 83' lang='lat' dir='ltr'><strong>llncnnnn</strong></span> <span class='ocrx_word' id='word_1_210' title='bbox 1246 2954 1288 3034; x_wconf 73' lang='grc' dir='ltr'><strong>τῷ</strong></span> <span class='ocrx_word' id='word_1_211' title='bbox 1313 2950 1421 3033; x_wconf 77' lang='grc' dir='ltr'><strong><em>δικοιφ</em></strong></span> 
     </span>
     <span class='ocr_line' id='line_1_25' title="bbox 230 3056 1420 3145; baseline -0.003 -21"><span class='ocrx_word' id='word_1_212' title='bbox 230 3059 403 3144; x_wconf 77' lang='lat' dir='ltr'><strong>porrigere.</strong></span> <span class='ocrx_word' id='word_1_213' title='bbox 450 3057 549 3122; x_wconf 86' lang='lat' dir='ltr'><strong>llulto</strong></span> <span class='ocrx_word' id='word_1_214' title='bbox 573 3056 700 3124; x_wconf 80' lang='lat' dir='ltr'><strong>[acilius</strong></span> <span class='ocrx_word' id='word_1_215' title='bbox 722 3058 780 3124; x_wconf 91' lang='lat' dir='ltr'><strong>hoo</strong></span> <span class='ocrx_word' id='word_1_216' title='bbox 802 3060 965 3144; x_wconf 80' lang='lat' dir='ltr'><strong>negotium</strong></span> <span class='ocrx_word' id='word_1_217' title='bbox 987 3069 1051 3126; x_wconf 87' lang='lat' dir='ltr'><strong>est:</strong></span> <span class='ocrx_word' id='word_1_218' title='bbox 1076 3059 1108 3125; x_wconf 94' lang='lat' dir='ltr'><strong>in</strong></span> <span class='ocrx_word' id='word_1_219' title='bbox 1130 3059 1163 3140; x_wconf 74' lang='grc' dir='ltr'><strong>ἰῷ</strong></span> <span class='ocrx_word' id='word_1_220' title='bbox 1183 3058 1288 3145; x_wconf 89' lang='lat' dir='ltr'><strong>prima</strong></span> <span class='ocrx_word' id='word_1_221' title='bbox 1308 3056 1420 3122; x_wconf 89' lang='lat' dir='ltr'><strong>littera</strong></span> 
     </span>
     <span class='ocr_line' id='line_1_26' title="bbox 232 3162 1420 3250; baseline 0 -22"><span class='ocrx_word' id='word_1_222' title='bbox 232 3183 293 3228; x_wconf 94' lang='lat' dir='ltr'><strong>non</strong></span> <span class='ocrx_word' id='word_1_223' title='bbox 327 3171 376 3229; x_wconf 80' lang='lat' dir='ltr'><strong>eet</strong></span> <span class='ocrx_word' id='word_1_224' title='bbox 407 3183 445 3228; x_wconf 79' lang='lat' dir='ltr'><strong>en</strong></span> <span class='ocrx_word' id='word_1_225' title='bbox 477 3163 610 3250; x_wconf 90' lang='lat' dir='ltr'><strong>antiquo</strong></span> <span class='ocrx_word' id='word_1_226' title='bbox 641 3162 723 3230; x_wconf 87' lang='lat' dir='ltr'><strong>libro</strong></span> <span class='ocrx_word' id='word_1_227' title='bbox 756 3173 862 3232; x_wconf 81' lang='lat' dir='ltr'><strong>sumta</strong></span> <span class='ocrx_word' id='word_1_228' title='bbox 886 3164 940 3232; x_wconf 88' lang='lat' dir='ltr'><strong>sed</strong></span> <span class='ocrx_word' id='word_1_229' title='bbox 966 3173 1104 3244; x_wconf 88' lang='lat' dir='ltr'><strong>temere,</strong></span> <span class='ocrx_word' id='word_1_230' title='bbox 1131 3174 1165 3230; x_wconf 94' lang='lat' dir='ltr'><strong>ut</strong></span> <span class='ocrx_word' id='word_1_231' title='bbox 1191 3184 1262 3230; x_wconf 87' lang='lat' dir='ltr'><strong>mox</strong></span> <span class='ocrx_word' id='word_1_232' title='bbox 1285 3162 1420 3229; x_wconf 92' lang='lat' dir='ltr'><strong>demon-</strong></span> 
     </span>
     <span class='ocr_line' id='line_1_27' title="bbox 228 3267 1422 3358; baseline -0.001 -23"><span class='ocrx_word' id='word_1_233' title='bbox 228 3267 357 3343; x_wconf 85' lang='lat' dir='ltr'><strong>strahc,</strong></span> <span class='ocrx_word' id='word_1_234' title='bbox 390 3268 429 3334; x_wconf 90' lang='lat' dir='ltr'><strong>ah</strong></span> <span class='ocrx_word' id='word_1_235' title='bbox 463 3269 570 3355; x_wconf 90' lang='lat' dir='ltr'><strong>inepto</strong></span> <span class='ocrx_word' id='word_1_236' title='bbox 599 3268 811 3337; x_wconf 87' lang='lat' dir='ltr'><strong>homuncione</strong></span> <span class='ocrx_word' id='word_1_237' title='bbox 835 3270 973 3358; x_wconf 90' lang='lat' dir='ltr'><strong>adpicta.</strong></span> <span class='ocrx_word' id='word_1_238' title='bbox 1023 3271 1143 3337; x_wconf 84' lang='lat' dir='ltr'><strong>Littera</strong></span> <span class='ocrx_word' id='word_1_239' title='bbox 1166 3269 1299 3335; x_wconf 86' lang='lat' dir='ltr'><strong>initialis</strong></span> <span class='ocrx_word' id='word_1_240' title='bbox 1323 3267 1422 3356; x_wconf 83' lang='lat' dir='ltr'><strong>perlit</strong></span> 
     </span>
     <span class='ocr_line' id='line_1_28' title="bbox 229 3375 1419 3464; baseline -0.002 -23"><span class='ocrx_word' id='word_1_241' title='bbox 229 3385 261 3441; x_wconf 92' lang='lat' dir='ltr'><strong>et</strong></span> <span class='ocrx_word' id='word_1_242' title='bbox 296 3383 443 3462; x_wconf 79' lang='lat' dir='ltr'><strong>superest</strong></span> <span class='ocrx_word' id='word_1_243' title='bbox 475 3375 507 3456; x_wconf 78' lang='grc' dir='ltr'><strong>ᾧ.</strong></span> <span class='ocrx_word' id='word_1_244' title='bbox 555 3375 678 3462; x_wconf 84' lang='lat' dir='ltr'><strong>Ecquid</strong></span> <span class='ocrx_word' id='word_1_245' title='bbox 708 3397 778 3443; x_wconf 86' lang='lat' dir='ltr'><strong>esse</strong></span> <span class='ocrx_word' id='word_1_246' title='bbox 803 3387 906 3464; x_wconf 89' lang='lat' dir='ltr'><strong>potest</strong></span> <span class='ocrx_word' id='word_1_247' title='bbox 930 3379 1052 3444; x_wconf 90' lang='lat' dir='ltr'><strong>certius</strong></span> <span class='ocrx_word' id='word_1_248' title='bbox 1074 3395 1170 3463; x_wconf 80' lang='lat' dir='ltr'><strong>qinam</strong></span> <span class='ocrx_word' id='word_1_249' title='bbox 1197 3375 1234 3459; x_wconf 66' lang='lat' dir='ltr'><strong>igi</strong></span> <span class='ocrx_word' id='word_1_250' title='bbox 1259 3376 1291 3440; x_wconf 94' lang='lat' dir='ltr'><strong>in</strong></span> <span class='ocrx_word' id='word_1_251' title='bbox 1317 3375 1419 3441; x_wconf 86' lang='lat' dir='ltr'><strong>reteri</strong></span> 
     </span>
    </p>
   </div>
   <div class='ocr_carea' id='block_1_5' title="bbox 229 3479 1422 3654">
    <p class='ocr_par' dir='ltr' id='par_1_5' title="bbox 229 3479 1422 3654">
     <span class='ocr_line' id='line_1_29' title="bbox 229 3479 1422 3571; baseline 0.002 -25"><span class='ocrx_word' id='word_1_252' title='bbox 229 3479 338 3547; x_wconf 91' lang='lat' dir='ltr'><strong>codice</strong></span> <span class='ocrx_word' id='word_1_253' title='bbox 371 3489 537 3548; x_wconf 86' lang='lat' dir='ltr'><strong>exaratum</strong></span> <span class='ocrx_word' id='word_1_254' title='bbox 571 3480 671 3550; x_wconf 84' lang='lat' dir='ltr'><strong>luisse</strong></span> <span class='ocrx_word' id='word_1_255' title='bbox 699 3492 731 3551; x_wconf 92' lang='lat' dir='ltr'><strong>et</strong></span> <span class='ocrx_word' id='word_1_256' title='bbox 760 3483 948 3571; x_wconf 86' lang='lat' dir='ltr'><strong>legendum:</strong></span> <span class='ocrx_word' id='word_1_257' title='bbox 982 3486 1066 3566; x_wconf 82' lang='grc' dir='ltr'><strong><em>Θεῷ</em></strong></span> <span class='ocrx_word' id='word_1_258' title='bbox 1097 3481 1132 3549; x_wconf 76' lang='lat' dir='ltr'><strong>ni</strong></span> <span class='ocrx_word' id='word_1_259' title='bbox 1163 3485 1227 3550; x_wconf 77' lang='lat' dir='ltr'><strong>noir</strong></span> <span class='ocrx_word' id='word_1_260' title='bbox 1249 3481 1422 3564; x_wconf 66' lang='grc' dir='ltr'><strong><em>ἐπιτρέψας</em></strong></span> 
     </span>
     <span class='ocr_line' id='line_1_30' title="bbox 229 3585 317 3654; baseline -0.011 -2"><span class='ocrx_word' id='word_1_261' title='bbox 229 3585 317 3654; x_wconf 65' lang='lat' dir='ltr'><strong>ruehl</strong></span> 
     </span>
    </p>
   </div>
   <div class='ocr_carea' id='block_1_6' title="bbox 696 3801 955 3876">
    <p class='ocr_par' dir='ltr' id='par_1_6' title="bbox 696 3801 955 3876">
     <span class='ocr_line' id='line_1_31' title="bbox 696 3801 955 3876; baseline -0.004 -6"><span class='ocrx_word' id='word_1_262' title='bbox 696 3801 878 3876; x_wconf 76' lang='lat' dir='ltr'><strong>CAPUT,</strong></span> <span class='ocrx_word' id='word_1_263' title='bbox 908 3801 955 3870; x_wconf 92' lang='lat' dir='ltr'><strong>ll.</strong></span> 
     </span>
    </p>
   </div>
   <div class='ocr_carea' id='block_1_7' title="bbox 152 4012 1424 4528">
    <p class='ocr_par' dir='ltr' id='par_1_7' title="bbox 152 4012 1424 4528">
     <span class='ocr_line' id='line_1_32' title="bbox 275 4012 1422 4110; baseline -0.001 -30"><span class='ocrx_word' id='word_1_264' title='bbox 275 4013 441 4110; x_wconf 74' lang='lat' dir='ltr'><strong>Appendirr</strong></span> <span class='ocrx_word' id='word_1_265' title='bbox 473 4013 673 4092; x_wconf 80' lang='lat' dir='ltr'><strong>Florentino,</strong></span> <span class='ocrx_word' id='word_1_266' title='bbox 708 4015 803 4083; x_wconf 90' lang='lat' dir='ltr'><strong>cuius</strong></span> <span class='ocrx_word' id='word_1_267' title='bbox 827 4016 1021 4083; x_wconf 86' lang='lat' dir='ltr'><strong>mentionem</strong></span> <span class='ocrx_word' id='word_1_268' title='bbox 1048 4013 1240 4092; x_wconf 87' lang='lat' dir='ltr'><strong>iniecimus,</strong></span> <span class='ocrx_word' id='word_1_269' title='bbox 1264 4013 1340 4101; x_wconf 87' lang='lat' dir='ltr'><strong>quia</strong></span> <span class='ocrx_word' id='word_1_270' title='bbox 1364 4012 1422 4079; x_wconf 91' lang='lat' dir='ltr'><strong>ob-</strong></span> 
     </span>
     <span class='ocr_line' id='line_1_33' title="bbox 152 4119 1423 4216; baseline -0.002 -28"><span class='ocrx_word' id='word_1_271' title='bbox 152 4205 157 4216; x_wconf 35' lang='lat'>·</span> <span class='ocrx_word' id='word_1_272' title='bbox 233 4120 469 4188; x_wconf 84' lang='lat' dir='ltr'><strong>servationihus</strong></span> <span class='ocrx_word' id='word_1_273' title='bbox 493 4121 618 4186; x_wconf 87' lang='lat' dir='ltr'><strong>criticis</strong></span> <span class='ocrx_word' id='word_1_274' title='bbox 642 4120 680 4188; x_wconf 91' lang='lat' dir='ltr'><strong>de</strong></span> <span class='ocrx_word' id='word_1_275' title='bbox 705 4141 822 4206; x_wconf 85' lang='lat' dir='ltr'><strong>genere</strong></span> <span class='ocrx_word' id='word_1_276' title='bbox 847 4119 1111 4208; x_wconf 86' lang='lat' dir='ltr'><strong>palaeographico</strong></span> <span class='ocrx_word' id='word_1_277' title='bbox 1133 4120 1327 4187; x_wconf 87' lang='lat' dir='ltr'><strong>uberrimam</strong></span> <span class='ocrx_word' id='word_1_278' title='bbox 1350 4140 1423 4186; x_wconf 90' lang='lat' dir='ltr'><strong>ma·</strong></span> 
     </span>
     <span class='ocr_line' id='line_1_34' title="bbox 230 4225 1422 4315; baseline -0.001 -20"><span class='ocrx_word' id='word_1_279' title='bbox 230 4229 345 4295; x_wconf 90' lang='lat' dir='ltr'><strong>teriam</strong></span> <span class='ocrx_word' id='word_1_280' title='bbox 378 4225 530 4315; x_wconf 87' lang='lat' dir='ltr'><strong>praebere</strong></span> <span class='ocrx_word' id='word_1_281' title='bbox 556 4235 677 4313; x_wconf 84' lang='lat' dir='ltr'><strong>potest,</strong></span> <span class='ocrx_word' id='word_1_282' title='bbox 712 4227 807 4294; x_wconf 92' lang='lat' dir='ltr'><strong>huius</strong></span> <span class='ocrx_word' id='word_1_283' title='bbox 831 4229 947 4315; x_wconf 87' lang='lat' dir='ltr'><strong>eapitis</strong></span> <span class='ocrx_word' id='word_1_284' title='bbox 971 4236 1198 4313; x_wconf 87' lang='lat' dir='ltr'><strong>argumentum</strong></span> <span class='ocrx_word' id='word_1_285' title='bbox 1220 4234 1299 4295; x_wconf 87' lang='lat' dir='ltr'><strong>esto.</strong></span> <span class='ocrx_word' id='word_1_286' title='bbox 1348 4227 1422 4294; x_wconf 90' lang='lat' dir='ltr'><strong>Ser·</strong></span> 
     </span>
     <span class='ocr_line' id='line_1_35' title="bbox 231 4331 1424 4419; baseline -0.001 -18"><span class='ocrx_word' id='word_1_287' title='bbox 231 4343 327 4401; x_wconf 83' lang='lat' dir='ltr'><strong>ratur</strong></span> <span class='ocrx_word' id='word_1_288' title='bbox 350 4333 529 4399; x_wconf 82' lang='lat' dir='ltr'><strong>Florentiae</strong></span> <span class='ocrx_word' id='word_1_289' title='bbox 549 4335 580 4398; x_wconf 92' lang='lat' dir='ltr'><strong>in</strong></span> <span class='ocrx_word' id='word_1_290' title='bbox 603 4333 799 4400; x_wconf 84' lang='lat' dir='ltr'><strong>Bibliotheca</strong></span> <span class='ocrx_word' id='word_1_291' title='bbox 823 4333 1035 4400; x_wconf 86' lang='lat' dir='ltr'><strong>Lnnrrntinnn</strong></span> <span class='ocrx_word' id='word_1_292' title='bbox 1058 4331 1172 4410; x_wconf 82' lang='lat' dir='ltr'><strong>codex,</strong></span> <span class='ocrx_word' id='word_1_293' title='bbox 1196 4353 1260 4419; x_wconf 88' lang='lat' dir='ltr'><strong>quo</strong></span> <span class='ocrx_word' id='word_1_294' title='bbox 1280 4333 1424 4401; x_wconf 80' lang='lat' dir='ltr'><strong>lonunms</strong></span> 
     </span>
     <span class='ocr_line' id='line_1_36' title="bbox 232 4437 1422 4528; baseline -0.002 -18"><span class='ocrx_word' id='word_1_295' title='bbox 232 4443 407 4510; x_wconf 79' lang='lat' dir='ltr'><strong>linnnscnrn</strong></span> <span class='ocrx_word' id='word_1_296' title='bbox 433 4438 596 4505; x_wconf 86' lang='lat' dir='ltr'><strong>Pornlleio</strong></span> <span class='ocrx_word' id='word_1_297' title='bbox 619 4438 717 4506; x_wconf 85' lang='lat' dir='ltr'><strong>Sucro</strong></span> <span class='ocrx_word' id='word_1_298' title='bbox 740 4442 960 4507; x_wconf 89' lang='lat' dir='ltr'><strong>continentur.</strong></span> <span class='ocrx_word' id='word_1_299' title='bbox 996 4439 1027 4506; x_wconf 83' lang='lat' dir='ltr'><strong>la</strong></span> <span class='ocrx_word' id='word_1_300' title='bbox 1045 4437 1139 4505; x_wconf 89' lang='lat' dir='ltr'><strong>homo</strong></span> <span class='ocrx_word' id='word_1_301' title='bbox 1159 4438 1274 4507; x_wconf 87' lang='lat' dir='ltr'><strong>honam</strong></span> <span class='ocrx_word' id='word_1_302' title='bbox 1295 4445 1422 4528; x_wconf 83' lang='lat' dir='ltr'><strong>partem</strong></span> 
     </span>
    </p>
   </div>
   <div class='ocr_carea' id='block_1_8' title="bbox 0 0 1603 4972">
    <p class='ocr_par' dir='ltr' id='par_1_8' title="bbox 0 0 1603 4972">
     <span class='ocr_line' id='line_1_37' title="bbox 0 0 1603 4972; baseline 0 0"><span class='ocrx_word' id='word_1_303' title='bbox 0 0 1603 4972; x_wconf 95' lang='lat' dir='ltr'><strong> </strong></span> 
     </span>
    </p>
   </div>
  </div>
 </body>
</html>
