3178 4972
556 1889 1034 1958 PRAEFA'HO.

684 2195 902 2212 vwwummwwws

245 2436 365 2516 „Nullo
393 2438 485 2504 facile
508 2459 558 2505 ors
581 2459 617 2504 oc
639 2437 902 2524 disciplineplue
924 2437 977 2506 vel
1000 2438 1140 2510 invidiae
1163 2437 1215 2504 vel
1238 2436 1388 2502 infamiae

193 2562 336 2652 succepit
369 2580 466 2644 quam
496 2581 576 2646 quoe
607 2579 626 2624 a
654 2561 823 2644 primario,
856 2559 940 2644 quod
969 2561 1003 2624 in
1034 2559 1202 2624 iudicando
1231 2561 1387 2635 cernitur,
1512 2597 1516 2606 =

193 2700 328 2744 munere
364 2677 483 2747 Oritica
517 2679 724 2766 appelletur.’'
759 2677 897 2746 Centum
930 2681 995 2744 fene
1028 2683 1102 2746 ormi
1132 2685 1224 2759 aunt,
1255 2702 1294 2745 ex
1326 2699 1388 2764 quo

194 2800 407 2867 Ruhnkeniue
435 2801 487 2868 hia
516 2803 622 2868 verbis
649 2800 886 2867 Hemeterhusii
916 2802 1054 2883 Electum
1071 2787 1203 2866 exortus
1227 2806 1291 2878 est,
1315 2821 1386 2864 nec-

194 2924 276 2988 dum
306 2922 402 3012 longo
427 2923 493 2988 dieo
516 2943 663 3008 perverse
684 2923 804 2988 iudicio
826 2923 864 2988 dc
887 2927 954 2988 erte
976 2941 1039 2988 una
1061 2923 1207 2987 omnium
1227 2925 1386 3007 praestan·

194 3047 322 3110 tissima
354 3067 393 3110 ex
425 3044 629 3130 popularium
661 3051 842 3110 nostrorum
875 3045 991 3110 animis
1022 3045 1150 3109 exemit.
1193 3042 1385 3109 Etiamnunc

194 3185 275 3250 opus
298 3171 346 3231 eet
367 3163 451 3244 illia,
476 3167 531 3252 qui
555 3162 691 3231 Oriticae
713 3167 906 3253 dignitatem
933 3171 965 3230 et
987 3163 1125 3252 gloriam
1147 3163 1310 3230 vindicent
1333 3169 1383 3242 et,

194 3296 234 3351 ut
260 3289 402 3353 muniar
429 3286 641 3352 Ruhnkeniuo
662 3287 762 3364 dixit,
786 3287 985 3352 innocontiam
1007 3293 1156 3351 emantur.
1191 3285 1383 3351 Etiamnunc

193 3409 365 3474 hominum
394 3411 476 3476 vitia
505 3409 545 3474 ud
574 3412 677 3494 ipsam
708 3415 810 3474 artem
839 3410 1049 3474 traducuntur
1078 3413 1110 3473 et
1139 3405 1258 3474 Oritico
1288 3407 1383 3472 modo

193 3533 386 3596 temeritatis
415 3534 448 3594 et
478 3529 627 3596 audaciae
656 3535 776 3608 mater,
800 3529 895 3595 modo
918 3531 1087 3616 nugatoria
1109 3528 1307 3616 syllabarum
1329 3549 1383 3593 au-

192 3673 268 3736 ceps
290 3651 409 3716 dicitur
430 3657 462 3716 et
483 3650 627 3716 habetur.
664 3649 747 3716 Sunt
767 3654 823 3737 qui
844 3649 1039 3736 praeclaram
1060 3671 1129 3716 rem
1152 3652 1229 3716 iocis
1247 3650 1383 3716 facetiie

191 3795 255 3858 que
277 3770 480 3838 ludificentur
502 3777 534 3837 et
556 3773 700 3837 criticam
721 3771 908 3838 facultatem
930 3773 1050 3837 mbana
1068 3771 1234 3836 dicacitate
1253 3770 1384 3836 eludant

190 3903 226 3961 et
256 3893 391 3960 rideant.
433 3889 539 3960 Facile
570 3893 703 3958 ferimus
733 3900 765 3959 et
794 3913 856 3958 uon
886 3892 1018 3978 illepide
1046 3915 1096 3958 res
1119 3897 1167 3958 eet
1189 3891 1383 3958 adversarios

190 4017 309 4082 habere
328 4021 396 4082 tum
413 4015 573 4081 ridiculos.
597 4015 666 4080 Alii
685 4021 787 4082 aetate
806 4021 838 4080 ct
857 4017 987 4102 ingenio
1005 4017 1166 4102 graviores
1183 4015 1382 4102 ingeniosam

190 4160 262 4205 rem
292 4157 359 4203 esee
384 4139 553 4224 opinantur
574 4142 607 4202 et
628 4139 746 4203 mentio
768 4139 977 4224 agitationem
999 4157 1061 4202 non
1083 4134 1233 4202 inutilem
1257 4134 1381 4213 afferre,

190 4259 249 4327 eod
280 4257 362 4324 nihil
391 4258 474 4344 quod
504 4263 627 4324 certum
658 4263 690 4324 et
719 4256 917 4343 exploratum
949 4261 991 4323 sit
1013 4277 1121 4344 parere
1142 4276 1249 4342 poeee3
1274 4257 1382 4342 itaque

191 4385 416 4448 ornamentum
450 4381 556 4466 magis
591 4385 623 4444 et
654 4378 922 4444 oblectamentum
952 4399 1019 4443 esse
1048 4378 1232 4444 hominibus
1261 4379 1384 4465 ingenii
