3204 4978
762 363 833 435 859

200 557 367 628 Sententia
391 559 469 628 dieti
494 566 526 626 et
550 569 690 626 metrum
716 567 837 626 certam
866 555 1124 626 emendationem
1149 555 1308 624 subiicere
1333 577 1388 642 po·

199 668 356 745 tuissent,
387 667 482 733 ouius
516 664 685 732 fideiussor
714 665 879 732 nonnos
910 664 974 730 erit
1011 665 1044 728 in
1079 662 1183 750 lpdip.
1214 665 1248 730 ιἰι
1280 663 1391 731 Tauris

200 791 247 838 vs.
274 777 351 839 250.

464 875 573 959 depone
597 877 647 943 έτδ
672 879 816 959 ῥηγμῖσιν
839 875 964 953 Ἀξένον
994 875 1095 958 τύρον.

200 983 290 1065 Quod
325 983 526 1050 ostendimus
554 981 607 1048 uti
632 979 682 1048 ύα
705 990 738 1049 et
760 977 839 1055 ύτως
864 982 1075 1048 indicativum
1102 975 1281 1068 postuient,
1314 980 1391 1048 ineit

201 1088 241 1155 od
270 1088 507 1156 emendandum
532 1087 615 1174 qood
641 1089 750 1154 stetim
777 1090 942 1174 sequitur:
980 1085 1180 1170 Στρατόνικος
1204 1088 1255 1153 τὸν
1279 1088 1309 1152 έν
1334 1099 1392 1154 Σε-

200 1197 279 1279 ρίφῳ
314 1195 396 1273 ξένον
435 1195 584 1276 ηρύτησεν
615 1197 668 1278 ἐφ’
703 1189 761 1276 inp
792 1201 851 1260 τῶν
886 1194 1085 1274 ἀδικημάτων
1115 1194 1206 1278 φνγη
1239 1193 1393 1261 τέτακται

111 1316 116 1324 ’
200 1301 275 1384 παρ’
300 1305 405 1375 αὐτοῖς
438 1303 606 1379 ἐπιτίμιον,
630 1300 766 1374 ύκούσας
803 1301 834 1366 δὲ
865 1297 910 1367 ύτι
942 1303 1012 1374 τούς
1047 1301 1297 1385 ῥριδιονργοῦντας
1328 1306 1392 1384 φν-

200 1409 384 1488 γαδεύοντι·
419 1408 464 1472 m
487 1403 555 1486 οὖν,
581 1401 686 1486 εἶπεν,
711 1409 765 1473 οὐκ
790 1405 1063 1491 ἐρρᾳδιούργησας,
1090 1405 1169 1480 ὅπως
1201 1408 1235 1471 ἐκ
1263 1416 1319 1483 τῆς
1343 1431 1391 1477 τε·

201 1511 349 1598 νὀχωρέας
373 1515 490 1588 ταύτης
507 1524 668 1596 μεταςρῑςς
687 1521 813 1578 eertum
835 1522 882 1578 est
905 1512 1132 1598 corrigendum
1154 1532 1224 1579 esse
1247 1512 1392 1592 μετέτης.

202 1620 288 1686 idem
334 1618 514 1686 remedium
556 1619 775 1684 Tnsonsnnsso
811 1618 1027 1684 adhibendum
1071 1616 1156 1705 opud
1197 1619 1395 1686 Ponousmms

201 1727 239 1792 de
262 1725 382 1792 Atsn'n.
409 1725 463 1790 IV.
489 1729 542 1790 20.
566 1723 625 1791 etto
659 1727 713 1800 την
743 1725 947 1804 μούεοομένην
975 1723 1088 1803 ἄλιμον
1120 1723 1173 1790 καὶ
1204 1723 1313 1808 ἄδιψον
1340 1725 1392 1792 εύ-

202 1855 289 1914 τορον
312 1829 345 1907 ἦν
377 1831 542 1904 κεκτῆσθαι
573 1827 619 1896 ἵν’
648 1829 687 1896 ιἰν
715 1853 763 1902 τις
794 1835 828 1898 τὸ
852 1829 981 1912 διαρρέον
1003 1837 1057 1896 τοῦ
1087 1833 1231 1909 σώματος
1256 1833 1393 1914 ἐπισχὼν

202 1938 241 2006 δι’
266 1937 372 2016 ὀλίγον
396 1937 468 2019 τρδς
493 1944 555 2009 τοῖς
578 1936 691 2020 ύρέτοιτ
717 1934 768 2014 ἦν,
793 1938 922 2024 scripsit
948 1935 1153 2022 philosophus
1175 1935 1224 2004 ἵνα
1247 1961 1306 2011 τις.
1358 1939 1394 2003 in

203 2045 307 2110 Bonnu
331 2041 438 2108 inbuta
467 2047 520 2109 58.
549 2043 677 2128 corrigo
702 2063 748 2110 vs.
767 2048 816 2110 10.
841 2041 891 2111 ἵνα
912 2042 1039 2122 βλέπων
1064 2041 1197 2108 ἔτυπτεν
1218 2063 1276 2129 pro
1294 2045 1333 2119 ὥς
1357 2042 1396 2110 αν

202 2151 331 2231 βλέπων
357 2157 389 2216 et
411 2167 457 2213 ts,
484 2153 536 2212 12.
560 2145 596 2214 ἵν’
618 2148 751 2230 έβλιτέν
773 2173 820 2222 τις
842 2149 895 2214 τδν
917 2150 1019 2224 σέλας
1048 2169 1104 2234 pro
1126 2152 1165 2222 ύς
1185 2149 1234 2230 διν,
1246 2149 1397 2228 βλέποιτο

204 2257 257 2323 τὸν
281 2256 393 2328 τέλος.
441 2253 532 2334 Quod
556 2253 640 2341 apud
666 2255 868 2321 Pnomncouu
900 2257 1048 2340 sequitur
1078 2254 1314 2322 emendandum
1344 2265 1393 2322 est

205 2363 326 2440 exiis,
350 2375 431 2448 quae
463 2379 534 2446 pag.
559 2365 623 2426 285
649 2359 864 2427 ostendimus:
891 2361 1024 2445 φησδκὸ
1052 2361 1183 2440 κωμικὸς
1211 2363 1242 2426 έν
1270 2362 1393 2448 Σερίφῳ

205 2469 248 2536 τοὶ
277 2471 358 2533 σ’ύκα
385 2477 459 2540 ταῖς
490 2467 672 2549 σφενδόναις
702 2469 874 2562 τρυγᾶσθαι
905 2469 956 2534 καὶ
989 2467 1084 2533 τύντ’
1108 2465 1191 2550 ἔχειν
1220 2466 1312 2534 ύσων
1334 2469 1397 2538 δεῖ

205 2577 261 2650 την
283 2579 385 2650 νῆσοι,
410 2572 575 2659 eliquanto
599 2572 735 2640 facetius
759 2573 881 2639 dixerat
909 2593 1022 2639 scuria
1048 2574 1174 2639 Atticus
1197 2572 1291 2640 τύντ·
1311 2575 1395 2656 ἔχειν

205 2675 280 2746 ύσων
315 2680 355 2745 ού
390 2681 445 2746 δεῖ.
494 2678 772 2760 Quemadmodum
804 2679 931 2758 ἀκύμων
962 2681 994 2745 in
1030 2681 1163 2760 ἀμύμων
1198 2679 1394 2768 depravetur

205 2788 252 2854 sio
289 2784 451 2851 interdum
488 2787 652 2852 contrario
680 2805 789 2852 errore
818 2792 982 2872 peecatum
1033 2784 1125 2871 dpud
1157 2787 1395 2854 dnoxnnomusu

206 2893 361 2960 dunenses
386 2889 457 2958 vn.
483 2911 512 2977 p.
534 2895 598 2957 295
623 2913 652 2958 ιι.

390 2996 404 3062 δ
429 3003 544 3078 πρῶτος
567 2998 656 3078 εὑρὼν
681 2997 849 3071 πολυτελὲς
873 2997 990 3076 τμητὸν
1013 2995 1102 3076 μέγα

387 3104 528 3182 γλαύκου
553 3105 709 3187 τρύοωτον
734 3107 788 3170 τοῦ
812 3105 842 3168 τ’
866 3102 1066 3182 ἀκύμονος
1090 3104 1189 3181 δέμας

388 3209 489 3278 θύννον
510 3209 554 3277 τύ
576 3215 607 3276 τ’
629 3208 717 3277 ἄλλα
739 3209 882 3291 βρώματ’
905 3207 939 3286 έξ
962 3211 1058 3291 ύγρὶὶς
1083 3209 1159 3284 dots

389 3316 507 3398 Νηρεὺς
531 3325 671 3384 κατοικεῖ
691 3315 776 3382 τύνδε
799 3313 906 3383 τύντα
930 3317 982 3383 τδν
1003 3313 1105 3382 τύτον.

206 3423 458 3498 unimanus,
495 3431 530 3488 ut
564 3421 698 3498 sssoiet‚
736 3425 893 3508 tragicam
925 3432 959 3488 et
989 3419 1192 3507 magnifieum
1217 3423 1395 3490 orationem

208 3549 265 3615 pen
295 3530 398 3620 risum
424 3528 596 3614 iocumque
631 3526 784 3594 transient
816 3530 848 3594 in
875 3548 926 3594 nes
950 3526 1102 3594 ludicras.
1150 3528 1263 3601 Θύννος
1295 3549 1396 3616 quum

209 3633 338 3720 quidvis
363 3635 470 3721 potius
497 3654 568 3700 esse
592 3634 692 3721 possit
716 3653 812 3719 quem
838 3637 965 3715 ἀκύμων
985 3643 1017 3698 et
1036 3635 1164 3714 ἀκύμων
1184 3633 1282 3714 δέμας
1307 3654 1398 3722 pron-

210 3759 267 3805 sus
293 3739 385 3806 nihili
410 3741 470 3818 sit,
495 3739 588 3806 isoile
612 3739 691 3805 mihi
713 3737 844 3806 debitur
863 3739 962 3819 δέμας
984 3739 1118 3820 ύμύμων
1140 3759 1158 3807 o
1179 3737 1292 3806 festino
1306 3748 1397 3828 poete

210 3849 380 3928 Ὁμηρικῶς
401 3845 524 3912 dietum
550 3855 581 3912 et
605 3843 744 3913 ridicule
767 3845 830 3912 hue
853 3845 1058 3912 translatum.

256 3951 346 4034 Quod
372 3973 403 4039 p.
425 3957 468 4019 65
500 3953 684 4019 Asnsnnnom
719 3950 909 4019 reddebam:
944 3954 1019 4018 ἀλλ’
1050 3950 1159 4028 ούκῆν
1191 3954 1397 4034 Λακεδαίμων

210 4059 303 4126 notis
325 4059 401 4125 αλλ’
425 4061 569 4136 Ἀθῆναι,
593 4056 691 4147 (quod
718 4061 899 4147 componam
932 4067 1037 4146 potest
1069 4079 1143 4126 euin
1176 4079 1270 4127 versu
1303 4060 1400 4127 Tsen-

208 4184 326 4232 uums:
1387 4167 1391 4174 '

302 4277 362 4338 τῶν
386 4269 521 4338 δυνατῶν
543 4296 574 4337 τι
598 4271 724 4348 κέλευε,
746 4270 817 4338 τύδ’
840 4274 872 4338 ού
893 4273 981 4355 ταρδι
1004 4269 1219 4354 Κενταύροισι,

212 4398 285 4445 num
310 4379 358 4444 sie
382 4376 589 4444 scribendum
614 4377 754 4446 arbitror
774 4377 858 4465 apud
881 4377 994 4446 Somou
1021 4399 1048 4444 ν.
1073 4379 1145 4446 τύδ’
1166 4381 1199 4446 οὐ
1222 4378 1309 4461 ταρδι
1329 4385 1403 4443 Κεν·

211 4483 380 4572 ταύροισι,)
418 4502 479 4549 nou
514 4482 625 4552 dubito
655 4485 734 4572 quin
769 4483 917 4552 Sunnoom
947 4504 1075 4572 quoque
1098 4485 1141 4551 sit
1164 4481 1401 4556 restituendum
