3086 4974
717 1121 895 1190 CAPUT
933 1122 988 1191 lll.

623 1328 905 1402 durusnrnnsror'uss
937 1353 1084 1403 sessuris

462 1508 501 1556 ιιι
524 1489 684 1556 deserturus
707 1483 883 1556 Οιιιτιοιιιιι
907 1487 995 1556 sord
1018 1491 1246 1572 Κτησιφῶντος.

303 1737 392 1819 Quod
417 1757 511 1826 saepe
535 1735 678 1805 diximus
700 1747 733 1806 et
757 1737 905 1827 pluribus
923 1736 1079 1826 exemplis
1097 1736 1299 1804 ostendimus
1318 1734 1436 1803 tlesoli·

260 1843 309 1909 nis
339 1841 508 1911 Orationes
542 1853 575 1910 et
605 1843 756 1912 mendose
788 1845 927 1932 scriptas
956 1842 1162 1912 circumlerri
1192 1852 1225 1909 et
1254 1844 1436 1930 praesertin

258 1949 377 2036 ineptis
398 1947 628 2016 additamentis
651 1961 793 2031 scatere,
820 1948 853 2016 id
879 1971 965 2017 nune
984 1949 1092 2017 dedita
1112 1969 1208 2038 opera
1226 1949 1438 2016 demonstrare

259 2056 389 2121 animus
414 2065 474 2121 est.
520 2055 614 2122 llaud
645 2075 705 2143 ego
737 2077 810 2124 sum
836 2041 965 2122 nescius
989 2055 1108 2124 multos
1130 2073 1220 2136 esse,
1247 2053 1368 2142 quilius
1389 2051 1438 2120 loo

257 2159 450 2228 emendandi
481 2179 600 2248 genus,
630 2162 714 2250 quod
740 2164 771 2230 in
804 2161 1026 2249 expungendis
1049 2160 1221 2230 sciolorum
1245 2159 1438 2228 emblematis

258 2274 425 2344 versetur,
454 2285 558 2355 neque
590 2267 714 2356 placeat
746 2288 849 2356 neque
884 2268 1054 2356 probetur:
1087 2266 1271 2335 etiamtunc
1294 2267 1365 2336 selu
1385 2283 1437 2333 non

257 2391 326 2439 esse
339 2371 469 2442 difficile
481 2373 654 2442 admodum
668 2373 870 2441 ratiunculas
882 2374 1037 2462 quasdam
1051 2381 1084 2441 et
1096 2374 1242 2460 enuntias
1254 2373 1438 2460 excogitare,

255 2477 374 2566 quihus
398 2479 446 2546 rel
472 2481 682 2566 grauissimas
705 2478 913 2547 difficultates
936 2480 1047 2548 eludas
1070 2490 1101 2548 et
1134 2480 1286 2568 quamvis
1308 2477 1439 2547 absurde

256 2583 352 2650 dietis
376 2585 513 2652 colorem
532 2585 670 2674 aliquem
693 2588 836 2674 reperias
857 2596 912 2653 ant
933 2589 1176 2654 exeusationem
1197 2595 1232 2652 ut
1256 2585 1345 2668 ferri
1361 2603 1440 2673 ροιιι

256 2688 441 2758 rideantur:
467 2702 631 2780 praeterea
657 2695 801 2780 graviter
820 2691 853 2760 et
872 2710 982 2760 seuere
1002 2711 1098 2780 ugera
1119 2711 1202 2758 »non
1223 2691 1308 2759 terro
1329 2702 1363 2759 et
1376 2693 1439 2778 igne

256 2799 289 2864 in
315 2807 438 2865 veteres
461 2800 645 2886 scriptores·
667 2799 925 2886 grassandum'',
952 2808 984 2867 et
1016 2797 1180 2886 »trnprote
1203 2796 1308 2864 iacere
1335 2795 1439 2885 quiin

255 2903 361 2972 alieno
383 2902 465 2970 libro
490 2904 677 2990 ingeniosus
709 2925 780 2972 esse
811 2905 922 2973 velit?
971 2902 1198 2972 percommode
1230 2899 1308 2968 innec
1341 2901 1438 2968 omnia

254 3019 287 3077 et
311 3007 520 3096 prrobehilitet·
543 3009 719 3088 dicuntur,
744 3013 820 3078 citt·
843 3011 936 3086 οὕτως
960 3009 1086 3093 ἰσχυρόν
1109 3012 1171 3080 ἕσιν
1195 3009 1213 3086 ri
1236 3010 1368 3085 ciuilem
1390 3005 1440 3075 tiss

255 3115 379 3182 sciurus
402 3116 576 3197 ἐπικρατεῖν
599 3123 658 3184 τῶν
680 3117 867 3200 ἀνθρωπίνων
891 3125 1050 3198 λογισμῶν
1075 3115 1203 3207 (olescit.
1227 3116 1261 3180 iu
1289 3111 1439 3180 Timoml.

257 3223 275 3305 ς
302 3221 370 3310 ut).
419 3219 502 3289 Sunt
524 3223 610 3306 enim
637 3222 670 3288 in
693 3239 812 3308 genere
837 3221 897 3290 hoo
920 3223 1078 3310 quaedam
1105 3229 1170 3288 tam
1192 3223 1307 3304 ἐναργῆ
1328 3229 1366 3287 ut
1385 3237 1439 3285 uon

255 3334 383 3393 tantum
411 3326 606 3394 lrebetiorem
632 3328 671 3394 ad
697 3325 776 3395 haec
799 3327 959 3416 aliquem,
992 3327 1045 3396 sed
1077 3330 1175 3396 etiam
1201 3327 1351 3415 quamvis
1374 3343 1439 3413 per·

253 3435 393 3500 tinaoonn
417 3443 448 3501 et
471 3432 668 3501 obstinatum
694 3433 916 3502 aduersarium
938 3435 1117 3522 expugnari
1138 3452 1232 3520 posse
1248 3431 1438 3508 existiment,

253 3541 281 3608 si
306 3537 400 3608 modo
423 3557 535 3608 aurem
561 3541 712 3628 praehere
736 3541 829 3608 velit:
855 3539 1025 3619 ἐπίπληξιν
1047 3539 1125 3620 μέν,
1150 3537 1280 3606 ἄκοιτον
1302 3536 1346 3604 at.
1384 3535 1438 3602 Ηιι-

253 3646 391 3715 iusmodi
418 3647 521 3733 igitur
545 3646 807 3734 interpolationes
833 3647 1026 3733 insigniores
1046 3643 1201 3734 quasdam
1222 3653 1254 3712 et
1276 3641 1438 3726 immed·

251 3777 306 3836 ρος
325 3756 555 3842 praemittam,
578 3752 692 3821 deinde
714 3762 780 3821 tres
800 3753 968 3821 Aeschinis
985 3752 1147 3819 orationes
1166 3749 1318 3838 deinceps
1336 3759 1437 3816 tecum

252 3860 404 3946 relegam.
531 3892 534 3900 ·

297 3964 345 4034 ln.
363 3964 548 4033 Timorelteo
572 3970 589 4052 §
618 3969 693 4034 102.
717 3965 840 4033 editur:
873 3964 951 4044 ιῖοοιν
980 3961 1060 4033 οὗτοι
1081 3973 1163 4047 τρεῖς
1185 3962 1317 4046 ridentur}
1340 3957 1439 4029 sost-

252 4069 347 4150 οιμις
372 4095 406 4136 τε
432 4072 447 4137 t
472 4073 673 4155 παιδοτρίβην
698 4074 750 4138 τοι
775 4073 933 4156 'settene
956 4075 995 4137 ‘o
1022 4079 1204 4138 norror
1226 4077 1368 4136 ιιιτιιν
1391 4066 1437 4132 τοὶ
1480 4055 1484 4068 ’

251 4179 447 4259 Ἀρίγνωτος.
496 4179 655 4245 lletnmnto
688 4178 768 4244 rutilii
800 4178 860 4245 ltnc
895 4175 940 4244 ὅτι
972 4175 1130 4261 Ἀρίζηλος
1155 4178 1217 4248 len
1240 4176 1255 4242 d
1278 4173 1437 4256 Τιμάρχου

202 4291 205 4300 ’
251 4283 366 4365 πατήρ.
414 4283 488 4350 Post
513 4283 594 4350 duos
618 4283 793 4351 versiculos
819 4283 864 4350 ita
898 4284 1019 4371 pergit:
1044 4283 1158 4350 τούτων
1183 4288 1297 4364 πρῶτος
1320 4279 1437 4348 ἐτελεύ·

249 4415 343 4465 πηοεν
358 4388 542 4469 Εὐπόλεμος
562 4393 716 4471 ἄνεμιίτον
737 4397 792 4466 τῆς
813 4390 917 4465 οὐσίας
939 4391 1047 4469 οὔσης,
1071 4389 1207 4472 δεύτερος
1227 4389 1254 4456 δ’
1274 4387 1435 4471 ’Λρὶζηλοει

253 4493 343 4564 Scin'
369 4493 446 4582 quid
467 4495 645 4582 sequatur?
667 4499 705 4563 '0
728 4504 952 4563 ΤΙΜΑΡΧΟΤ
973 4505 1129 4564 ΠΛΤΗΡ.
1168 4495 1311 4574 Pnt'erat,
1329 4491 1434 4566 credo,
