3136 4966
685 387 756 462 tttt

135 606 205 658 τους
236 583 406 668 ἀνθρώπους
437 585 624 653 ἀπελαύνειν
654 585 718 651 άπὸ
749 589 802 652 τοῦ
833 583 978 665 βήματος
1002 591 1074 658 ταῖς
1097 589 1267 666 κραυγαῖς·
1291 582 1324 648 ού

136 691 201 772 γάρ
221 691 435 774 αἰσχύνονται.
485 691 655 779 Expuncto
677 691 777 772 ζητεῖν
801 691 862 758 ioci
885 691 1044 762 sententia
1068 689 1188 776 optime
1212 686 1324 764 hahet,

137 811 242 880 neque
265 795 367 879 ζητεῖν
387 796 495 864 ceneri
514 795 676 883 significet
700 797 754 865 set
780 799 953 880 πειράσύαι.
990 803 1099 872 Ζητεῖν
1119 795 1250 882 ponitur
1269 791 1323 859 ubi

135 900 214 988 qnid
239 903 401 991 copitandc
423 903 559 991 reperiri
584 913 705 991 potest,
740 915 775 972 ut
799 903 884 993 apud
909 901 1157 990 Aristophanem
1182 901 1215 967 in
1242 897 1323 965 Νυύ.

137 1011 216 1076 nte.

227 1115 289 1182 atr
311 1117 396 1197 ύμάρ
420 1115 521 1198 ζητῶ
546 1114 706 1194 ’ξατατάν
729 1118 773 1192 tn
796 1118 849 1185 καί
872 1098 937 1200 τρδοΙ
959 1115 1051 1183 ταῦτ’
1074 1113 1220 1194 είσάγιον.

185 1219 266 1288 Ecce
291 1223 410 1288 iterum
435 1231 580 1288 nostrum
604 1225 849 1310 suppositicintn
874 1223 992 1290 κελεύει
1018 1221 1049 1288 in
1072 1223 1160 1306 §53.
1184 1221 1217 1288 τί
1235 1241 1323 1302 προσ·

137 1323 249 1404 ίταξεν
272 1328 286 1393 ά
307 1327 400 1402 τιίεδρ
430 1327 481 1395 τδν
511 1327 617 1408 νόμους
645 1332 795 1408 καύνῑσύαι
826 1329 975 1418 [κελεύει]
999 1328 1069 1402 τοὺς
1090 1326 1233 1411 φυλέτας
1258 1328 1323 1393 κτὲ.

183 1435 337 1519 111554.
369 1433 493 1510 τούτους
524 1434 627 1515 μέντοι
655 1437 726 1511 τοὺς
756 1436 863 1513 νόμους
888 1432 964 1502 είναι
988 1434 1158 1518 χρησίμους
1181 1434 1199 1510 η
1222 1434 1325 1516 άχρνί·

135 1561 207 1614 τους
230 1539 282 1622 ἐφ’
306 1539 378 1619 ύμῖν
402 1542 483 1611 Asin·
509 1542 563 1608 ίάν
582 1543 639 1621 μὲν
657 1542 721 1624 γάρ
742 1541 895 1624 κολάζητε
913 1542 984 1616 τοὺς
1005 1541 1185 1612 άδιιοούνταρ
1204 1537 1324 1606 ἔσονται

137 1645 211 1724 ύμῖν
233 1646 259 1711 οἱ
282 1645 367 1726 νίμοι
391 1647 480 1713 καλοί
503 1647 556 1714 καὶ
578 1648 686 1728 κύριοι,
711 1648 764 1714 ἐάν
781 1647 808 1713 δ’
824 1650 942 1731 άφιῆτε
961 1646 1050 1714 καλοὶ
1070 1645 1206 1726 μίνυν,
1232 1645 1323 1728 κύριοι

136 1749 165 1816 δ’
188 1749 299 1818 ούιάτι.
346 1751 473 1818 huhens
497 1752 673 1820 Aeschines
692 1773 752 1820 sna
784 1755 919 1841 repetit,
950 1751 1080 1840 siquid
1105 1751 1167 1818 sibi
1192 1759 1326 1818 venuste

136 1864 167 1923 et
194 1854 330 1924 rotunde
360 1855 481 1925 dixisse
513 1858 653 1930 videtur.
702 1860 823 1927 iteruin
853 1857 966 1926 iisdem
991 1858 1097 1926 utitur
1120 1863 1138 1946 ς
1165 1861 1245 1936 too,
1271 1855 1324 1923 nbi

136 1969 186 2029 est
209 1981 284 2030 vera
309 1961 404 2029 tectio
435 1965 525 2032 καλοί
555 1973 652 2034 ΜΕΝ
675 1965 767 2050 ιιυριοι
790 1967 817 2033 δ
840 1964 952 2034 οὐιιίτι.
999 1963 1193 2086 Saepissime
1215 1962 1273 2044 μὲν
1294 1971 1325 2029 et

136 2067 226 2149 μόνον
250 2061 336 2137 inter
358 2088 393 2136 se
417 2079 654 2157 permutentur.

182 2173 349 2242 Excessus
372 2195 407 2242 se
429 2175 514 2263 apud
540 2177 662 2245 indices
683 2177 871 2256 Aeschines,
897 2176 982 2266 quod
1002 2176 1108 2244 verbis
1132 2173 1324 2264 quibusdem

135 2281 266 2369 spurcis
288 2289 321 2348 et
344 2281 510 2350 obscoenis
541 2302 663 2350 usurus
689 2285 748 2364 sit,
779 2285 824 2350 ita
849 2282 928 2349 dicit
953 2285 971 2369 ς
997 2287 1056 2350 58:
1089 2285 1224 2364 αἰσχρῶς
1248 2279 1324 2349 ούτυ

135 2385 294 2471 τυγχάνει
315 2387 475 2468 βεβιωκὼς
498 2385 557 2460 ntes
580 2391 632 2457 τδν
655 2391 698 2456 τά
721 2389 818 2472 τούτῳ
842 2389 1053 2471 πεπραγμένα
1074 2388 1225 2468 διεξιόντα
1248 2388 1325 2455 άδύ·

136 2515 227 2560 νατον
239 2490 316 2561 είνοιι
334 2496 433 2562 εἰπεῖν
452 2497 506 2584 [oie
525 2496 620 2571 αύτδς
639 2496 826 2583 βούλεται],
851 2495 906 2562 ίάν
925 2493 970 2575 μυί
989 2519 1020 2562 τι
1040 2495 1094 2562 ιιαδ
1114 2494 1325 2562 τῶντοιούτων

135 2599 317 2684 φθέγξηται
337 2601 492 2684 ῥημάτων.
529 2599 661 2683 Quoties
686 2599 771 2668 hunc
796 2602 900 2668 iocutn
923 2600 1029 2687 retego
1051 2599 1177 2666 offendo
1200 2601 1233 2666 in
1254 2619 1324 2667 ver·

136 2703 229 2773 his
210 2729 249 2781 υς
271 2707 365 2802 αύτδε
396 2707 566 2787 βούλεται,
598 2726 680 2794 quae
704 2717 736 2774 et
760 2709 940 2775 sentcntiae
962 2715 995 2774 et
1019 2714 1203 2774 structurae
1226 2705 1326 2773 offici·

136 2820 206 2878 nnt.
254 2815 318 2880 Aut
348 2814 468 2881 excidit
502 2813 623 2901 aliquid
650 2821 706 2881 ant
731 2812 863 2882 nnciestn
887 2813 983 2881 verbe
1007 2812 1204 2882 eliminanda
1227 2821 1324 2894 snnt,

133 2937 200 3008 quo
225 2897 310 2985 inctn
333 2921 442 2988 omnis
468 2907 646 3008 precedunt
669 2921 799 3008 optime

183 3023 220 3090 ln
252 3025 398 3111 §40.‘r
381 3049 431 3094 ινα
460 3027 504 3106 μνί
537 3025 608 3116 [με]
634 3049 682 3101 τις
715 3027 836 3110 είτη
816 3049 855 3101 nr
878 3025 940 3110 άρα
962 3028 1035 3094 λίαν
1057 3026 1324 3109 άνριβολογοῦμαι

130 3128 275 3198 ἅπαντα.
323 3131 549 3220 importunum
581 3139 613 3200 ct
637 3130 808 3200 molestum
839 3150 1015 3220 pronomen
1040 3141 1106 3202 tres
1130 3132 1203 3201 iihri
1227 3135 1325 3202 omit·

136 3243 222 3305 tnnt.
271 3235 410 3325 Optime.

181 3341 353 3414 Prorerhio
387 3343 493 3411 simite
527 3353 577 3410 est
609 3343 804 3412 Atticcrn'
784 3369 823 3420 υς
855 3343 934 3413 αύτδ
962 3341 1064 3426 δείξει.
1112 3347 1148 3414 1n
1181 3349 1324 3437 §torn

134 3447 208 3517 niiis
235 3447 331 3520 tihrts
360 3459 408 3518 est
441 3451 518 3518 αύτδ
548 3449 695 3534 τοῦργον,
731 3451 763 3517 in
794 3449 866 3517 attis
896 3452 974 3519 αύτδ
1003 3451 1038 3519 τὸ
1062 3457 1210 3535 τράγμα.
1259 3455 1325 3522 ttoc

135 3555 257 3623 indicio
291 3558 410 3646 optimc
442 3556 635 3644 glossemate
670 3555 968 3648 deprehenduntur.
1030 3557 1142 3626 Scribe
1174 3563 1213 3635 ὥς
1247 3559 1324 3628 αὐτὸ

133 3661 259 3740 ἔδειξεν.

181 3767 348 3837 Scieeeutn
380 3777 429 3837 est
455 3771 473 3857 ς
501 3774 554 3838 te.
579 3768 862 3849 διαπειλησαμένου
884 3770 915 3837 δὲ
938 3774 991 3837 τοῦ
1015 3770 1171 3851 Μισγύλα
1194 3770 1248 3838 καί
1271 3777 1325 3840 τοῦ

136 3877 266 3959 Φαίδρου
288 3881 351 3951 τοῖς
374 3873 468 3954 ξίνοις
491 3877 544 3943 καὶ
569 3863 755 3943 κελευίντιον
775 3875 830 3955 ἤδη
853 3878 1026 3944 άιιολουίεῖν
1051 3877 1095 3954 είς
1114 3881 1149 3966 ri
1169 3876 1325 3959 δεσμυτνί·

135 4005 212 4068 ριον,
237 3983 457 4050 necessarium
483 3990 532 4050 est
555 3981 880 4063 διαπειλησαμένου.

184 4087 399 4156 Vehementer
427 4088 507 4155 mihi
539 4088 578 4156 de
610 4085 725 4156 tnendo
756 4095 906 4176 suspecta
936 4095 1014 4155 sunt
1046 4087 1123 4157 haec
1155 4090 1188 4158 in
1222 4097 1240 4180 ς
1271 4097 1326 4162 ttt.

134 4183 212 4264 ἀύτδ
244 4195 302 4275 μὲν
318 4183 394 4278 γάρ
415 4193 549 4294 τούνυμα
572 4217 626 4260 του
651 4191 798 4277 ἔργου-
757 4196 869 4261 -ιύιι
893 4192 1047 4279 ίγγράφσι
1069 4195 1180 4264 ούδδ
1160 4214 1240 4265 αλλο
1270 4195 1329 4278 γέ·

134 4309 252 4385 γραφη
273 4301 356 4368 ιύδίν
387 4301 453 4367 ιιτὲ.
502 4299 595 4366 tterrt
627 4318 690 4367 non
722 4307 825 4388 petest
853 4299 1008 4384 ἐγγράφου
1032 4319 1133 4390 quum
1159 4302 1330 4391 praecedat

134 4394 292 4492 γίγραΦα
322 4395 505 4490 μαρτυρίαν
521 4403 676 4490 Μισγόλα
702 4415 737 4472 et
762 4414 918 4494 sequetur
948 4405 1029 4475 άλλο
1053 4407 1117 4489 γίγ
1118 4415 1207 4495 ροιφοι
1228 4407 1327 4481 οὐδέν.

135 4513 292 4603 Suspicor
315 4512 391 4582 oiim
417 4514 464 4581 sic
489 4513 647 4599 scriptun
674 4509 789 4580 inisse.
1035 4543 1038 4550 ·
