3208 4972
719 339 790 411 228

164 550 227 596 non
260 537 309 596 est
341 529 519 611 Graecum,
551 542 583 599 et
615 539 743 618 παλαιᾷ
775 559 819 615 τιρ
851 534 933 618 οέίνή
966 553 1021 620 pro
1051 545 1101 618 τῇ.
1136 538 1154 619 §
1185 538 1227 599 23
1253 533 1359 602 scribe

163 633 267 718 dipdor
291 645 323 702 et
347 635 426 718 iptio
451 657 506 724 pro
533 639 644 721 οίίρίιις
668 647 701 706 et
722 637 821 721 ἐρίιον.
870 640 905 705 ln
932 643 950 723 t
974 643 1027 706 27.
1052 638 1279 722 ἐπισκιάζουσιν
1303 641 1358 706 nd·

163 743 245 816 τούς.
267 751 455 829 suspectum
483 743 561 810 mibi
590 743 797 813 vehementer
823 754 873 812 est
894 746 1081 830 ἐπισκιάζειν
1107 767 1163 833 pro
1186 748 1359 813 ἐπισκοτεῖν

165 849 304 934 positum
332 847 380 915 vel
411 849 639 932 ἐπήλυτοίζειν,
669 871 733 937 quo
765 852 937 919 Atticistae
967 851 1180 920 delectantur.
1229 853 1264 919 ln
1296 853 1359 919 alio

164 953 288 1020 buerunt
312 953 381 1022 loco
405 961 468 1034 59,
497 962 525 1021 1.
551 955 674 1023 ridebis
698 976 807 1024 noram
827 959 1024 1042 scripturam
1045 957 1289 1040 ἐπηλυγάζουσα
1305 958 1358 1024 nix

162 1059 304 1127 erasisse
334 1068 366 1127 et
398 1059 621 1144 ἐπισκιάζουσα
654 1063 833 1150 irrepsisse.
883 1061 932 1129 cr.
959 1063 1116 1131 bosnam.
1141 1065 1179 1131 ad
1215 1065 1357 1132 Τιυιειιιι

163 1184 196 1232 ν.
229 1165 500 1250 introducor,
532 1168 588 1255 qui
618 1168 737 1234 eximia
761 1167 800 1234 de
826 1187 914 1235 more
938 1171 1151 1257 conquisivit,
1184 1169 1240 1237 sed
1263 1171 1297 1236 in
1321 1191 1358 1239 eo

164 1280 277 1357 peccat
301 1271 385 1357 quod
411 1272 617 1340 librariorum
638 1294 766 1341 errores
784 1275 1035 1355 ἐπήλυγίοασέαι
1059 1285 1091 1343 et
1111 1277 1355 1356 ἐπιλυρίσασέαι

162 1373 261 1444 babet
283 1397 341 1465 pro
364 1379 534 1465 genuinis:
570 1399 631 1445 non
662 1389 735 1447 sunt
769 1381 831 1446 ista
854 1380 999 1447 melioris
1023 1390 1116 1448 notae
1141 1403 1238 1470 quam
1263 1396 1356 1449 λελυ·

163 1483 338 1563 γασμένοε,
358 1483 442 1571 quod
464 1484 640 1552 Hccrooono
660 1485 806 1553 obtrudit
824 1486 908 1573 apud
929 1485 1087 1554 Srosnrurr
1112 1488 1227 1556 Flortt.
1252 1487 1298 1567 G,
1324 1491 1355 1554 6.

165 1587 220 1655 ubi
246 1608 356 1656 rerum
381 1597 447 1656 est:

390 1694 422 1769 ὃς
444 1697 476 1764 δέ
500 1721 535 1765 κε
557 1708 679 1783 λήμιρρή
704 1698 818 1783 νεφέλρ
840 1700 996 1779 εἰλυμένος
1023 1699 1105 1768 dm.

163 1809 200 1868 ut
224 1800 340 1885 νεφίλρ
357 1803 513 1882 είλυμένος
536 1804 634 1884 ὤμους
659 1806 692 1870 in
716 1805 815 1872 iliade
834 1815 872 1873 E.
890 1811 974 1882 186„
991 1816 1023 1873 et
1042 1808 1075 1872 in
1098 1805 1160 1873 fine
1180 1806 1353 1895 fragmenti

162 1906 216 1989 ρέα
240 1909 266 1974 δ’
284 1905 415 1974 σίλίεται
440 1907 529 1977 ὕδατι
553 1913 653 1984 νοῦσος
679 1931 735 1997 pro
762 1911 895 1978 ἐκέεται.
944 1913 1113 1980 Praeterea
1137 1913 1280 1980 dativum
1309 1934 1355 1982 re·

162 2013 259 2100 quire
289 2013 536 2098 ἐπηλυγάζουσα
565 2019 691 2095 αὐτοῖς,
722 2019 882 2098 terebros,
915 2018 1084 2106 cctipinem
1114 2019 1155 2084 iis
1178 2019 1353 2109 offundunt.

162 2117 275 2186 Obiter
298 2121 433 2186 emenda
457 2121 640 2188 Pocrnrrurr
659 2121 699 2189 ll.
724 2129 757 2190 5.
784 2125 801 2209 §
826 2129 877 2190 14.
902 2133 1027 2194 πλεῖςον
1051 2125 1221 2202 ἐπανέςήσε
1244 2149 1353 2209 κονιορ-

160 2223 213 2291 τίν
237 2227 493 2303 ἐπισκήπτων
524 2237 587 2300 τοῖς
619 2235 677 2295 τῶν
708 2230 863 2308 πολεμίοιν
889 2229 1013 2310 ὄφεσιν,
1039 2231 1105 2297 imo
1129 2251 1203 2296 vero
1227 2233 1351 2299 ἕπισκο·

161 2335 231 2396 τῶν.
263 2327 305 2397 ci.
330 2331 385 2398 lll.
411 2337 449 2412 9,
475 2337 508 2400 8.
531 2341 563 2400 et
586 2332 673 2399 alibi.
722 2335 803 2400 'lurni
832 2332 901 2421 lege
924 2335 1139 2419 τυγχάνοντες
1166 2358 1222 2424 pro
1245 2339 1353 2418 ἐνπυρ·

161 2435 321 2519 χιίνοντες.
356 2440 374 2523 §
402 2442 454 2504 ts.
477 2441 517 2512 ὥς
541 2438 572 2504 δὲ
592 2447 672 2512 λεῖος
691 2434 736 2515 εί,
762 2460 910 2528 expungo
934 2441 977 2509 bi.
1013 2447 1031 2528 §
1057 2448 1100 2511 50
1124 2443 1229 2510 scribe
1252 2467 1353 2510 κατα·

162 2543 261 2610 λιπιίν
284 2563 342 2630 pro
373 2544 592 2625 καταλείπειν,
626 2554 736 2612 contra
771 2549 788 2631 §
816 2551 868 2613 37.
902 2549 1037 2629 οίποίγυν
1069 2569 1126 2635 pro
1156 2551 1351 2630 οίπαγαγιίν.

162 2668 259 2714 causa
284 2648 456 2736 utrobique
476 2649 644 2717 manifesta
669 2659 732 2716 est:
760 2661 827 2717 tum
849 2653 1130 2735 δικαιολογήσωμαι
1151 2664 1183 2722 et
1200 2672 1353 2739 χαλεπα-

161 2761 233 2828 νεῖς.
266 2756 284 2840 S
310 2758 364 2820 il.
390 2755 726 2840 καταδιαφίειρίμενον
756 2757 809 2823 καί
835 2759 997 2838 σβεννύναι
1022 2761 1217 2838 ίκετειίοντα,
1244 2770 1353 2828 trans·

162 2879 244 2947 pone
275 2859 521 2944 διαφθειρόμενον
564 2864 617 2928 καί
651 2862 897 2941 κατασβεννύναι
933 2873 966 2932 et
1005 2884 1063 2952 pro
1101 2867 1281 2951 ἐπεψήφισε
1313 2879 1354 2952 σή

161 2966 312 3052 ἐκκλησίᾳ
339 2965 408 3052 lege
432 2969 627 3052 ἐπεψήφισεν
659 2969 689 3034 ἐν
722 2979 760 3053 πή
792 2969 818 3034 ἐ.
851 2973 869 3054 §
897 2976 950 3037 tn.
975 2969 1187 3050 internecione,
1211 2971 1352 3060 postulat

161 3071 322 3139 sententia
349 3073 548 3154 ποιήσαίμιρν.
585 3078 603 3159 §
630 3079 684 3141 bo.
709 3076 739 3140 ἐν
761 3076 947 3162 Ὀλυμπίᾳ,
971 3075 1077 3144 scribe
1102 3078 1290 3159 Ὀλύμπιοι,
1317 3089 1353 3148 ut

163 3181 182 3262 §
208 3182 263 3244 bd.
311 3176 345 3243 ln
370 3184 386 3264 §
413 3183 465 3246 lt'l.
486 3180 599 3266 optimi
621 3178 754 3247 codices
774 3181 808 3250 τί
825 3183 1019 3261 ἀγανακτεῖς
1043 3181 1145 3262 ὦγαθὲ
1168 3185 1266 3264 τίμιον
1287 3208 1352 3252 πα·

160 3282 389 3366 ροικέκρουσμαί
417 3309 462 3350 σε.
509 3285 713 3352 correctores
736 3286 811 3352 olim
838 3308 896 3374 pro
918 3289 1016 3366 τίμιον
1039 3299 1255 3376 reposuerunt
1279 3294 1352 3372 ἐρα-

160 3390 294 3464 σύκλεισ.
320 3388 378 3456 boc
403 3411 478 3458 rero
499 3398 548 3458 est
567 3391 753 3459 emendaret
781 3392 915 3459 lnoorrrz
935 3393 1023 3460 dedit
1048 3392 1171 3477 tyren
1194 3397 1241 3470 τί;
1266 3405 1351 3478 μῶν,

160 3493 245 3582 quod
269 3515 369 3582 quum
391 3495 468 3564 terri
496 3516 559 3563 non
588 3507 692 3584 posset
716 3496 851 3564 Durnonr
877 3505 909 3564 et
935 3499 1056 3564 bearno
1079 3499 1127 3572 τί;
1152 3499 1352 3572 deleverunt.

160 3600 380 3689 Transposltis
410 3601 542 3691 syllabis
573 3623 648 3670 nera
683 3602 777 3670 lectio
807 3600 960 3670 emicabit
983 3611 1048 3684 μῶν
1083 3629 1114 3672 τι
1145 3609 1352 3694 παρακέκρου·

160 3708 243 3785 σμαί
264 3728 315 3782 σε;
339 3707 478 3795 denique
503 3711 520 3793 ς
548 3713 590 3775 58
615 3708 683 3794 tege
707 3708 893 3793 ἐπιχαλαζῶ
919 3711 1025 3784 αὐτοῖς
1051 3730 1107 3798 pro
1131 3714 1255 3789 αὐτούς.

207 3812 244 3879 ln
281 3811 466 3881 Prometheo
494 3837 520 3882 r.
559 3815 694 3882 Cartcoso
726 3821 765 3894 7,
806 3825 833 3882 t.
872 3818 1072 3892 ἐκπετασθεὶς
1101 3822 1143 3886 τὼ
1165 3827 1270 3902 χεῖρε,
1306 3822 1352 3889 sic

161 3935 248 3984 unus
268 3919 301 3985 Β.
323 3921 443 3988 caeleri
463 3921 662 3999 ίκπετοοίείς,
684 3921 818 3988 errrenda
843 3923 992 3998 ἐκταίιίς.
1026 3927 1044 4006 i
1074 3930 1126 3993 10.
1152 3924 1171 4002 ή
1196 3927 1353 4004 κονδύλους

159 4023 322 4106 ἐνέτριψαν
356 4047 479 4092 omnes.
516 4028 548 4093 B.
583 4027 671 4094 solus
695 4027 907 4109 ἐνετρίφαντο,
932 4028 1016 4115 quod
1042 4028 1123 4097 male
1143 4030 1184 4098 ab
1203 4033 1354 4101 omnibus

162 4139 339 4217 receptum.
388 4131 422 4197 Si
452 4133 524 4219 quis
557 4133 625 4220 ipse
656 4135 709 4200 cui
746 4132 869 4219 alapam
897 4135 1014 4222 lolligil
1043 4137 1191 4236 ἐντρίβριν
1215 4138 1353 4218 dicitur,

162 4238 218 4322 qui
252 4236 351 4303 alium
385 4238 493 4305 irritat
526 4248 561 4306 ut
593 4240 624 4306 id
657 4239 755 4306 iaciat
786 4240 975 4321 ἐντρίβεται,
1009 4250 1046 4308 ut
1079 4243 1109 4307 in
1135 4243 1355 4313 brrsrormnrs

164 4339 352 4429 Equitibur,
377 4350 408 4411 t.

367 4451 498 4530 πλήγίιρ
520 4451 569 4518 risi
594 4451 814 4535 προστρίβεται
844 4459 907 4525 τοῖς
932 4453 1075 4530 οίκέταις.
