3150 4972
819 327 866 401 82

497 521 527 594 re
550 523 593 587 roi
616 521 764 606 καθοὶρεοα
787 523 877 604 λιμὸς
901 519 1106 602 εῖοοοκθζεταο.

298 623 456 691 Bnnraaos
496 627 636 694 nondum
670 632 831 715 perspexit
864 629 1020 712 καθοθρεοος
1060 629 1209 695 Graecum
1245 651 1334 710 esse,
1371 651 1424 696 non

250 729 410 811 nitidulae,
441 731 525 818 quod
558 734 694 799 retinuit
726 739 766 814 u,
800 725 841 815 6,
876 741 906 802 l.
954 733 1156 822 Quamquam
1185 736 1228 801 roi
1250 741 1352 820 χρυοῖο
1374 736 1425 810 ἔτη

250 847 325 900 sum
351 838 509 924 sequioris
531 840 664 918 aetatiS,
689 852 795 906 tamen
821 838 861 906 ab
882 839 941 906 hac
965 839 1035 906 labe
1059 841 1216 906 immunia
1240 851 1317 908 sunt
1337 851 1426 908 reete

247 961 310 1028 que
333 941 452 1030 legitur
476 966 521 1012 vs.
547 950 605 1010 ὅδε

454 1049 572 1133 Εθθίζου
595 1051 625 1116 δὲ
650 1050 771 1118 δίαιταν
796 1049 880 1135 ἔχεεν
905 1048 1076 1132 corduno,
1101 1049 1261 1133 ἄθρυπτον.

246 1155 280 1217 iu
314 1174 378 1241 seq.
413 1158 510 1241 §,l5.
549 1157 619 1223 ὅδὲ
644 1153 764 1227 enadad
791 1155 813 1224 oi
845 1153 879 1232 ἦν
910 1156 1033 1236 μεταξὺ
1066 1157 1264 1236 ἐπαιδεύετο,
1289 1179 1427 1246 expunge

244 1255 268 1325 d
294 1258 338 1336 ἦν.
386 1261 421 1326 In
451 1259 576 1328 Timone
600 1270 637 1340 a,
665 1269 716 1330 58.
742 1264 834 1345 ἐχρῆν
858 1265 914 1342 μὲν
934 1262 1004 1339 θεας
1030 1263 1081 1327 καθ
1105 1264 1213 1345 μακροὶ
1236 1267 1334 1332 εἰπεῖν
1358 1263 1426 1332 οὕτω

247 1368 352 1435 πολλοὶ
385 1369 442 1434 ὑπὸ
467 1377 520 1437 τοῦ
550 1368 817 1450 κατηγορηθέντα,
850 1368 964 1434 vitium
995 1368 1089 1434 alunt
1109 1365 1186 1436 haec
1211 1371 1324 1448 verba,
1349 1368 1426 1458 quod

239 1475 291 1538 ila
325 1473 543 1562 deprehendes
581 1477 607 1540 si
640 1474 827 1541 memineris
860 1479 1094 1556 κατηγοροῦμαο
1134 1474 1182 1540 vel
1217 1475 1426 1558 κατηγθρημαο

248 1579 295 1646 rel
315 1583 525 1663 κατηγορηθην
542 1582 603 1660 ἐγώ
621 1579 685 1648 dici
707 1601 770 1662 non
791 1601 897 1666 posse,
919 1579 972 1648 sed
993 1581 1206 1662 κατηγόρηται
1226 1582 1314 1660 epae:
1329 1584 1427 1668 itaque

246 1689 271 1751 οἱ
296 1689 550 1768 κατηγορούμενον
574 1686 657 1774 apud
682 1707 736 1754 eos
759 1695 885 1752 tantum
907 1693 1080 1771 apparent,
1101 1687 1155 1773 qui
1176 1688 1303 1774 antiqui
1317 1707 1426 1754 sermo·

247 1793 299 1856 uis
323 1795 462 1878 turpiter
486 1795 589 1876 ignari
614 1802 691 1858 sunt
713 1813 768 1878 pro
788 1793 813 1857 oi
837 1791 1026 1874 φεύγοντες,
1052 1800 1087 1856 ut
1112 1793 1142 1856 in
1168 1793 1332 1870 oratioue,
1352 1810 1427 1879 quae

246 1899 419 1962 dunoarncu
443 1905 607 1964 auctorem
631 1899 789 1964 mentitur
808 1897 846 1961 de
869 1895 1030 1984 Mpsteriir
1053 1899 1071 1982 §
1096 1903 1127 1964 6.
1151 1897 1246 1972 verba
1270 1897 1329 1969 circ
1350 1900 1426 1978 ducii

246 2001 327 2068 ,τολὺ
358 1999 397 2066 θον
428 1999 507 2079 ἥδιον
538 2003 623 2078 δίκην
654 2002 768 2082 λαβεῖν
796 2002 883 2083 παρὰ
911 2008 970 2067 τῶν
1002 2003 1178 2086 κατηγθραν
1207 2005 1224 2080 ἢ
1250 2006 1339 2088 ταρὰ
1360 2011 1427 2072 τῶν

246 2109 609 2188 κατηγορουμένων
639 2107 688 2174 vel
720 2106 785 2172 sola
819 2105 963 2174 trondem
997 2117 1153 2195 relegant.
1209 2109 1364 2177 llicebant
1389 2111 1427 2174 τοὶ

246 2214 484 2294 κατηγορημένα
507 2222 540 2281 et
562 2215 606 2280 rai
629 2213 897 2295 κατηγορηθέντα,
923 2213 1019 2302 idque
1043 2219 1147 2301 ipsum
1175 2214 1326 2284 Lucienus
1347 2216 1427 2282 dixe·

246 2328 298 2386 rat
325 2317 381 2384 sed
411 2320 481 2402 τρθς
515 2320 701 2398 intercidit,
732 2328 767 2386 ut
797 2321 994 2399 sexcentieS,
1020 2320 1060 2385 oh
1084 2319 1197 2406 siglam
1223 2319 1364 2390 librariis
1385 2341 1427 2388 se

245 2425 414 2514 quiorilms
438 2445 500 2491 non
525 2424 736 2492 intellectam:
769 2426 903 2492 restitue
935 2427 1007 2508 τρθς
1031 2423 1105 2494 οὕτω
1128 2425 1253 2500 aeneai:
1283 2427 1429 2494 similiter

258 2552 277 2597 n
311 2533 429 2598 vicinia
461 2535 479 2618 §
506 2537 560 2598 27.
594 2531 854 2612 ἀμβλυώττοντες
885 2531 927 2598 τοὶ
960 2535 1140 2608 τηλικαῦτα
1175 2531 1326 2600 Graecum
1351 2535 1426 2608 erit,

246 2640 272 2702 ai
298 2639 369 2722 πρὸς
396 2639 439 2704 τοὶ
466 2642 643 2714 τηλικαῦτα
672 2659 824 2725 reponeS,
858 2647 893 2703 ut
926 2641 978 2704 12.
1009 2646 1036 2702 l.
1068 2637 1269 2718 οὶμβλυοθττα
1303 2641 1374 2724 arpis
1395 2639 1427 2704 τθ

245 2750 323 2830 φῶς.
359 2743 421 2812 Sed
443 2744 559 2811 leviora
583 2742 660 2811 liaeo
683 2754 759 2810 sunt
781 2753 812 2810 et
836 2744 868 2808 iu
889 2742 976 2809 aliud
998 2753 1125 2830 tempus
1147 2745 1350 2832 seponendus
1366 2755 1426 2812 tur·

245 2851 414 2938 pissimum
448 2850 600 2918 mendum
634 2858 683 2916 est
707 2850 745 2916 ali
770 2849 848 2936 ipsis
875 2847 1059 2915 Editoribus
1082 2850 1247 2916 invectum
1272 2853 1305 2916 in
1332 2850 1425 2917 libro:

250 2958 405 3036 Quomodo
428 2958 467 3022 sit
491 2953 631 3022 Historia
662 2955 880 3022 corrscrideuda
906 2959 947 3021 25
974 2957 992 3040 §
1018 2959 1070 3021 49.
1096 2953 1151 3021 ubi
1177 2956 1332 3024 historico
1354 2956 1427 3023 haee

246 3077 415 3150 praecepta
439 3069 623 3150 ponuntur:
658 3065 702 3140 μη
733 3063 806 3144 πρὸς
838 3053 868 3125 ἓν
899 3060 986 3142 μέρος
1011 3059 1126 3142 iadau,
1146 3099 1191 3112 -
1215 3065 1290 3130 αλλ’
1312 3065 1343 3137 ἐς
1364 3065 1429 3135 τοὺς

245 3171 420 3251 τρατηγοὺς
441 3169 499 3248 μὲν
522 3168 565 3233 τοὶ
589 3175 694 3248 πρῶτα
717 3169 770 3234 καὶ
792 3167 822 3234 ai
850 3192 880 3233 το
905 3167 1171 3248 παρεκελεύσαντο
1195 3169 1317 3236 κοὶκεῒνο
1341 3171 1429 3244 οἰκη-

245 3277 409 3342 κοθοθαο
435 3273 509 3360 quis
531 3293 683 3361 umquam
706 3271 877 3339 foediorem
899 3272 980 3340 vidit
1003 3273 1179 3339 barbariem
1197 3294 1293 3360 qnam
1314 3275 1429 3351 indeo·

245 3380 379 3448 κοθοθωθ
413 3381 563 3460 ἥκουομαο
597 3389 628 3446 ei
661 3380 805 3456 dirodoino
842 3379 958 3445 Graeco
989 3385 1066 3443 sunl
1097 3387 1129 3444 el
1153 3398 1246 3466 saepe
1270 3378 1429 3466 leguntur.

248 3488 383 3556 Gratum
411 3486 587 3552 l‘cririaeuo
612 3485 744 3562 leceris,
778 3487 805 3551 si
838 3485 866 3551 ei
893 3486 924 3549 in
950 3485 1013 3548 vita
1041 3483 1183 3551 Marcelli
1205 3507 1275 3573 cap.
1306 3487 1342 3553 V.
1367 3487 1428 3554 ἐπεὶ

245 3595 370 3676 τρισμὸς
388 3592 602 3669 ἠκολούθει
628 3589 721 3672 μυθς,
746 3589 925 3657 reddideris
945 3591 1091 3668 ηκοθοθη,
1113 3591 1238 3657 ariditas
1257 3603 1303 3658 ert
1320 3593 1430 3660 soricis

197 3729 200 3734 ·
244 3709 417 3778 occentus,
445 3719 505 3763 non
530 3699 723 3786 sequebatur.
772 3697 857 3764 Niliil
882 3707 931 3762 est
956 3695 1083 3762 facilius
1104 3717 1200 3783 quam
1223 3697 1347 3768 Lucum
1369 3720 1431 3764 ma·

246 3827 323 3878 uum
349 3805 532 3871 restituere.
582 3805 618 3871 Iu
640 3803 804 3870 codicibus
824 3812 872 3869 est
890 3803 1051 3880 οὶκηκθοτο·
1063 3852 1072 3882 ,
1097 3805 1268 3882 dedecoro,
1284 3807 1430 3881 οὶκηκοθο·

244 3937 298 3990 το,
330 3912 529 3986 θκηκοθοτοο,
562 3911 745 3988 ἠκθκουοτο,
770 3918 933 3976 corrector
963 3911 1155 3975 temerarius
1188 3909 1316 3978 taudem
1346 3910 1431 3978 dedit

243 4022 276 4084 in
303 4015 428 4084 duribus
446 4016 537 4082 lituis
556 4016 752 4094 οέκηκοθοθω,
774 4015 869 4104 idque
885 4015 1035 4102 imperite
1056 4015 1202 4102 probavit
1215 4015 1429 4092 Farrzscmos,

245 4143 339 4212 quem
365 4123 483 4190 caeteri
507 4123 627 4186 incauti
653 4107 845 4208 sequamur.
894 4121 929 4186 ln
954 4120 1431 4208 dauniora‚quaep1·irnaest

244 4229 320 4297 inali
348 4226 452 4302 labes,
478 4227 560 4294 male
589 4229 665 4293 latet
689 4248 763 4294 vera
788 4230 949 4314 scriptura
975 4228 1152 4306 οὶκηκοθτυ,
1178 4228 1288 4316 quales
1311 4225 1431 4292 lornrae

245 4337 376 4402 laterano
409 4343 483 4398 sunt
520 4335 550 4400 in
584 4335 729 4414 deliciis,
764 4344 797 4399 ut
831 4335 862 4398 in
887 4332 997 4400 eadem
1026 4335 1042 4418 §
1070 4333 1201 4399 εὀοκέτα.
1230 4332 1305 4398 ibid.
1331 4337 1348 4418 §
1375 4337 1428 4398 tu.

201 4519 207 4531 ‚
240 4438 418 4523 βεβηκέτω.
446 4445 508 4516 ut,
534 4447 586 4507 25.
611 4441 779 4524 κεχηνέτω.
820 4438 1234 4523 70,17.θξὺδεδορκέτα.
1283 4439 1346 4506 liae
1370 4437 1429 4504 ior-
1539 4453 1540 4544 p
