<?xml version="1.0" encoding="UTF-8"?>
<!DOCTYPE html PUBLIC "-//W3C//DTD XHTML 1.0 Transitional//EN"
    "http://www.w3.org/TR/xhtml1/DTD/xhtml1-transitional.dtd">
<html xmlns="http://www.w3.org/1999/xhtml" xml:lang="en" lang="en">
 <head>
  <title>
</title>
<meta http-equiv="Content-Type" content="text/html;charset=utf-8" />
  <meta name='ocr-system' content='tesseract 3.04.00' />
  <meta name='ocr-capabilities' content='ocr_page ocr_carea ocr_par ocr_line ocrx_word'/>
</head>
<body>
  <div class='ocr_page' id='page_1' title='image "./variaelectiones04cobegoog_0247.png"; bbox 0 0 3208 4972; ppageno 0'>
   <div class='ocr_carea' id='block_1_1' title="bbox 810 384 879 454">
    <p class='ocr_par' dir='ltr' id='par_1_1' title="bbox 810 384 879 454">
     <span class='ocr_line' id='line_1_1' title="bbox 810 384 879 454; baseline 0.014 -2"><span class='ocrx_word' id='word_1_1' title='bbox 810 384 879 454; x_wconf 76' lang='lat' dir='ltr'><strong>aeti</strong></span> 
     </span>
    </p>
   </div>
   <div class='ocr_carea' id='block_1_2' title="bbox 211 577 1468 4568">
    <p class='ocr_par' dir='ltr' id='par_1_2' title="bbox 211 577 1468 1083">
     <span class='ocr_line' id='line_1_2' title="bbox 263 577 1446 659; baseline -0.004 -8"><span class='ocrx_word' id='word_1_2' title='bbox 263 581 544 659; x_wconf 79' lang='grc' dir='ltr'><strong><em>Λακεδαιμονίους,</em></strong></span> <span class='ocrx_word' id='word_1_3' title='bbox 577 577 615 646; x_wconf 85' lang='grc' dir='ltr'><strong><em>ὧν</em></strong></span> <span class='ocrx_word' id='word_1_4' title='bbox 638 579 752 650; x_wconf 69' lang='lat' dir='ltr'><strong>otiliae</strong></span> <span class='ocrx_word' id='word_1_5' title='bbox 782 579 907 644; x_wconf 85' lang='grc' dir='ltr'><strong><em>πόποτε</em></strong></span> <span class='ocrx_word' id='word_1_6' title='bbox 931 581 989 642; x_wconf 78' lang='grc' dir='ltr'><strong><em>τῶν</em></strong></span> <span class='ocrx_word' id='word_1_7' title='bbox 1013 577 1167 656; x_wconf 72' lang='grc' dir='ltr'><strong><em>Ἑλλήνων</em></strong></span> <span class='ocrx_word' id='word_1_8' title='bbox 1195 587 1319 659; x_wconf 83' lang='grc' dir='ltr'><strong><em>κρατεῖν</em></strong></span> <span class='ocrx_word' id='word_1_9' title='bbox 1339 579 1446 657; x_wconf 68' lang='lat' dir='ltr'><strong>›ilmi-</strong></span> 
     </span>
     <span class='ocr_line' id='line_1_3' title="bbox 259 680 1444 766; baseline -0.003 -14"><span class='ocrx_word' id='word_1_10' title='bbox 259 689 364 762; x_wconf 90' lang='grc' dir='ltr'><strong><em>θησαν.</em></strong></span> <span class='ocrx_word' id='word_1_11' title='bbox 413 685 467 750; x_wconf 85' lang='lat' dir='ltr'><strong>Sin</strong></span> <span class='ocrx_word' id='word_1_12' title='bbox 496 685 528 750; x_wconf 92' lang='lat' dir='ltr'><strong>in</strong></span> <span class='ocrx_word' id='word_1_13' title='bbox 560 685 654 752; x_wconf 76' lang='lat' dir='ltr'><strong>Lista</strong></span> <span class='ocrx_word' id='word_1_14' title='bbox 678 683 731 751; x_wconf 79' lang='lat' dir='ltr'><strong>lv,</strong></span> <span class='ocrx_word' id='word_1_15' title='bbox 761 690 812 751; x_wconf 84' lang='lat' dir='ltr'><strong>iti.</strong></span> <span class='ocrx_word' id='word_1_16' title='bbox 840 681 965 764; x_wconf 84' lang='grc' dir='ltr'><strong><em>πότερον</em></strong></span> <span class='ocrx_word' id='word_1_17' title='bbox 995 680 1135 766; x_wconf 88' lang='grc' dir='ltr'><strong><em>πρότερον</em></strong></span> <span class='ocrx_word' id='word_1_18' title='bbox 1161 683 1302 762; x_wconf 73' lang='grc' dir='ltr'><strong><em>ἐπλήγην</em></strong></span> <span class='ocrx_word' id='word_1_19' title='bbox 1326 683 1343 759; x_wconf 74' lang='grc' dir='ltr'><strong><em>ἢ</em></strong></span> <span class='ocrx_word' id='word_1_20' title='bbox 1367 685 1444 752; x_wconf 81' lang='grc' dir='ltr'><strong><em>ἐπα·</em></strong></span> 
     </span>
     <span class='ocr_line' id='line_1_4' title="bbox 256 787 1444 875; baseline 0 -19"><span class='ocrx_word' id='word_1_21' title='bbox 256 790 344 868; x_wconf 76' lang='grc' dir='ltr'><strong><em>ταξα</em></strong></span> <span class='ocrx_word' id='word_1_22' title='bbox 367 791 463 865; x_wconf 84' lang='grc' dir='ltr'><strong><em>ἕκεόνη</em></strong></span> <span class='ocrx_word' id='word_1_23' title='bbox 487 795 610 868; x_wconf 74' lang='grc' dir='ltr'><strong><em>μᾶλλον</em></strong></span> <span class='ocrx_word' id='word_1_24' title='bbox 633 789 672 856; x_wconf 75' lang='lat' dir='ltr'><strong>otu</strong></span> <span class='ocrx_word' id='word_1_25' title='bbox 696 789 776 873; x_wconf 70' lang='grc' dir='ltr'><strong><em>ᾔδει,</em></strong></span> <span class='ocrx_word' id='word_1_26' title='bbox 799 788 870 874; x_wconf 81' lang='lat' dir='ltr'><strong>iege</strong></span> <span class='ocrx_word' id='word_1_27' title='bbox 893 787 1034 871; x_wconf 77' lang='grc' dir='ltr'><strong><em>πρότερος</em></strong></span> <span class='ocrx_word' id='word_1_28' title='bbox 1060 796 1092 854; x_wconf 90' lang='lat' dir='ltr'><strong>et</strong></span> <span class='ocrx_word' id='word_1_29' title='bbox 1115 805 1264 875; x_wconf 76' lang='lat' dir='ltr'><strong>expungo</strong></span> <span class='ocrx_word' id='word_1_30' title='bbox 1287 787 1335 856; x_wconf 82' lang='grc' dir='ltr'><strong><em>ν’όκ.</em></strong></span> <span class='ocrx_word' id='word_1_31' title='bbox 1371 789 1444 856; x_wconf 81' lang='lat' dir='ltr'><strong>Ant·</strong></span> 
     </span>
     <span class='ocr_line' id='line_1_5' title="bbox 211 883 1468 962; baseline 0.003 -2"><span class='ocrx_word' id='word_1_32' title='bbox 211 883 215 892; x_wconf 75' lang='lat'>&#39;</span> <span class='ocrx_word' id='word_1_33' title='bbox 255 915 421 961; x_wconf 82' lang='lat' dir='ltr'><strong>srornmrs</strong></span> <span class='ocrx_word' id='word_1_34' title='bbox 444 893 548 962; x_wconf 82' lang='lat' dir='ltr'><strong>Nube.</strong></span> <span class='ocrx_word' id='word_1_35' title='bbox 575 901 651 962; x_wconf 73' lang='lat'><strong>940.</strong></span> <span class='ocrx_word' id='word_1_36' title='bbox 1464 896 1468 902; x_wconf 82' lang='grc'><strong><em>’</em></strong></span> 
     </span>
     <span class='ocr_line' id='line_1_6' title="bbox 543 996 1110 1083; baseline -0.004 -17"><span class='ocrx_word' id='word_1_37' title='bbox 543 999 618 1083; x_wconf 78' lang='grc' dir='ltr'><strong><em>φόρε</em></strong></span> <span class='ocrx_word' id='word_1_38' title='bbox 642 1001 678 1076; x_wconf 76' lang='grc' dir='ltr'><strong>δη</strong></span> <span class='ocrx_word' id='word_1_39' title='bbox 701 1000 826 1081; x_wconf 75' lang='grc' dir='ltr'><strong><em>πότερος</em></strong></span> <span class='ocrx_word' id='word_1_40' title='bbox 849 997 932 1078; x_wconf 60' lang='lat' dir='ltr'><strong>eliel</strong></span> <span class='ocrx_word' id='word_1_41' title='bbox 954 996 1110 1080; x_wconf 72' lang='grc' dir='ltr'><strong><em>πρότεροσς</em></strong></span> 
     </span>
    </p>

    <p class='ocr_par' dir='ltr' id='par_1_3' title="bbox 255 1100 1444 1277">
     <span class='ocr_line' id='line_1_7' title="bbox 255 1100 1444 1191; baseline 0 -21"><span class='ocrx_word' id='word_1_42' title='bbox 255 1103 311 1171; x_wconf 88' lang='lat' dir='ltr'><strong>ubi</strong></span> <span class='ocrx_word' id='word_1_43' title='bbox 334 1104 409 1171; x_wconf 90' lang='lat' dir='ltr'><strong>olim</strong></span> <span class='ocrx_word' id='word_1_44' title='bbox 431 1103 572 1187; x_wconf 80' lang='grc' dir='ltr'><strong><em>πρότερον</em></strong></span> <span class='ocrx_word' id='word_1_45' title='bbox 595 1104 797 1191; x_wconf 75' lang='lat' dir='ltr'><strong>vulgabatur.</strong></span> <span class='ocrx_word' id='word_1_46' title='bbox 846 1102 926 1170; x_wconf 85' lang='lat' dir='ltr'>Vide</span> <span class='ocrx_word' id='word_1_47' title='bbox 951 1121 1035 1189; x_wconf 80' lang='lat' dir='ltr'><strong>quae</strong></span> <span class='ocrx_word' id='word_1_48' title='bbox 1060 1100 1100 1169; x_wconf 83' lang='lat' dir='ltr'><strong>att</strong></span> <span class='ocrx_word' id='word_1_49' title='bbox 1126 1101 1212 1170; x_wconf 84' lang='lat' dir='ltr'><strong>huno</strong></span> <span class='ocrx_word' id='word_1_50' title='bbox 1236 1103 1342 1170; x_wconf 89' lang='lat' dir='ltr'><strong>looum</strong></span> <span class='ocrx_word' id='word_1_51' title='bbox 1365 1103 1444 1170; x_wconf 84' lang='lat' dir='ltr'><strong>Pon·</strong></span> 
     </span>
     <span class='ocr_line' id='line_1_8' title="bbox 256 1210 744 1277; baseline 0 -1"><span class='ocrx_word' id='word_1_52' title='bbox 256 1231 312 1276; x_wconf 87' lang='lat' dir='ltr'><strong>sou</strong></span> <span class='ocrx_word' id='word_1_53' title='bbox 336 1218 369 1277; x_wconf 88' lang='lat' dir='ltr'><strong>ot</strong></span> <span class='ocrx_word' id='word_1_54' title='bbox 392 1210 511 1276; x_wconf 83' lang='lat' dir='ltr'><strong>lionam</strong></span> <span class='ocrx_word' id='word_1_55' title='bbox 536 1218 744 1277; x_wconf 77' lang='lat' dir='ltr'><strong>annotarunt.</strong></span> 
     </span>
    </p>

    <p class='ocr_par' dir='ltr' id='par_1_4' title="bbox 254 1312 1443 1615">
     <span class='ocr_line' id='line_1_9' title="bbox 301 1312 1442 1402; baseline -0.004 -20"><span class='ocrx_word' id='word_1_56' title='bbox 301 1316 336 1382; x_wconf 92' lang='lat' dir='ltr'><strong>ln</strong></span> <span class='ocrx_word' id='word_1_57' title='bbox 364 1319 381 1402; x_wconf 84' lang='lat'><em>§</em></span> <span class='ocrx_word' id='word_1_58' title='bbox 405 1323 438 1382; x_wconf 83' lang='lat' dir='ltr'><strong>l.</strong></span> <span class='ocrx_word' id='word_1_59' title='bbox 472 1317 526 1382; x_wconf 77' lang='grc' dir='ltr'><strong>καθ</strong></span> <span class='ocrx_word' id='word_1_60' title='bbox 559 1313 635 1389; x_wconf 79' lang='grc' dir='ltr'><strong><em>όλας</em></strong></span> <span class='ocrx_word' id='word_1_61' title='bbox 666 1317 734 1398; x_wconf 71' lang='grc' dir='ltr'><strong><em>περὶ</em></strong></span> <span class='ocrx_word' id='word_1_62' title='bbox 758 1317 792 1382; x_wconf 81' lang='lat' dir='ltr'><strong>rt</strong></span> <span class='ocrx_word' id='word_1_63' title='bbox 819 1312 975 1398; x_wconf 69' lang='grc' dir='ltr'><strong><em>μειράκιόν</em></strong></span> <span class='ocrx_word' id='word_1_64' title='bbox 1003 1314 1068 1392; x_wconf 64' lang='grc' dir='ltr'><strong>ἔπι,</strong></span> <span class='ocrx_word' id='word_1_65' title='bbox 1100 1313 1156 1399; x_wconf 88' lang='lat' dir='ltr'><strong>qni</strong></span> <span class='ocrx_word' id='word_1_66' title='bbox 1188 1322 1254 1379; x_wconf 90' lang='lat' dir='ltr'><strong>tam</strong></span> <span class='ocrx_word' id='word_1_67' title='bbox 1287 1333 1382 1400; x_wconf 80' lang='lat' dir='ltr'><strong>saepe</strong></span> <span class='ocrx_word' id='word_1_68' title='bbox 1411 1315 1442 1379; x_wconf 93' lang='lat' dir='ltr'><strong>in</strong></span> 
     </span>
     <span class='ocr_line' id='line_1_10' title="bbox 255 1416 1443 1506; baseline -0.002 -20"><span class='ocrx_word' id='word_1_69' title='bbox 255 1420 367 1488; x_wconf 85' lang='lat' dir='ltr'><strong>eadem</strong></span> <span class='ocrx_word' id='word_1_70' title='bbox 387 1419 548 1488; x_wconf 81' lang='lat' dir='ltr'><strong>locutione</strong></span> <span class='ocrx_word' id='word_1_71' title='bbox 564 1430 772 1488; x_wconf 83' lang='lat' dir='ltr'><strong>correxerant</strong></span> <span class='ocrx_word' id='word_1_72' title='bbox 789 1417 857 1492; x_wconf 71' lang='lat' dir='ltr'><strong>aaa</strong></span> <span class='ocrx_word' id='word_1_73' title='bbox 872 1428 929 1487; x_wconf 92' lang='lat' dir='ltr'><strong>aut</strong></span> <span class='ocrx_word' id='word_1_74' title='bbox 947 1437 986 1486; x_wconf 87' lang='lat' dir='ltr'><strong>ex</strong></span> <span class='ocrx_word' id='word_1_75' title='bbox 1007 1416 1103 1484; x_wconf 78' lang='lat' dir='ltr'><strong>cont.</strong></span> <span class='ocrx_word' id='word_1_76' title='bbox 1124 1427 1316 1506; x_wconf 83' lang='lat' dir='ltr'><strong>receperunt</strong></span> <span class='ocrx_word' id='word_1_77' title='bbox 1336 1419 1443 1486; x_wconf 89' lang='lat' dir='ltr'><strong>nesoio</strong></span> 
     </span>
     <span class='ocr_line' id='line_1_11' title="bbox 254 1525 900 1615; baseline 0.002 -23"><span class='ocrx_word' id='word_1_78' title='bbox 254 1525 413 1612; x_wconf 80' lang='lat' dir='ltr'><strong>quomodo</strong></span> <span class='ocrx_word' id='word_1_79' title='bbox 437 1527 523 1595; x_wconf 85' lang='lat' dir='ltr'><strong>huno</strong></span> <span class='ocrx_word' id='word_1_80' title='bbox 546 1526 652 1594; x_wconf 84' lang='lat' dir='ltr'><strong>lorum</strong></span> <span class='ocrx_word' id='word_1_81' title='bbox 679 1526 900 1615; x_wconf 83' lang='lat' dir='ltr'><strong>neglexerunt.</strong></span> 
     </span>
    </p>

    <p class='ocr_par' dir='ltr' id='par_1_5' title="bbox 255 1627 1447 2351">
     <span class='ocr_line' id='line_1_12' title="bbox 300 1627 1444 1719; baseline -0.002 -23"><span class='ocrx_word' id='word_1_82' title='bbox 300 1631 337 1696; x_wconf 92' lang='lat' dir='ltr'><strong>ln</strong></span> <span class='ocrx_word' id='word_1_83' title='bbox 374 1630 504 1718; x_wconf 80' lang='lat' dir='ltr'><strong>ltialogo</strong></span> <span class='ocrx_word' id='word_1_84' title='bbox 543 1637 594 1699; x_wconf 80' lang='lat' dir='ltr'><strong>la.</strong></span> <span class='ocrx_word' id='word_1_85' title='bbox 631 1636 649 1719; x_wconf 89' lang='lat'><em>§</em></span> <span class='ocrx_word' id='word_1_86' title='bbox 685 1640 713 1700; x_wconf 92' lang='grc'><strong>1.</strong></span> <span class='ocrx_word' id='word_1_87' title='bbox 749 1631 900 1698; x_wconf 68' lang='grc' dir='ltr'><strong><em>Ἠθοκλέα</em></strong></span> <span class='ocrx_word' id='word_1_88' title='bbox 935 1651 998 1696; x_wconf 92' lang='lat' dir='ltr'><strong>non</strong></span> <span class='ocrx_word' id='word_1_89' title='bbox 1032 1639 1081 1696; x_wconf 86' lang='lat' dir='ltr'><strong>est</strong></span> <span class='ocrx_word' id='word_1_90' title='bbox 1115 1627 1274 1696; x_wconf 77' lang='lat' dir='ltr'><strong>Graecum</strong></span> <span class='ocrx_word' id='word_1_91' title='bbox 1311 1647 1444 1704; x_wconf 88' lang='lat' dir='ltr'><strong>nomen,</strong></span> 
     </span>
     <span class='ocr_line' id='line_1_13' title="bbox 256 1731 1445 1816; baseline -0.003 -14"><span class='ocrx_word' id='word_1_92' title='bbox 256 1735 361 1802; x_wconf 74' lang='lat' dir='ltr'><strong>scribe</strong></span> <span class='ocrx_word' id='word_1_93' title='bbox 382 1737 544 1804; x_wconf 80' lang='grc' dir='ltr'><strong><em>Πυθοκλέα</em></strong></span> <span class='ocrx_word' id='word_1_94' title='bbox 574 1746 631 1804; x_wconf 87' lang='lat' dir='ltr'><strong>aut</strong></span> <span class='ocrx_word' id='word_1_95' title='bbox 657 1738 811 1805; x_wconf 78' lang='grc' dir='ltr'><strong><em>Νεοκλέα.</em></strong></span> <span class='ocrx_word' id='word_1_96' title='bbox 840 1735 956 1803; x_wconf 82' lang='lat' dir='ltr'><strong>deindo</strong></span> <span class='ocrx_word' id='word_1_97' title='bbox 988 1735 1126 1810; x_wconf 75' lang='grc' dir='ltr'><strong><em>ἐκέλευες</em></strong></span> <span class='ocrx_word' id='word_1_98' title='bbox 1149 1735 1193 1815; x_wconf 69' lang='grc' dir='ltr'><strong>μὴ</strong></span> <span class='ocrx_word' id='word_1_99' title='bbox 1216 1733 1255 1799; x_wconf 74' lang='grc' dir='ltr'><strong><em>ἂν</em></strong></span> <span class='ocrx_word' id='word_1_100' title='bbox 1278 1731 1366 1816; x_wconf 71' lang='grc' dir='ltr'><strong><em>ἄλλον</em></strong></span> <span class='ocrx_word' id='word_1_101' title='bbox 1389 1735 1445 1812; x_wconf 72' lang='grc' dir='ltr'><strong>ἐν·</strong></span> 
     </span>
     <span class='ocr_line' id='line_1_14' title="bbox 256 1835 1444 1929; baseline -0.004 -21"><span class='ocrx_word' id='word_1_102' title='bbox 256 1841 350 1921; x_wconf 78' lang='grc' dir='ltr'><strong><em>χὲαι,</em></strong></span> <span class='ocrx_word' id='word_1_103' title='bbox 375 1843 449 1928; x_wconf 83' lang='lat' dir='ltr'><strong>qtuis</strong></span> <span class='ocrx_word' id='word_1_104' title='bbox 473 1842 618 1910; x_wconf 82' lang='lat' dir='ltr'><strong>voculam</strong></span> <span class='ocrx_word' id='word_1_105' title='bbox 643 1843 681 1910; x_wconf 81' lang='lat' dir='ltr'><strong>iio</strong></span> <span class='ocrx_word' id='word_1_106' title='bbox 708 1844 831 1910; x_wconf 82' lang='lat' dir='ltr'><strong>servari</strong></span> <span class='ocrx_word' id='word_1_107' title='bbox 856 1861 948 1929; x_wconf 88' lang='lat' dir='ltr'><strong>posse</strong></span> <span class='ocrx_word' id='word_1_108' title='bbox 971 1840 1085 1928; x_wconf 82' lang='lat' dir='ltr'><strong>putati</strong></span> <span class='ocrx_word' id='word_1_109' title='bbox 1134 1839 1169 1906; x_wconf 90' lang='lat' dir='ltr'><strong>ln</strong></span> <span class='ocrx_word' id='word_1_110' title='bbox 1195 1843 1266 1926; x_wconf 62' lang='lat'><strong>§2</strong></span> <span class='ocrx_word' id='word_1_111' title='bbox 1288 1839 1305 1916; x_wconf 77' lang='grc' dir='ltr'><em>ἢ</em></span> <span class='ocrx_word' id='word_1_112' title='bbox 1330 1835 1384 1904; x_wconf 74' lang='grc' dir='ltr'><strong>ἕνα</strong></span> <span class='ocrx_word' id='word_1_113' title='bbox 1405 1839 1444 1918; x_wconf 70' lang='grc' dir='ltr'><strong>γέ</strong></span> 
     </span>
     <span class='ocr_line' id='line_1_15' title="bbox 255 1944 1445 2032; baseline -0.005 -18"><span class='ocrx_word' id='word_1_114' title='bbox 255 1972 327 2014; x_wconf 90' lang='grc' dir='ltr'><strong><em>τινα</em></strong></span> <span class='ocrx_word' id='word_1_115' title='bbox 356 1947 464 2030; x_wconf 90' lang='grc' dir='ltr'><strong><em>τρόπον</em></strong></span> <span class='ocrx_word' id='word_1_116' title='bbox 500 1951 614 2032; x_wconf 71' lang='grc' dir='ltr'><strong><em>εὑρήσει</em></strong></span> <span class='ocrx_word' id='word_1_117' title='bbox 649 1950 800 2028; x_wconf 70' lang='lat' dir='ltr'><strong>lavaron,</strong></span> <span class='ocrx_word' id='word_1_118' title='bbox 842 1950 1021 2014; x_wconf 83' lang='lat' dir='ltr'><strong>sententiae</strong></span> <span class='ocrx_word' id='word_1_119' title='bbox 1055 1944 1267 2013; x_wconf 76' lang='lat' dir='ltr'><strong>conformatio</strong></span> <span class='ocrx_word' id='word_1_120' title='bbox 1301 1945 1445 2025; x_wconf 83' lang='grc' dir='ltr'><strong><em>εὑροῦσαν</em></strong></span> 
     </span>
     <span class='ocr_line' id='line_1_16' title="bbox 256 2051 1446 2140; baseline -0.001 -22"><span class='ocrx_word' id='word_1_121' title='bbox 256 2053 414 2140; x_wconf 84' lang='lat' dir='ltr'><strong>pustulat,</strong></span> <span class='ocrx_word' id='word_1_122' title='bbox 445 2054 560 2122; x_wconf 85' lang='lat' dir='ltr'><strong>deinde</strong></span> <span class='ocrx_word' id='word_1_123' title='bbox 592 2053 675 2122; x_wconf 90' lang='lat' dir='ltr'><strong>male</strong></span> <span class='ocrx_word' id='word_1_124' title='bbox 709 2053 846 2140; x_wconf 77' lang='lat' dir='ltr'><strong>legitor:</strong></span> <span class='ocrx_word' id='word_1_125' title='bbox 883 2053 1054 2136; x_wconf 70' lang='grc' dir='ltr'><strong>διέφθειρας</strong></span> <span class='ocrx_word' id='word_1_126' title='bbox 1086 2051 1180 2118; x_wconf 87' lang='grc' dir='ltr'><strong><em>αθτθν</em></strong></span> <span class='ocrx_word' id='word_1_127' title='bbox 1210 2052 1446 2133; x_wconf 71' lang='grc' dir='ltr'><strong>ὑπεραγαπῶσα</strong></span> 
     </span>
     <span class='ocr_line' id='line_1_17' title="bbox 257 2156 1447 2243; baseline -0.003 -19"><span class='ocrx_word' id='word_1_128' title='bbox 257 2159 422 2225; x_wconf 75' lang='grc' dir='ltr'><strong><em>καὶτοῦτο</em></strong></span> <span class='ocrx_word' id='word_1_129' title='bbox 454 2161 661 2243; x_wconf 80' lang='grc' dir='ltr'><strong><em>ἐμφαόνονσα.</em></strong></span> <span class='ocrx_word' id='word_1_130' title='bbox 687 2161 780 2242; x_wconf 73' lang='grc' dir='ltr'><strong><em>ἐχρῆν</em></strong></span> <span class='ocrx_word' id='word_1_131' title='bbox 810 2160 841 2225; x_wconf 76' lang='grc' dir='ltr'><strong>δὲ</strong></span> <span class='ocrx_word' id='word_1_132' title='bbox 870 2161 915 2239; x_wconf 70' lang='grc' dir='ltr'><strong>μὴ</strong></span> <span class='ocrx_word' id='word_1_133' title='bbox 944 2157 1026 2225; x_wconf 73' lang='grc' dir='ltr'><strong><em>πάνυ</em></strong></span> <span class='ocrx_word' id='word_1_134' title='bbox 1049 2157 1143 2226; x_wconf 79' lang='grc' dir='ltr'><strong><em>αὐτόν</em></strong></span> <span class='ocrx_word' id='word_1_135' title='bbox 1165 2156 1285 2240; x_wconf 77' lang='grc' dir='ltr'><strong><em>ζηλοῦν.</em></strong></span> <span class='ocrx_word' id='word_1_136' title='bbox 1315 2164 1447 2222; x_wconf 83' lang='lat' dir='ltr'><strong>vertunt</strong></span> 
     </span>
     <span class='ocr_line' id='line_1_18' title="bbox 258 2265 924 2351; baseline 0.003 -24"><span class='ocrx_word' id='word_1_137' title='bbox 258 2265 392 2331; x_wconf 75' lang='lat' dir='ltr'><strong>studiose</strong></span> <span class='ocrx_word' id='word_1_138' title='bbox 415 2265 531 2341; x_wconf 82' lang='lat' dir='ltr'><strong>colere,</strong></span> <span class='ocrx_word' id='word_1_139' title='bbox 556 2267 681 2351; x_wconf 77' lang='lat' dir='ltr'><strong>corrige</strong></span> <span class='ocrx_word' id='word_1_140' title='bbox 706 2265 782 2331; x_wconf 83' lang='grc' dir='ltr'><strong><em>αθσθ</em></strong></span> <span class='ocrx_word' id='word_1_141' title='bbox 806 2266 924 2341; x_wconf 76' lang='grc' dir='ltr'><strong><em>δηλοῦν.</em></strong></span> 
     </span>
    </p>

    <p class='ocr_par' dir='ltr' id='par_1_6' title="bbox 258 2365 1448 3617">
     <span class='ocr_line' id='line_1_19' title="bbox 303 2365 1447 2456; baseline -0.003 -22"><span class='ocrx_word' id='word_1_142' title='bbox 303 2370 339 2434; x_wconf 92' lang='lat' dir='ltr'><strong>ln</strong></span> <span class='ocrx_word' id='word_1_143' title='bbox 370 2369 502 2456; x_wconf 79' lang='lat' dir='ltr'><strong>llialogo</strong></span> <span class='ocrx_word' id='word_1_144' title='bbox 536 2377 586 2437; x_wconf 82' lang='lat'><strong>15.</strong></span> <span class='ocrx_word' id='word_1_145' title='bbox 620 2375 698 2456; x_wconf 75' lang='lat'><strong>§4-</strong></span> <span class='ocrx_word' id='word_1_146' title='bbox 732 2373 866 2436; x_wconf 75' lang='grc' dir='ltr'><strong><em>ἐκθανεῖν</em></strong></span> <span class='ocrx_word' id='word_1_147' title='bbox 898 2368 960 2450; x_wconf 55' lang='lat' dir='ltr'><strong>yet</strong></span> <span class='ocrx_word' id='word_1_148' title='bbox 990 2391 1041 2446; x_wconf 79' lang='grc' dir='ltr'><strong>μοι</strong></span> <span class='ocrx_word' id='word_1_149' title='bbox 1072 2368 1157 2435; x_wconf 80' lang='grc' dir='ltr'><strong><em>δοκῶ.</em></strong></span> <span class='ocrx_word' id='word_1_150' title='bbox 1204 2365 1447 2434; x_wconf 84' lang='lat' dir='ltr'><strong>Eiusdemmodi</strong></span> 
     </span>
     <span class='ocr_line' id='line_1_20' title="bbox 258 2471 1446 2559; baseline -0.004 -18"><span class='ocrx_word' id='word_1_151' title='bbox 258 2494 351 2541; x_wconf 86' lang='lat' dir='ltr'><strong>error</strong></span> <span class='ocrx_word' id='word_1_152' title='bbox 374 2477 406 2540; x_wconf 90' lang='lat' dir='ltr'><strong>in</strong></span> <span class='ocrx_word' id='word_1_153' title='bbox 433 2477 568 2543; x_wconf 84' lang='lat' dir='ltr'><strong>Sromno</strong></span> <span class='ocrx_word' id='word_1_154' title='bbox 591 2478 784 2543; x_wconf 83' lang='lat' dir='ltr'><strong>commissos</strong></span> <span class='ocrx_word' id='word_1_155' title='bbox 808 2473 954 2541; x_wconf 86' lang='lat' dir='ltr'><strong>ostendet</strong></span> <span class='ocrx_word' id='word_1_156' title='bbox 977 2492 1075 2559; x_wconf 88' lang='lat' dir='ltr'><strong>quam</strong></span> <span class='ocrx_word' id='word_1_157' title='bbox 1100 2473 1207 2559; x_wconf 87' lang='lat' dir='ltr'><strong>inepte</strong></span> <span class='ocrx_word' id='word_1_158' title='bbox 1235 2471 1314 2539; x_wconf 79' lang='lat' dir='ltr'><strong>liaeo</strong></span> <span class='ocrx_word' id='word_1_159' title='bbox 1338 2471 1446 2536; x_wconf 86' lang='lat' dir='ltr'><strong>dican·</strong></span> 
     </span>
     <span class='ocr_line' id='line_1_21' title="bbox 260 2575 1448 2666; baseline -0.001 -22"><span class='ocrx_word' id='word_1_160' title='bbox 260 2591 324 2646; x_wconf 89' lang='lat' dir='ltr'><strong>tur.</strong></span> <span class='ocrx_word' id='word_1_161' title='bbox 354 2581 583 2666; x_wconf 78' lang='lat' dir='ltr'><strong>Fragmentum</strong></span> <span class='ocrx_word' id='word_1_162' title='bbox 607 2591 656 2649; x_wconf 87' lang='lat' dir='ltr'><strong>ast</strong></span> <span class='ocrx_word' id='word_1_163' title='bbox 680 2581 763 2648; x_wconf 88' lang='lat' dir='ltr'><strong>leoto</strong></span> <span class='ocrx_word' id='word_1_164' title='bbox 786 2578 1057 2647; x_wconf 77' lang='lat' dir='ltr'><strong>iucundissimum</strong></span> <span class='ocrx_word' id='word_1_165' title='bbox 1084 2577 1215 2644; x_wconf 72' lang='lat' dir='ltr'><strong>Tanarus</strong></span> <span class='ocrx_word' id='word_1_166' title='bbox 1236 2578 1269 2644; x_wconf 92' lang='lat' dir='ltr'><strong>in</strong></span> <span class='ocrx_word' id='word_1_167' title='bbox 1293 2575 1448 2662; x_wconf 71' lang='lat' dir='ltr'><strong>Florilep.</strong></span> 
     </span>
     <span class='ocr_line' id='line_1_22' title="bbox 259 2682 1446 2774; baseline -0.003 -22"><span class='ocrx_word' id='word_1_168' title='bbox 259 2690 318 2765; x_wconf 80' lang='lat'><strong>95,</strong></span> <span class='ocrx_word' id='word_1_169' title='bbox 340 2691 393 2752; x_wconf 71' lang='lat' dir='ltr'><strong>tl.</strong></span> <span class='ocrx_word' id='word_1_170' title='bbox 418 2687 547 2767; x_wconf 84' lang='lat' dir='ltr'><strong>Crates,</strong></span> <span class='ocrx_word' id='word_1_171' title='bbox 573 2690 698 2774; x_wconf 88' lang='lat' dir='ltr'><strong>inquit,</strong></span> <span class='ocrx_word' id='word_1_172' title='bbox 725 2685 808 2774; x_wconf 88' lang='lat' dir='ltr'><strong>apud</strong></span> <span class='ocrx_word' id='word_1_173' title='bbox 834 2695 976 2752; x_wconf 91' lang='lat' dir='ltr'><strong>sutorem</strong></span> <span class='ocrx_word' id='word_1_174' title='bbox 998 2683 1112 2750; x_wconf 85' lang='lat' dir='ltr'><strong>sedens</strong></span> <span class='ocrx_word' id='word_1_175' title='bbox 1134 2682 1259 2770; x_wconf 80' lang='lat' dir='ltr'><strong>legebat</strong></span> <span class='ocrx_word' id='word_1_176' title='bbox 1282 2685 1446 2749; x_wconf 74' lang='lat' dir='ltr'><strong>Aaronom·</strong></span> 
     </span>
     <span class='ocr_line' id='line_1_23' title="bbox 260 2786 1446 2876; baseline -0.005 -18"><span class='ocrx_word' id='word_1_177' title='bbox 260 2813 306 2858; x_wconf 86' lang='lat' dir='ltr'><strong>nts</strong></span> <span class='ocrx_word' id='word_1_178' title='bbox 341 2796 568 2876; x_wconf 78' lang='grc' dir='ltr'><strong><em>προτρεπτικόν.</em></strong></span> <span class='ocrx_word' id='word_1_179' title='bbox 620 2797 922 2872; x_wconf 74' lang='grc' dir='ltr'><strong><em>’Λναγιννθσκοντος</em></strong></span> <span class='ocrx_word' id='word_1_180' title='bbox 957 2790 983 2854; x_wconf 83' lang='grc' dir='ltr'><strong>δ’</strong></span> <span class='ocrx_word' id='word_1_181' title='bbox 1019 2791 1114 2856; x_wconf 80' lang='grc' dir='ltr'><strong><em>αὐτοῦ</em></strong></span> <span class='ocrx_word' id='word_1_182' title='bbox 1148 2791 1199 2855; x_wconf 87' lang='grc' dir='ltr'><strong><em>τδν</em></strong></span> <span class='ocrx_word' id='word_1_183' title='bbox 1234 2787 1349 2854; x_wconf 75' lang='grc' dir='ltr'><strong><em>σκυτέα</em></strong></span> <span class='ocrx_word' id='word_1_184' title='bbox 1385 2786 1446 2871; x_wconf 78' lang='grc' dir='ltr'><strong>ἔφη</strong></span> 
     </span>
     <span class='ocr_line' id='line_1_24' title="bbox 259 2894 1445 2982; baseline -0.004 -17"><span class='ocrx_word' id='word_1_185' title='bbox 259 2901 419 2982; x_wconf 81' lang='grc' dir='ltr'><strong><em>προσέχειν</em></strong></span> <span class='ocrx_word' id='word_1_186' title='bbox 444 2897 515 2980; x_wconf 85' lang='grc' dir='ltr'><strong><em>όόμα</em></strong></span> <span class='ocrx_word' id='word_1_187' title='bbox 545 2899 705 2982; x_wconf 77' lang='grc' dir='ltr'><strong><em>ρ’όπτοντα</em></strong></span> <span class='ocrx_word' id='word_1_188' title='bbox 729 2900 781 2964; x_wconf 73' lang='grc' dir='ltr'><strong>καὶ</strong></span> <span class='ocrx_word' id='word_1_189' title='bbox 805 2898 858 2965; x_wconf 83' lang='grc' dir='ltr'><strong><em>τόν</em></strong></span> <span class='ocrx_word' id='word_1_190' title='bbox 881 2895 1029 2978; x_wconf 81' lang='grc' dir='ltr'><strong><em>Κρότητα</em></strong></span> <span class='ocrx_word' id='word_1_191' title='bbox 1054 2895 1160 2960; x_wconf 69' lang='grc' dir='ltr'><strong><em>εἰπεῖν·</em></strong></span> <span class='ocrx_word' id='word_1_192' title='bbox 1190 2895 1251 2974; x_wconf 73' lang='grc' dir='ltr'><strong>ἐγώ</strong></span> <span class='ocrx_word' id='word_1_193' title='bbox 1274 2917 1326 2972; x_wconf 78' lang='grc' dir='ltr'><strong>μοι</strong></span> <span class='ocrx_word' id='word_1_194' title='bbox 1351 2894 1445 2973; x_wconf 79' lang='grc' dir='ltr'><strong><em>δοκῶ,</em></strong></span> 
     </span>
     <span class='ocr_line' id='line_1_25' title="bbox 258 2997 1445 3088; baseline -0.007 -16"><span class='ocrx_word' id='word_1_195' title='bbox 258 3003 279 3072; x_wconf 84' lang='grc' dir='ltr'><em>ὦ</em></span> <span class='ocrx_word' id='word_1_196' title='bbox 304 3008 449 3078; x_wconf 76' lang='grc' dir='ltr'><strong><em>Φιλόσκε.</em></strong></span> <span class='ocrx_word' id='word_1_197' title='bbox 474 3005 610 3088; x_wconf 72' lang='grc' dir='ltr'><strong><em>γράφειν</em></strong></span> <span class='ocrx_word' id='word_1_198' title='bbox 632 3007 674 3080; x_wconf 73' lang='grc' dir='ltr'><strong><em>εἰς</em></strong></span> <span class='ocrx_word' id='word_1_199' title='bbox 699 3005 732 3069; x_wconf 76' lang='grc' dir='ltr'><strong>σὲ</strong></span> <span class='ocrx_word' id='word_1_200' title='bbox 756 3002 981 3086; x_wconf 76' lang='grc' dir='ltr'><strong><em>προτρεπτικόν.</em></strong></span> <span class='ocrx_word' id='word_1_201' title='bbox 1030 3001 1160 3067; x_wconf 78' lang='lat' dir='ltr'><strong>Dixerat</strong></span> <span class='ocrx_word' id='word_1_202' title='bbox 1184 2997 1445 3086; x_wconf 82' lang='lat' dir='ltr'><strong>philosophorum</strong></span> 
     </span>
     <span class='ocr_line' id='line_1_26' title="bbox 258 3103 1446 3196; baseline -0.006 -19"><span class='ocrx_word' id='word_1_203' title='bbox 258 3109 476 3196; x_wconf 84' lang='lat' dir='ltr'><strong>lepidissimus</strong></span> <span class='ocrx_word' id='word_1_204' title='bbox 508 3110 641 3191; x_wconf 73' lang='grc' dir='ltr'><strong><em>γράψειν</em></strong></span> <span class='ocrx_word' id='word_1_205' title='bbox 677 3109 750 3189; x_wconf 81' lang='grc' dir='ltr'><strong><em>πρός</em></strong></span> <span class='ocrx_word' id='word_1_206' title='bbox 785 3107 838 3184; x_wconf 90' lang='grc' dir='ltr'><strong><em>σε’,</em></strong></span> <span class='ocrx_word' id='word_1_207' title='bbox 874 3116 906 3174; x_wconf 86' lang='lat' dir='ltr'><strong>et</strong></span> <span class='ocrx_word' id='word_1_208' title='bbox 943 3106 1094 3173; x_wconf 85' lang='lat' dir='ltr'><strong>Luutattus</strong></span> <span class='ocrx_word' id='word_1_209' title='bbox 1129 3107 1263 3172; x_wconf 79' lang='grc' dir='ltr'><strong><em>ε’κόανεῑν</em></strong></span> <span class='ocrx_word' id='word_1_210' title='bbox 1298 3105 1362 3186; x_wconf 71' lang='grc' dir='ltr'><strong>γὰρ</strong></span> <span class='ocrx_word' id='word_1_211' title='bbox 1396 3103 1446 3170; x_wconf 76' lang='grc' dir='ltr'><strong><em>ἄν.</em></strong></span> 
     </span>
     <span class='ocr_line' id='line_1_27' title="bbox 259 3209 1447 3300; baseline -0.003 -20"><span class='ocrx_word' id='word_1_212' title='bbox 259 3214 358 3280; x_wconf 89' lang='lat' dir='ltr'><strong>Paulo</strong></span> <span class='ocrx_word' id='word_1_213' title='bbox 381 3221 452 3300; x_wconf 89' lang='lat' dir='ltr'><strong>post</strong></span> <span class='ocrx_word' id='word_1_214' title='bbox 483 3221 714 3279; x_wconf 80' lang='lat' dir='ltr'><strong>commemorat</strong></span> <span class='ocrx_word' id='word_1_215' title='bbox 742 3211 968 3292; x_wconf 62' lang='lat' dir='ltr'><strong>muneratori</strong></span> <span class='ocrx_word' id='word_1_216' title='bbox 994 3211 1178 3291; x_wconf 75' lang='grc' dir='ltr'><strong><em>Δαναΐδαι,</em></strong></span> <span class='ocrx_word' id='word_1_217' title='bbox 1211 3229 1329 3297; x_wconf 90' lang='lat' dir='ltr'><strong>repone</strong></span> <span class='ocrx_word' id='word_1_218' title='bbox 1354 3209 1447 3276; x_wconf 84' lang='lat' dir='ltr'><strong>sodes</strong></span> 
     </span>
     <span class='ocr_line' id='line_1_28' title="bbox 259 3315 1446 3404; baseline -0.004 -18"><span class='ocrx_word' id='word_1_219' title='bbox 259 3317 422 3398; x_wconf 72' lang='grc' dir='ltr'><strong><em>Λημνίας,</em></strong></span> <span class='ocrx_word' id='word_1_220' title='bbox 446 3326 478 3384; x_wconf 86' lang='lat' dir='ltr'><strong>el</strong></span> <span class='ocrx_word' id='word_1_221' title='bbox 503 3319 536 3383; x_wconf 89' lang='lat' dir='ltr'><strong>in</strong></span> <span class='ocrx_word' id='word_1_222' title='bbox 561 3323 579 3404; x_wconf 91' lang='lat'>§</span> <span class='ocrx_word' id='word_1_223' title='bbox 601 3324 632 3385; x_wconf 82' lang='lat' dir='ltr'><strong>e.</strong></span> <span class='ocrx_word' id='word_1_224' title='bbox 659 3327 764 3386; x_wconf 83' lang='grc' dir='ltr'><strong><em>πεῖσον</em></strong></span> <span class='ocrx_word' id='word_1_225' title='bbox 787 3321 884 3396; x_wconf 72' lang='grc' dir='ltr'><strong><em>αὐτὴν</em></strong></span> <span class='ocrx_word' id='word_1_226' title='bbox 907 3319 1236 3398; x_wconf 70' lang='grc' dir='ltr'><strong><em>συγκαθευδήσουσαν,</em></strong></span> <span class='ocrx_word' id='word_1_227' title='bbox 1262 3315 1374 3403; x_wconf 83' lang='lat' dir='ltr'><strong>supple</strong></span> <span class='ocrx_word' id='word_1_228' title='bbox 1398 3318 1446 3382; x_wconf 77' lang='grc' dir='ltr'><strong><em>ἔνι·</em></strong></span> 
     </span>
     <span class='ocr_line' id='line_1_29' title="bbox 261 3423 1447 3508; baseline -0.002 -19"><span class='ocrx_word' id='word_1_229' title='bbox 261 3427 321 3490; x_wconf 82' lang='grc' dir='ltr'><strong><em>θεῖν</em></strong></span> <span class='ocrx_word' id='word_1_230' title='bbox 344 3423 670 3504; x_wconf 71' lang='grc' dir='ltr'><strong><em>συγκαθευδήσουσαν,</em></strong></span> <span class='ocrx_word' id='word_1_231' title='bbox 702 3425 766 3492; x_wconf 87' lang='lat' dir='ltr'><strong>nisi</strong></span> <span class='ocrx_word' id='word_1_232' title='bbox 791 3423 891 3491; x_wconf 86' lang='lat' dir='ltr'><strong>males</strong></span> <span class='ocrx_word' id='word_1_233' title='bbox 914 3424 1046 3492; x_wconf 86' lang='lat' dir='ltr'><strong>credere</strong></span> <span class='ocrx_word' id='word_1_234' title='bbox 1068 3427 1160 3490; x_wconf 84' lang='grc' dir='ltr'><strong><em>πεόθνν</em></strong></span> <span class='ocrx_word' id='word_1_235' title='bbox 1184 3449 1218 3490; x_wconf 85' lang='grc' dir='ltr'><strong><em>σε</em></strong></span> <span class='ocrx_word' id='word_1_236' title='bbox 1243 3424 1366 3505; x_wconf 79' lang='grc' dir='ltr'><strong><em>ἐροῦντα</em></strong></span> <span class='ocrx_word' id='word_1_237' title='bbox 1389 3441 1447 3508; x_wconf 87' lang='lat' dir='ltr'><strong>pru</strong></span> 
     </span>
     <span class='ocr_line' id='line_1_30' title="bbox 258 3529 913 3617; baseline -0.002 -20"><span class='ocrx_word' id='word_1_238' title='bbox 258 3531 364 3611; x_wconf 74' lang='grc' dir='ltr'><strong><em>λέγειν</em></strong></span> <span class='ocrx_word' id='word_1_239' title='bbox 387 3529 436 3597; x_wconf 88' lang='lat' dir='ltr'><strong>uel</strong></span> <span class='ocrx_word' id='word_1_240' title='bbox 460 3532 556 3596; x_wconf 77' lang='grc' dir='ltr'><strong><em>εἰπεῖν</em></strong></span> <span class='ocrx_word' id='word_1_241' title='bbox 576 3529 696 3597; x_wconf 79' lang='lat' dir='ltr'><strong>Graece</strong></span> <span class='ocrx_word' id='word_1_242' title='bbox 720 3529 783 3597; x_wconf 89' lang='lat' dir='ltr'><strong>dini</strong></span> <span class='ocrx_word' id='word_1_243' title='bbox 808 3549 913 3617; x_wconf 84' lang='lat' dir='ltr'><strong>posse.</strong></span> 
     </span>
    </p>

    <p class='ocr_par' dir='ltr' id='par_1_7' title="bbox 253 3632 1449 4568">
     <span class='ocr_line' id='line_1_31' title="bbox 301 3632 1447 3724; baseline -0.003 -22"><span class='ocrx_word' id='word_1_244' title='bbox 301 3637 337 3703; x_wconf 92' lang='lat' dir='ltr'><strong>ln</strong></span> <span class='ocrx_word' id='word_1_245' title='bbox 363 3635 468 3703; x_wconf 89' lang='lat' dir='ltr'><strong>libello</strong></span> <span class='ocrx_word' id='word_1_246' title='bbox 491 3637 529 3702; x_wconf 85' lang='lat' dir='ltr'><strong>do</strong></span> <span class='ocrx_word' id='word_1_247' title='bbox 552 3648 651 3702; x_wconf 86' lang='lat' dir='ltr'><strong>morte</strong></span> <span class='ocrx_word' id='word_1_248' title='bbox 675 3636 841 3724; x_wconf 74' lang='lat' dir='ltr'><strong>Pereprioi</strong></span> <span class='ocrx_word' id='word_1_249' title='bbox 864 3640 918 3704; x_wconf 82' lang='lat'><strong>68.</strong></span> <span class='ocrx_word' id='word_1_250' title='bbox 946 3641 964 3722; x_wconf 73' lang='lat' dir='ltr'>S</span> <span class='ocrx_word' id='word_1_251' title='bbox 986 3639 1017 3702; x_wconf 85' lang='grc'><strong>9.</strong></span> <span class='ocrx_word' id='word_1_252' title='bbox 1048 3633 1221 3701; x_wconf 82' lang='lat' dir='ltr'><strong>barbarum</strong></span> <span class='ocrx_word' id='word_1_253' title='bbox 1250 3641 1300 3701; x_wconf 86' lang='lat' dir='ltr'><strong>est</strong></span> <span class='ocrx_word' id='word_1_254' title='bbox 1329 3632 1447 3712; x_wconf 80' lang='grc' dir='ltr'><strong><em>οὶλόριε·</em></strong></span> 
     </span>
     <span class='ocr_line' id='line_1_32' title="bbox 255 3739 1449 3828; baseline -0.003 -21"><span class='ocrx_word' id='word_1_255' title='bbox 255 3765 301 3815; x_wconf 78' lang='grc' dir='ltr'><strong><em>νος</em></strong></span> <span class='ocrx_word' id='word_1_256' title='bbox 327 3762 384 3828; x_wconf 88' lang='lat' dir='ltr'><strong>pro</strong></span> <span class='ocrx_word' id='word_1_257' title='bbox 408 3742 576 3821; x_wconf 78' lang='grc' dir='ltr'><strong><em>θνιθριενος.</em></strong></span> <span class='ocrx_word' id='word_1_258' title='bbox 624 3742 793 3821; x_wconf 78' lang='lat' dir='ltr'><strong>Graeculi,</strong></span> <span class='ocrx_word' id='word_1_259' title='bbox 826 3742 882 3827; x_wconf 87' lang='lat' dir='ltr'><strong>qui</strong></span> <span class='ocrx_word' id='word_1_260' title='bbox 908 3749 973 3807; x_wconf 88' lang='lat' dir='ltr'><strong>tam</strong></span> <span class='ocrx_word' id='word_1_261' title='bbox 998 3739 1210 3827; x_wconf 78' lang='lat' dir='ltr'><strong>pertinaciter</strong></span> <span class='ocrx_word' id='word_1_262' title='bbox 1232 3741 1391 3822; x_wconf 80' lang='grc' dir='ltr'><strong><em>θφεθνιατν</em></strong></span> <span class='ocrx_word' id='word_1_263' title='bbox 1415 3747 1449 3805; x_wconf 86' lang='lat' dir='ltr'><strong>et</strong></span> 
     </span>
     <span class='ocr_line' id='line_1_33' title="bbox 255 3842 1448 3934; baseline -0.002 -22"><span class='ocrx_word' id='word_1_264' title='bbox 255 3844 365 3928; x_wconf 77' lang='grc' dir='ltr'><strong><em>εὕρατο</em></strong></span> <span class='ocrx_word' id='word_1_265' title='bbox 398 3847 561 3914; x_wconf 80' lang='lat' dir='ltr'><strong>ueteribus</strong></span> <span class='ocrx_word' id='word_1_266' title='bbox 591 3847 771 3915; x_wconf 85' lang='lat' dir='ltr'><strong>obtrudunt</strong></span> <span class='ocrx_word' id='word_1_267' title='bbox 802 3867 860 3934; x_wconf 90' lang='lat' dir='ltr'><strong>pro</strong></span> <span class='ocrx_word' id='word_1_268' title='bbox 888 3847 1040 3930; x_wconf 73' lang='grc' dir='ltr'><strong><em>αφεθνιετο</em></strong></span> <span class='ocrx_word' id='word_1_269' title='bbox 1072 3853 1105 3912; x_wconf 85' lang='lat' dir='ltr'><strong>et</strong></span> <span class='ocrx_word' id='word_1_270' title='bbox 1129 3842 1250 3927; x_wconf 70' lang='grc' dir='ltr'><strong><em>εὕρετο.</em></strong></span> <span class='ocrx_word' id='word_1_271' title='bbox 1283 3845 1448 3911; x_wconf 80' lang='lat' dir='ltr'><strong>contrario</strong></span> 
     </span>
     <span class='ocr_line' id='line_1_34' title="bbox 254 3949 1447 4037; baseline -0.003 -19"><span class='ocrx_word' id='word_1_272' title='bbox 254 3971 365 4018; x_wconf 87' lang='lat' dir='ltr'><strong>errore</strong></span> <span class='ocrx_word' id='word_1_273' title='bbox 389 3953 545 4019; x_wconf 89' lang='lat' dir='ltr'><strong>aoristum</strong></span> <span class='ocrx_word' id='word_1_274' title='bbox 569 3953 704 4034; x_wconf 74' lang='grc' dir='ltr'><strong><em>»ἱκόμην</em></strong></span> <span class='ocrx_word' id='word_1_275' title='bbox 715 3955 748 4019; x_wconf 91' lang='lat' dir='ltr'><strong>in</strong></span> <span class='ocrx_word' id='word_1_276' title='bbox 770 3952 944 4019; x_wconf 86' lang='lat' dir='ltr'><strong>barbarum</strong></span> <span class='ocrx_word' id='word_1_277' title='bbox 966 3951 1086 4030; x_wconf 76' lang='grc' dir='ltr'><strong><em>ἦνθριην</em></strong></span> <span class='ocrx_word' id='word_1_278' title='bbox 1104 3949 1208 4017; x_wconf 88' lang='lat' dir='ltr'><strong>solent</strong></span> <span class='ocrx_word' id='word_1_279' title='bbox 1226 3969 1447 4037; x_wconf 85' lang='lat' dir='ltr'><strong>eorrumpere.</strong></span> 
     </span>
     <span class='ocr_line' id='line_1_35' title="bbox 256 4055 1447 4145; baseline -0.003 -21"><span class='ocrx_word' id='word_1_280' title='bbox 256 4057 309 4124; x_wconf 84' lang='lat' dir='ltr'><strong>Sin</strong></span> <span class='ocrx_word' id='word_1_281' title='bbox 336 4062 397 4135; x_wconf 86' lang='lat'><strong>10,</strong></span> <span class='ocrx_word' id='word_1_282' title='bbox 425 4061 486 4138; x_wconf 86' lang='lat' dir='ltr'><strong>ll,</strong></span> <span class='ocrx_word' id='word_1_283' title='bbox 512 4065 547 4125; x_wconf 78' lang='lat' dir='ltr'><strong>tt.</strong></span> <span class='ocrx_word' id='word_1_284' title='bbox 572 4059 761 4126; x_wconf 73' lang='grc' dir='ltr'><strong><em>καθαλέσθαι</em></strong></span> <span class='ocrx_word' id='word_1_285' title='bbox 786 4059 920 4145; x_wconf 85' lang='lat' dir='ltr'><strong>irrepsit</strong></span> <span class='ocrx_word' id='word_1_286' title='bbox 941 4066 974 4125; x_wconf 87' lang='lat' dir='ltr'><strong>et</strong></span> <span class='ocrx_word' id='word_1_287' title='bbox 996 4057 1069 4124; x_wconf 89' lang='lat' dir='ltr'><strong>allis</strong></span> <span class='ocrx_word' id='word_1_288' title='bbox 1097 4055 1193 4134; x_wconf 83' lang='lat' dir='ltr'><strong>loeis,</strong></span> <span class='ocrx_word' id='word_1_289' title='bbox 1217 4055 1336 4142; x_wconf 88' lang='lat' dir='ltr'><strong>quibus</strong></span> <span class='ocrx_word' id='word_1_290' title='bbox 1357 4055 1447 4122; x_wconf 82' lang='lat' dir='ltr'><strong>deee-</strong></span> 
     </span>
     <span class='ocr_line' id='line_1_36' title="bbox 255 4160 1447 4251; baseline -0.001 -24"><span class='ocrx_word' id='word_1_291' title='bbox 255 4172 332 4249; x_wconf 87' lang='lat' dir='ltr'><strong>ptus</strong></span> <span class='ocrx_word' id='word_1_292' title='bbox 364 4163 487 4228; x_wconf 83' lang='lat' dir='ltr'><strong>llrnnnn</strong></span> <span class='ocrx_word' id='word_1_293' title='bbox 525 4167 583 4240; x_wconf 84' lang='lat'><strong>18,</strong></span> <span class='ocrx_word' id='word_1_294' title='bbox 618 4169 648 4230; x_wconf 81' lang='lat' dir='ltr'><strong>l.</strong></span> <span class='ocrx_word' id='word_1_295' title='bbox 681 4185 738 4251; x_wconf 89' lang='lat' dir='ltr'><strong>pro</strong></span> <span class='ocrx_word' id='word_1_296' title='bbox 770 4163 941 4242; x_wconf 70' lang='grc' dir='ltr'><strong><em>ἁλλόμενος</em></strong></span> <span class='ocrx_word' id='word_1_297' title='bbox 974 4161 1023 4240; x_wconf 82' lang='grc' dir='ltr'><strong>θοΙ</strong></span> <span class='ocrx_word' id='word_1_298' title='bbox 1041 4182 1099 4228; x_wconf 92' lang='lat' dir='ltr'><strong>suo</strong></span> <span class='ocrx_word' id='word_1_299' title='bbox 1132 4160 1283 4242; x_wconf 69' lang='grc' dir='ltr'><strong><em>ἁλόμενος</em></strong></span> <span class='ocrx_word' id='word_1_300' title='bbox 1314 4161 1447 4228; x_wconf 85' lang='lat' dir='ltr'><strong>inuexit.</strong></span> 
     </span>
     <span class='ocr_line' id='line_1_37' title="bbox 255 4267 1448 4356; baseline -0.002 -22"><span class='ocrx_word' id='word_1_301' title='bbox 255 4270 291 4334; x_wconf 91' lang='lat' dir='ltr'><strong>ln</strong></span> <span class='ocrx_word' id='word_1_302' title='bbox 315 4271 333 4355; x_wconf 85' lang='lat'>§</span> <span class='ocrx_word' id='word_1_303' title='bbox 361 4275 401 4335; x_wconf 88' lang='lat'><strong>10</strong></span> <span class='ocrx_word' id='word_1_304' title='bbox 420 4268 640 4336; x_wconf 88' lang='lat' dir='ltr'><strong>nobilissimus</strong></span> <span class='ocrx_word' id='word_1_305' title='bbox 662 4270 752 4336; x_wconf 91' lang='lat' dir='ltr'><strong>loous</strong></span> <span class='ocrx_word' id='word_1_306' title='bbox 781 4268 821 4336; x_wconf 79' lang='lat' dir='ltr'><strong>tle</strong></span> <span class='ocrx_word' id='word_1_307' title='bbox 845 4269 1020 4356; x_wconf 74' lang='lat' dir='ltr'><strong>Peregrino</strong></span> <span class='ocrx_word' id='word_1_308' title='bbox 1050 4267 1312 4336; x_wconf 78' lang='lat' dir='ltr'><strong>Christianorum</strong></span> <span class='ocrx_word' id='word_1_309' title='bbox 1345 4268 1448 4334; x_wconf 78' lang='lat' dir='ltr'><strong>saeris</strong></span> 
     </span>
     <span class='ocr_line' id='line_1_38' title="bbox 255 4372 1447 4463; baseline -0.001 -25"><span class='ocrx_word' id='word_1_310' title='bbox 255 4375 382 4440; x_wconf 91' lang='lat' dir='ltr'><strong>initiato</strong></span> <span class='ocrx_word' id='word_1_311' title='bbox 401 4374 608 4443; x_wconf 85' lang='lat' dir='ltr'><strong>uehementer</strong></span> <span class='ocrx_word' id='word_1_312' title='bbox 624 4375 749 4443; x_wconf 86' lang='lat' dir='ltr'><strong>laborat</strong></span> <span class='ocrx_word' id='word_1_313' title='bbox 767 4383 800 4442; x_wconf 84' lang='lat' dir='ltr'><strong>ot</strong></span> <span class='ocrx_word' id='word_1_314' title='bbox 820 4374 993 4442; x_wconf 82' lang='lat' dir='ltr'><strong>uidendum</strong></span> <span class='ocrx_word' id='word_1_315' title='bbox 1011 4393 1052 4440; x_wconf 86' lang='lat' dir='ltr'><strong>an</strong></span> <span class='ocrx_word' id='word_1_316' title='bbox 1075 4372 1206 4441; x_wconf 86' lang='lat' dir='ltr'><strong>restitui</strong></span> <span class='ocrx_word' id='word_1_317' title='bbox 1221 4375 1334 4463; x_wconf 81' lang='lat' dir='ltr'><strong>possit.</strong></span> <span class='ocrx_word' id='word_1_318' title='bbox 1358 4375 1447 4441; x_wconf 78' lang='lat' dir='ltr'><strong>Port-</strong></span> 
     </span>
     <span class='ocr_line' id='line_1_39' title="bbox 253 4479 1448 4568; baseline 0.003 -21"><span class='ocrx_word' id='word_1_319' title='bbox 253 4500 369 4568; x_wconf 87' lang='lat' dir='ltr'><strong>quam‚</strong></span> <span class='ocrx_word' id='word_1_320' title='bbox 394 4481 521 4568; x_wconf 87' lang='lat' dir='ltr'><strong>inquit,</strong></span> <span class='ocrx_word' id='word_1_321' title='bbox 557 4481 763 4550; x_wconf 84' lang='lat' dir='ltr'><strong>Christianus</strong></span> <span class='ocrx_word' id='word_1_322' title='bbox 786 4479 893 4548; x_wconf 84' lang='lat' dir='ltr'><strong>iactus</strong></span> <span class='ocrx_word' id='word_1_323' title='bbox 915 4486 965 4548; x_wconf 88' lang='lat' dir='ltr'><strong>ost</strong></span> <span class='ocrx_word' id='word_1_324' title='bbox 987 4481 1018 4544; x_wconf 76' lang='grc' dir='ltr'><strong><em>ἐν</em></strong></span> <span class='ocrx_word' id='word_1_325' title='bbox 1040 4480 1164 4563; x_wconf 81' lang='grc' dir='ltr'><strong><em>βραχεῖ</em></strong></span> <span class='ocrx_word' id='word_1_326' title='bbox 1191 4480 1310 4555; x_wconf 77' lang='grc' dir='ltr'><strong><em>παῖδας</em></strong></span> <span class='ocrx_word' id='word_1_327' title='bbox 1336 4481 1448 4550; x_wconf 66' lang='grc' dir='ltr'><strong><em>αὐτοὺς</em></strong></span> 
     </span>
    </p>
   </div>
   <div class='ocr_carea' id='block_1_3' title="bbox 0 0 1617 4972">
    <p class='ocr_par' dir='ltr' id='par_1_8' title="bbox 0 0 1617 4972">
     <span class='ocr_line' id='line_1_40' title="bbox 0 0 1617 4972; baseline 0 0"><span class='ocrx_word' id='word_1_328' title='bbox 0 0 1617 4972; x_wconf 95' lang='lat' dir='ltr'><strong> </strong></span> 
     </span>
    </p>
   </div>
  </div>
 </body>
</html>
