<?xml version="1.0" encoding="UTF-8"?>
<!DOCTYPE html PUBLIC "-//W3C//DTD XHTML 1.0 Transitional//EN"
    "http://www.w3.org/TR/xhtml1/DTD/xhtml1-transitional.dtd">
<html xmlns="http://www.w3.org/1999/xhtml" xml:lang="en" lang="en">
 <head>
  <title>
</title>
<meta http-equiv="Content-Type" content="text/html;charset=utf-8" />
  <meta name='ocr-system' content='tesseract 3.04.00' />
  <meta name='ocr-capabilities' content='ocr_page ocr_carea ocr_par ocr_line ocrx_word'/>
</head>
<body>
  <div class='ocr_page' id='page_1' title='image "./variaelectiones04cobegoog_0279.png"; bbox 0 0 3208 4972; ppageno 0'>
   <div class='ocr_carea' id='block_1_1' title="bbox 808 349 877 424">
    <p class='ocr_par' dir='ltr' id='par_1_1' title="bbox 808 349 877 424">
     <span class='ocr_line' id='line_1_1' title="bbox 808 349 877 424; baseline 0.029 -2"><span class='ocrx_word' id='word_1_1' title='bbox 808 349 877 424; x_wconf 81' lang='lat'><strong>238</strong></span> 
     </span>
    </p>
   </div>
   <div class='ocr_carea' id='block_1_2' title="bbox 252 541 1454 4452">
    <p class='ocr_par' dir='ltr' id='par_1_2' title="bbox 252 541 1454 4452">
     <span class='ocr_line' id='line_1_2' title="bbox 253 541 1438 621; baseline -0.005 -5"><span class='ocrx_word' id='word_1_2' title='bbox 253 548 424 616; x_wconf 83' lang='lat' dir='ltr'><strong>Hellenieir</strong></span> <span class='ocrx_word' id='word_1_3' title='bbox 448 547 505 616; x_wconf 90' lang='lat' dir='ltr'><strong>lll.</strong></span> <span class='ocrx_word' id='word_1_4' title='bbox 532 566 565 617; x_wconf 99' lang='grc' dir='ltr'><strong>ιι.</strong></span> <span class='ocrx_word' id='word_1_5' title='bbox 594 551 647 614; x_wconf 86' lang='grc'><strong>19.</strong></span> <span class='ocrx_word' id='word_1_6' title='bbox 672 545 878 616; x_wconf 84' lang='lat' dir='ltr'><strong>scribendum</strong></span> <span class='ocrx_word' id='word_1_7' title='bbox 903 545 1035 621; x_wconf 77' lang='grc' dir='ltr'><strong><em>πλεῖνῆ</em></strong></span> <span class='ocrx_word' id='word_1_8' title='bbox 1064 541 1166 614; x_wconf 75' lang='grc' dir='ltr'><strong><em>παίδων</em></strong></span> <span class='ocrx_word' id='word_1_9' title='bbox 1195 553 1229 612; x_wconf 89' lang='lat' dir='ltr'><strong>et</strong></span> <span class='ocrx_word' id='word_1_10' title='bbox 1253 544 1290 613; x_wconf 88' lang='lat' dir='ltr'><strong>V.</strong></span> <span class='ocrx_word' id='word_1_11' title='bbox 1320 565 1361 613; x_wconf 89' lang='grc' dir='ltr'><strong><em>ιν.</em></strong></span> <span class='ocrx_word' id='word_1_12' title='bbox 1384 550 1438 614; x_wconf 85' lang='grc'><strong>86.</strong></span> 
     </span>
     <span class='ocr_line' id='line_1_3' title="bbox 252 649 1438 733; baseline -0.004 -10"><span class='ocrx_word' id='word_1_13' title='bbox 252 656 384 731; x_wconf 67' lang='lat' dir='ltr'><strong>noeroil</strong></span> <span class='ocrx_word' id='word_1_14' title='bbox 418 653 630 733; x_wconf 76' lang='grc' dir='ltr'><strong><em>ἑβδομήκοντα</em></strong></span> <span class='ocrx_word' id='word_1_15' title='bbox 663 661 695 720; x_wconf 87' lang='lat' dir='ltr'><strong>et</strong></span> <span class='ocrx_word' id='word_1_16' title='bbox 726 650 802 720; x_wconf 89' lang='lat' dir='ltr'><strong>alibi</strong></span> <span class='ocrx_word' id='word_1_17' title='bbox 827 649 866 716; x_wconf 89' lang='lat' dir='ltr'><strong>ad</strong></span> <span class='ocrx_word' id='word_1_18' title='bbox 891 649 1025 718; x_wconf 90' lang='lat' dir='ltr'><strong>eandem</strong></span> <span class='ocrx_word' id='word_1_19' title='bbox 1052 669 1209 719; x_wconf 86' lang='lat' dir='ltr'><strong>normam.</strong></span> <span class='ocrx_word' id='word_1_20' title='bbox 1258 650 1316 722; x_wconf 85' lang='lat' dir='ltr'><strong>Ubi</strong></span> <span class='ocrx_word' id='word_1_21' title='bbox 1341 652 1438 718; x_wconf 91' lang='lat' dir='ltr'><strong>semel</strong></span> 
     </span>
     <span class='ocr_line' id='line_1_4' title="bbox 252 757 1440 828; baseline -0.002 0"><span class='ocrx_word' id='word_1_22' title='bbox 252 759 502 828; x_wconf 81' lang='lat' dir='ltr'><strong>Atheniensibus</strong></span> <span class='ocrx_word' id='word_1_23' title='bbox 526 779 583 826; x_wconf 88' lang='lat' dir='ltr'><strong>sna</strong></span> <span class='ocrx_word' id='word_1_24' title='bbox 609 779 723 826; x_wconf 83' lang='lat' dir='ltr'><strong>mouns</strong></span> <span class='ocrx_word' id='word_1_25' title='bbox 747 759 809 824; x_wconf 88' lang='lat' dir='ltr'><strong>erit</strong></span> <span class='ocrx_word' id='word_1_26' title='bbox 834 758 984 823; x_wconf 85' lang='lat' dir='ltr'><strong>restituta</strong></span> <span class='ocrx_word' id='word_1_27' title='bbox 1005 777 1099 824; x_wconf 86' lang='lat' dir='ltr'><strong>neruo</strong></span> <span class='ocrx_word' id='word_1_28' title='bbox 1119 757 1291 828; x_wconf 74' lang='lat' dir='ltr'><strong>mirabitur</strong></span> <span class='ocrx_word' id='word_1_29' title='bbox 1311 759 1440 828; x_wconf 81' lang='lat' dir='ltr'><strong>Atticis·</strong></span> 
     </span>
     <span class='ocr_line' id='line_1_5' title="bbox 253 861 1441 950; baseline -0.001 -17"><span class='ocrx_word' id='word_1_30' title='bbox 253 874 302 933; x_wconf 85' lang='lat' dir='ltr'><strong>tas</strong></span> <span class='ocrx_word' id='word_1_31' title='bbox 326 864 436 931; x_wconf 90' lang='lat' dir='ltr'><strong>eodem</strong></span> <span class='ocrx_word' id='word_1_32' title='bbox 462 863 555 933; x_wconf 90' lang='lat' dir='ltr'><strong>modo</strong></span> <span class='ocrx_word' id='word_1_33' title='bbox 580 866 764 950; x_wconf 78' lang='lat' dir='ltr'><strong>seriptilare</strong></span> <span class='ocrx_word' id='word_1_34' title='bbox 789 863 900 932; x_wconf 90' lang='lat' dir='ltr'><strong>solitos</strong></span> <span class='ocrx_word' id='word_1_35' title='bbox 928 871 960 930; x_wconf 87' lang='lat' dir='ltr'><strong>et</strong></span> <span class='ocrx_word' id='word_1_36' title='bbox 985 861 1134 930; x_wconf 74' lang='lat' dir='ltr'><strong>Lucilius</strong></span> <span class='ocrx_word' id='word_1_37' title='bbox 1161 873 1194 934; x_wconf 86' lang='lat' dir='ltr'><strong>el</strong></span> <span class='ocrx_word' id='word_1_38' title='bbox 1222 864 1280 932; x_wconf 88' lang='lat' dir='ltr'><strong>hoo</strong></span> <span class='ocrx_word' id='word_1_39' title='bbox 1311 865 1380 932; x_wconf 88' lang='lat' dir='ltr'><strong>loao</strong></span> <span class='ocrx_word' id='word_1_40' title='bbox 1407 874 1441 933; x_wconf 87' lang='lat' dir='ltr'><strong>et</strong></span> 
     </span>
     <span class='ocr_line' id='line_1_6' title="bbox 252 969 972 1058; baseline -0.006 -17"><span class='ocrx_word' id='word_1_41' title='bbox 252 972 328 1040; x_wconf 86' lang='lat' dir='ltr'><strong>olibi</strong></span> <span class='ocrx_word' id='word_1_42' title='bbox 351 979 441 1038; x_wconf 74' lang='lat' dir='ltr'><strong>arneto</strong></span> <span class='ocrx_word' id='word_1_43' title='bbox 465 973 482 1049; x_wconf 77' lang='grc' dir='ltr'><em>η</em></span> <span class='ocrx_word' id='word_1_44' title='bbox 507 978 594 1038; x_wconf 89' lang='lat' dir='ltr'><strong>reate</strong></span> <span class='ocrx_word' id='word_1_45' title='bbox 618 971 787 1058; x_wconf 75' lang='lat' dir='ltr'><strong>scripsisse</strong></span> <span class='ocrx_word' id='word_1_46' title='bbox 810 969 972 1039; x_wconf 72' lang='lat' dir='ltr'><strong>credetur.</strong></span> 
     </span>
     <span class='ocr_line' id='line_1_7' title="bbox 298 1073 1439 1164; baseline 0.001 -19"><span class='ocrx_word' id='word_1_47' title='bbox 298 1078 333 1145; x_wconf 90' lang='lat' dir='ltr'><strong>ln</strong></span> <span class='ocrx_word' id='word_1_48' title='bbox 363 1077 504 1144; x_wconf 72' lang='lat' dir='ltr'><strong>Votorum</strong></span> <span class='ocrx_word' id='word_1_49' title='bbox 527 1078 668 1144; x_wconf 77' lang='lat' dir='ltr'><strong>auctione</strong></span> <span class='ocrx_word' id='word_1_50' title='bbox 690 1080 741 1143; x_wconf 84' lang='lat' dir='ltr'><strong>ll.</strong></span> <span class='ocrx_word' id='word_1_51' title='bbox 773 1083 801 1142; x_wconf 93' lang='grc'><strong>1.</strong></span> <span class='ocrx_word' id='word_1_52' title='bbox 828 1075 934 1144; x_wconf 79' lang='lat' dir='ltr'><strong>sorilro</strong></span> <span class='ocrx_word' id='word_1_53' title='bbox 957 1077 982 1141; x_wconf 89' lang='grc' dir='ltr'><strong>εί</strong></span> <span class='ocrx_word' id='word_1_54' title='bbox 1007 1074 1039 1144; x_wconf 77' lang='grc' dir='ltr'><strong>δέ</strong></span> <span class='ocrx_word' id='word_1_55' title='bbox 1058 1098 1106 1149; x_wconf 79' lang='grc' dir='ltr'><strong><em>τις</em></strong></span> <span class='ocrx_word' id='word_1_56' title='bbox 1126 1077 1179 1143; x_wconf 79' lang='grc' dir='ltr'><strong>οὐκ</strong></span> <span class='ocrx_word' id='word_1_57' title='bbox 1200 1073 1268 1159; x_wconf 76' lang='grc' dir='ltr'><strong><em>ἔχει</em></strong></span> <span class='ocrx_word' id='word_1_58' title='bbox 1289 1097 1347 1164; x_wconf 91' lang='lat' dir='ltr'><strong>pro</strong></span> <span class='ocrx_word' id='word_1_59' title='bbox 1359 1076 1439 1161; x_wconf 75' lang='grc' dir='ltr'><strong><em>ἔρροι.</em></strong></span> 
     </span>
     <span class='ocr_line' id='line_1_8' title="bbox 254 1181 1442 1272; baseline 0.001 -21"><span class='ocrx_word' id='word_1_60' title='bbox 254 1188 272 1272; x_wconf 87' lang='lat'><em>§</em></span> <span class='ocrx_word' id='word_1_61' title='bbox 297 1190 328 1251; x_wconf 77' lang='lat'><strong>3.</strong></span> <span class='ocrx_word' id='word_1_62' title='bbox 358 1192 435 1251; x_wconf 84' lang='grc' dir='ltr'><strong><em>τοῖσι</em></strong></span> <span class='ocrx_word' id='word_1_63' title='bbox 461 1184 525 1250; x_wconf 76' lang='grc' dir='ltr'><strong>ἐκεῖ</strong></span> <span class='ocrx_word' id='word_1_64' title='bbox 550 1204 606 1270; x_wconf 93' lang='lat' dir='ltr'><strong>pro</strong></span> <span class='ocrx_word' id='word_1_65' title='bbox 629 1191 704 1256; x_wconf 78' lang='grc' dir='ltr'><strong><em>τοῖς.</em></strong></span> <span class='ocrx_word' id='word_1_66' title='bbox 745 1185 762 1268; x_wconf 85' lang='lat'>§</span> <span class='ocrx_word' id='word_1_67' title='bbox 790 1187 820 1248; x_wconf 89' lang='grc'><strong>5.</strong></span> <span class='ocrx_word' id='word_1_68' title='bbox 844 1181 985 1264; x_wconf 76' lang='grc' dir='ltr'><strong>ψυχηρθν</strong></span> <span class='ocrx_word' id='word_1_69' title='bbox 1010 1201 1067 1269; x_wconf 91' lang='lat' dir='ltr'><strong>pro</strong></span> <span class='ocrx_word' id='word_1_70' title='bbox 1088 1183 1236 1266; x_wconf 77' lang='grc' dir='ltr'><strong><em>ψνχνίνόν.</em></strong></span> <span class='ocrx_word' id='word_1_71' title='bbox 1275 1186 1293 1270; x_wconf 86' lang='lat'><em>§</em></span> <span class='ocrx_word' id='word_1_72' title='bbox 1318 1189 1350 1251; x_wconf 85' lang='grc'><strong>9.</strong></span> <span class='ocrx_word' id='word_1_73' title='bbox 1375 1185 1442 1265; x_wconf 75' lang='grc' dir='ltr'><strong>ἐμοὶ</strong></span> 
     </span>
     <span class='ocr_line' id='line_1_9' title="bbox 252 1287 1442 1375; baseline -0.002 -15"><span class='ocrx_word' id='word_1_74' title='bbox 252 1291 409 1372; x_wconf 77' lang='grc' dir='ltr'><strong><em>πιθόμενος</em></strong></span> <span class='ocrx_word' id='word_1_75' title='bbox 438 1309 495 1375; x_wconf 87' lang='lat' dir='ltr'><strong>pro</strong></span> <span class='ocrx_word' id='word_1_76' title='bbox 519 1289 713 1370; x_wconf 76' lang='grc' dir='ltr'><strong>πειθόμενος,</strong></span> <span class='ocrx_word' id='word_1_77' title='bbox 746 1297 780 1354; x_wconf 84' lang='lat' dir='ltr'><strong>ut</strong></span> <span class='ocrx_word' id='word_1_78' title='bbox 813 1287 932 1374; x_wconf 87' lang='lat' dir='ltr'><strong>passim</strong></span> <span class='ocrx_word' id='word_1_79' title='bbox 962 1288 1104 1354; x_wconf 88' lang='lat' dir='ltr'><strong>aorislus</strong></span> <span class='ocrx_word' id='word_1_80' title='bbox 1135 1290 1273 1356; x_wconf 78' lang='grc' dir='ltr'><strong><em>πιθέσθαι</em></strong></span> <span class='ocrx_word' id='word_1_81' title='bbox 1306 1291 1442 1358; x_wconf 84' lang='lat' dir='ltr'><strong>interiit.</strong></span> 
     </span>
     <span class='ocr_line' id='line_1_10' title="bbox 255 1393 1443 1483; baseline -0.002 -19"><span class='ocrx_word' id='word_1_82' title='bbox 255 1402 272 1483; x_wconf 72' lang='lat' dir='ltr'>S</span> <span class='ocrx_word' id='word_1_83' title='bbox 303 1404 351 1464; x_wconf 79' lang='lat'><strong>14.</strong></span> <span class='ocrx_word' id='word_1_84' title='bbox 377 1396 515 1478; x_wconf 87' lang='grc' dir='ltr'><strong><em>ε’πίκηρον</em></strong></span> <span class='ocrx_word' id='word_1_85' title='bbox 545 1415 601 1482; x_wconf 92' lang='lat' dir='ltr'><strong>pro</strong></span> <span class='ocrx_word' id='word_1_86' title='bbox 627 1395 786 1477; x_wconf 80' lang='grc' dir='ltr'><strong><em>ίπινονίριον.</em></strong></span> <span class='ocrx_word' id='word_1_87' title='bbox 828 1397 845 1478; x_wconf 90' lang='lat'><em>§</em></span> <span class='ocrx_word' id='word_1_88' title='bbox 870 1396 925 1460; x_wconf 86' lang='grc'><strong>17.</strong></span> <span class='ocrx_word' id='word_1_89' title='bbox 951 1393 1078 1460; x_wconf 83' lang='lat' dir='ltr'><strong>Lacuna</strong></span> <span class='ocrx_word' id='word_1_90' title='bbox 1103 1402 1164 1461; x_wconf 83' lang='lat' dir='ltr'><strong>ost:</strong></span> <span class='ocrx_word' id='word_1_91' title='bbox 1190 1394 1292 1462; x_wconf 85' lang='lat' dir='ltr'><strong>inulla</strong></span> <span class='ocrx_word' id='word_1_92' title='bbox 1313 1396 1443 1464; x_wconf 80' lang='lat' dir='ltr'><strong>excide·</strong></span> 
     </span>
     <span class='ocr_line' id='line_1_11' title="bbox 254 1498 1443 1590; baseline -0.002 -20"><span class='ocrx_word' id='word_1_93' title='bbox 254 1513 330 1572; x_wconf 86' lang='lat' dir='ltr'><strong>runt</strong></span> <span class='ocrx_word' id='word_1_94' title='bbox 355 1511 424 1590; x_wconf 91' lang='lat' dir='ltr'><strong>post</strong></span> <span class='ocrx_word' id='word_1_95' title='bbox 448 1501 670 1584; x_wconf 70' lang='grc' dir='ltr'><strong>διημάρτανον,</strong></span> <span class='ocrx_word' id='word_1_96' title='bbox 702 1499 820 1588; x_wconf 74' lang='lat' dir='ltr'><strong>quilius</strong></span> <span class='ocrx_word' id='word_1_97' title='bbox 851 1498 1045 1586; x_wconf 82' lang='lat' dir='ltr'><strong>colloquium</strong></span> <span class='ocrx_word' id='word_1_98' title='bbox 1078 1519 1153 1566; x_wconf 89' lang='lat' dir='ltr'><strong>oum</strong></span> <span class='ocrx_word' id='word_1_99' title='bbox 1179 1499 1314 1568; x_wconf 82' lang='lat' dir='ltr'><strong>Sornrrr</strong></span> <span class='ocrx_word' id='word_1_100' title='bbox 1337 1501 1443 1568; x_wconf 81' lang='lat' dir='ltr'><strong>ubsol-</strong></span> 
     </span>
     <span class='ocr_line' id='line_1_12' title="bbox 253 1603 1442 1698; baseline 0 -23"><span class='ocrx_word' id='word_1_101' title='bbox 253 1611 300 1678; x_wconf 87' lang='lat' dir='ltr'><strong>rit</strong></span> <span class='ocrx_word' id='word_1_102' title='bbox 323 1618 355 1677; x_wconf 90' lang='lat' dir='ltr'><strong>et</strong></span> <span class='ocrx_word' id='word_1_103' title='bbox 375 1606 526 1698; x_wconf 82' lang='lat' dir='ltr'><strong>produxit</strong></span> <span class='ocrx_word' id='word_1_104' title='bbox 547 1608 718 1674; x_wconf 83' lang='lat' dir='ltr'><strong>Purroonu.</strong></span> <span class='ocrx_word' id='word_1_105' title='bbox 747 1611 764 1692; x_wconf 90' lang='lat'><em>§</em></span> <span class='ocrx_word' id='word_1_106' title='bbox 783 1610 833 1672; x_wconf 85' lang='lat'><strong>18.</strong></span> <span class='ocrx_word' id='word_1_107' title='bbox 859 1608 891 1673; x_wconf 80' lang='grc' dir='ltr'><strong>τί</strong></span> <span class='ocrx_word' id='word_1_108' title='bbox 909 1607 962 1672; x_wconf 79' lang='grc' dir='ltr'><strong>καί</strong></span> <span class='ocrx_word' id='word_1_109' title='bbox 981 1603 1091 1689; x_wconf 78' lang='grc' dir='ltr'><strong><em>πρνίξει</em></strong></span> <span class='ocrx_word' id='word_1_110' title='bbox 1112 1625 1171 1690; x_wconf 92' lang='lat' dir='ltr'><strong>pro</strong></span> <span class='ocrx_word' id='word_1_111' title='bbox 1191 1605 1330 1690; x_wconf 72' lang='grc' dir='ltr'><strong><em>πράξεις.</em></strong></span> <span class='ocrx_word' id='word_1_112' title='bbox 1355 1613 1442 1693; x_wconf 60' lang='lat' dir='ltr'><strong>§im</strong></span> 
     </span>
     <span class='ocr_line' id='line_1_13' title="bbox 254 1711 1441 1802; baseline -0.002 -18"><span class='ocrx_word' id='word_1_113' title='bbox 254 1715 307 1799; x_wconf 82' lang='grc' dir='ltr'><strong>θρα</strong></span> <span class='ocrx_word' id='word_1_114' title='bbox 331 1719 375 1795; x_wconf 74' lang='grc' dir='ltr'><strong>μή</strong></span> <span class='ocrx_word' id='word_1_115' title='bbox 406 1740 442 1781; x_wconf 88' lang='grc' dir='ltr'><strong>σε</strong></span> <span class='ocrx_word' id='word_1_116' title='bbox 472 1713 668 1791; x_wconf 73' lang='grc' dir='ltr'><strong><em>ἀποτοξεύσω</em></strong></span> <span class='ocrx_word' id='word_1_117' title='bbox 699 1713 740 1796; x_wconf 71' lang='grc' dir='ltr'><strong>τῷ</strong></span> <span class='ocrx_word' id='word_1_118' title='bbox 774 1711 983 1792; x_wconf 71' lang='grc' dir='ltr'><strong><em>ἀναποδείκτῳ</em></strong></span> <span class='ocrx_word' id='word_1_119' title='bbox 1013 1717 1227 1796; x_wconf 76' lang='grc' dir='ltr'><strong><em>συλλογισμῷ.</em></strong></span> <span class='ocrx_word' id='word_1_120' title='bbox 1258 1716 1313 1801; x_wconf 86' lang='lat' dir='ltr'><strong>qul</strong></span> <span class='ocrx_word' id='word_1_121' title='bbox 1346 1735 1441 1802; x_wconf 85' lang='lat' dir='ltr'><strong>quem</strong></span> 
     </span>
     <span class='ocr_line' id='line_1_14' title="bbox 255 1818 1445 1910; baseline 0.002 -22"><span class='ocrx_word' id='word_1_122' title='bbox 255 1822 315 1888; x_wconf 85' lang='lat' dir='ltr'><strong>telo</strong></span> <span class='ocrx_word' id='word_1_123' title='bbox 348 1819 395 1886; x_wconf 86' lang='lat' dir='ltr'><strong>vel</strong></span> <span class='ocrx_word' id='word_1_124' title='bbox 429 1821 542 1907; x_wconf 77' lang='lat' dir='ltr'><strong>eupillo</strong></span> <span class='ocrx_word' id='word_1_125' title='bbox 576 1819 708 1908; x_wconf 78' lang='lat' dir='ltr'><strong>oonslpr&#39;l</strong></span> <span class='ocrx_word' id='word_1_126' title='bbox 737 1818 858 1886; x_wconf 82' lang='lat' dir='ltr'><strong>dieitur</strong></span> <span class='ocrx_word' id='word_1_127' title='bbox 887 1818 1105 1898; x_wconf 63' lang='grc' dir='ltr'><strong>κατατοξεύειν</strong></span> <span class='ocrx_word' id='word_1_128' title='bbox 1135 1819 1249 1898; x_wconf 77' lang='grc' dir='ltr'><strong><em>αὐτόν,</em></strong></span> <span class='ocrx_word' id='word_1_129' title='bbox 1283 1830 1318 1890; x_wconf 86' lang='lat' dir='ltr'><strong>ut</strong></span> <span class='ocrx_word' id='word_1_130' title='bbox 1349 1841 1445 1910; x_wconf 79' lang='lat' dir='ltr'><strong>saepe</strong></span> 
     </span>
     <span class='ocr_line' id='line_1_15' title="bbox 255 1919 1445 2014; baseline 0.002 -22"><span class='ocrx_word' id='word_1_131' title='bbox 255 1927 353 2003; x_wconf 86' lang='lat' dir='ltr'><strong>alios,</strong></span> <span class='ocrx_word' id='word_1_132' title='bbox 386 1945 480 2012; x_wconf 88' lang='lat' dir='ltr'><strong>saepo</strong></span> <span class='ocrx_word' id='word_1_133' title='bbox 512 1923 665 1994; x_wconf 79' lang='lat' dir='ltr'><strong>Luariuuu</strong></span> <span class='ocrx_word' id='word_1_134' title='bbox 698 1925 849 1992; x_wconf 88' lang='lat' dir='ltr'><strong>audimus</strong></span> <span class='ocrx_word' id='word_1_135' title='bbox 880 1925 1052 1992; x_wconf 83' lang='lat' dir='ltr'><strong>dicentem.</strong></span> <span class='ocrx_word' id='word_1_136' title='bbox 1100 1923 1207 2010; x_wconf 81' lang='lat' dir='ltr'><strong>Siglae</strong></span> <span class='ocrx_word' id='word_1_137' title='bbox 1235 1919 1445 2014; x_wconf 85' lang='lat' dir='ltr'><strong>praepositio-</strong></span> 
     </span>
     <span class='ocr_line' id='line_1_16' title="bbox 256 2029 1445 2118; baseline 0.003 -20"><span class='ocrx_word' id='word_1_138' title='bbox 256 2053 335 2099; x_wconf 86' lang='lat' dir='ltr'><strong>num</strong></span> <span class='ocrx_word' id='word_1_139' title='bbox 361 2039 562 2118; x_wconf 72' lang='lat' dir='ltr'><strong>permutatae</strong></span> <span class='ocrx_word' id='word_1_140' title='bbox 586 2037 674 2098; x_wconf 84' lang='lat' dir='ltr'><strong>sunl.</strong></span> <span class='ocrx_word' id='word_1_141' title='bbox 712 2032 804 2114; x_wconf 76' lang='lat' dir='ltr'><strong>§aa</strong></span> <span class='ocrx_word' id='word_1_142' title='bbox 834 2029 926 2098; x_wconf 79' lang='grc' dir='ltr'><strong><em>πίνον</em></strong></span> <span class='ocrx_word' id='word_1_143' title='bbox 951 2031 1025 2112; x_wconf 78' lang='grc' dir='ltr'><strong><em>ὑπὲρ</em></strong></span> <span class='ocrx_word' id='word_1_144' title='bbox 1048 2032 1143 2100; x_wconf 76' lang='grc' dir='ltr'><strong><em>αὐτοῦ</em></strong></span> <span class='ocrx_word' id='word_1_145' title='bbox 1167 2033 1366 2114; x_wconf 70' lang='grc' dir='ltr'><strong><em>καταβαλῶ,</em></strong></span> <span class='ocrx_word' id='word_1_146' title='bbox 1392 2053 1445 2100; x_wconf 86' lang='lat' dir='ltr'><strong>re·</strong></span> 
     </span>
     <span class='ocr_line' id='line_1_17' title="bbox 256 2133 1446 2228; baseline 0 -22"><span class='ocrx_word' id='word_1_147' title='bbox 256 2159 338 2228; x_wconf 86' lang='lat' dir='ltr'><strong>pono</strong></span> <span class='ocrx_word' id='word_1_148' title='bbox 361 2137 604 2208; x_wconf 89' lang='lat' dir='ltr'><strong>ooniunolirum</strong></span> <span class='ocrx_word' id='word_1_149' title='bbox 629 2133 819 2215; x_wconf 68' lang='grc' dir='ltr'><strong><em>καταβαίνω.</em></strong></span> <span class='ocrx_word' id='word_1_150' title='bbox 848 2140 866 2221; x_wconf 91' lang='lat'>§</span> <span class='ocrx_word' id='word_1_151' title='bbox 890 2141 943 2204; x_wconf 76' lang='grc'><strong>16.</strong></span> <span class='ocrx_word' id='word_1_152' title='bbox 968 2137 1047 2203; x_wconf 72' lang='grc' dir='ltr'><strong><em>πολὺ</em></strong></span> <span class='ocrx_word' id='word_1_153' title='bbox 1069 2136 1192 2220; x_wconf 74' lang='grc' dir='ltr'><strong><em>λέγεις,</em></strong></span> <span class='ocrx_word' id='word_1_154' title='bbox 1215 2137 1351 2206; x_wconf 79' lang='lat' dir='ltr'><strong>unienda</strong></span> <span class='ocrx_word' id='word_1_155' title='bbox 1371 2154 1446 2206; x_wconf 75' lang='grc' dir='ltr'><strong><em>ποα-</em></strong></span> 
     </span>
     <span class='ocr_line' id='line_1_18' title="bbox 257 2242 1446 2326; baseline -0.002 -14"><span class='ocrx_word' id='word_1_156' title='bbox 257 2251 311 2313; x_wconf 74' lang='grc' dir='ltr'><strong>λοῦ</strong></span> <span class='ocrx_word' id='word_1_157' title='bbox 334 2246 449 2324; x_wconf 72' lang='grc' dir='ltr'><strong><em>λίγεια.</em></strong></span> <span class='ocrx_word' id='word_1_158' title='bbox 498 2243 536 2309; x_wconf 89' lang='grc' dir='ltr'><strong>Ιιι</strong></span> <span class='ocrx_word' id='word_1_159' title='bbox 561 2242 719 2309; x_wconf 83' lang='lat' dir='ltr'><strong>Pioootoro</strong></span> <span class='ocrx_word' id='word_1_160' title='bbox 753 2247 802 2308; x_wconf 95' lang='grc'><strong>15.</strong></span> <span class='ocrx_word' id='word_1_161' title='bbox 835 2245 852 2326; x_wconf 85' lang='lat'>§</span> <span class='ocrx_word' id='word_1_162' title='bbox 880 2246 932 2310; x_wconf 74' lang='grc'><strong>48.</strong></span> <span class='ocrx_word' id='word_1_163' title='bbox 961 2243 1023 2323; x_wconf 73' lang='grc' dir='ltr'><strong>ἐγὼ</strong></span> <span class='ocrx_word' id='word_1_164' title='bbox 1054 2242 1100 2312; x_wconf 83' lang='grc' dir='ltr'><strong>δί’</strong></span> <span class='ocrx_word' id='word_1_165' title='bbox 1128 2242 1242 2322; x_wconf 75' lang='grc' dir='ltr'><strong><em>θβσλῶν</em></strong></span> <span class='ocrx_word' id='word_1_166' title='bbox 1266 2245 1361 2314; x_wconf 77' lang='grc' dir='ltr'><strong><em>αὐτὸν</em></strong></span> <span class='ocrx_word' id='word_1_167' title='bbox 1383 2247 1446 2312; x_wconf 83' lang='grc' dir='ltr'><strong><em>θπι-</em></strong></span> 
     </span>
     <span class='ocr_line' id='line_1_19' title="bbox 257 2345 1449 2431; baseline 0 -15"><span class='ocrx_word' id='word_1_168' title='bbox 257 2349 419 2431; x_wconf 84' lang='grc' dir='ltr'><strong>μησοίμην.</strong></span> <span class='ocrx_word' id='word_1_169' title='bbox 433 2387 476 2400; x_wconf 89' lang='grc'><strong>-</strong></span> <span class='ocrx_word' id='word_1_170' title='bbox 490 2349 570 2418; x_wconf 82' lang='grc' dir='ltr'><strong><em>πολὺ</em></strong></span> <span class='ocrx_word' id='word_1_171' title='bbox 594 2349 717 2426; x_wconf 75' lang='grc' dir='ltr'><strong><em>λέγεις,</em></strong></span> <span class='ocrx_word' id='word_1_172' title='bbox 742 2356 808 2414; x_wconf 83' lang='lat' dir='ltr'><strong>tros</strong></span> <span class='ocrx_word' id='word_1_173' title='bbox 828 2345 963 2414; x_wconf 84' lang='lat' dir='ltr'><strong>Codices</strong></span> <span class='ocrx_word' id='word_1_174' title='bbox 983 2353 1100 2416; x_wconf 74' lang='grc' dir='ltr'><strong><em>πολλοῦ</em></strong></span> <span class='ocrx_word' id='word_1_175' title='bbox 1119 2348 1225 2428; x_wconf 73' lang='grc' dir='ltr'><strong><em>λίγεια</em></strong></span> <span class='ocrx_word' id='word_1_176' title='bbox 1244 2347 1449 2429; x_wconf 81' lang='lat' dir='ltr'><strong>obtulerunt,</strong></span> 
     </span>
     <span class='ocr_line' id='line_1_20' title="bbox 258 2452 1448 2541; baseline 0 -17"><span class='ocrx_word' id='word_1_177' title='bbox 258 2467 291 2524; x_wconf 84' lang='lat' dir='ltr'><strong>at</strong></span> <span class='ocrx_word' id='word_1_178' title='bbox 315 2453 409 2523; x_wconf 87' lang='lat' dir='ltr'><strong>neino</strong></span> <span class='ocrx_word' id='word_1_179' title='bbox 426 2455 583 2524; x_wconf 76' lang='lat' dir='ltr'><strong>intellexit</strong></span> <span class='ocrx_word' id='word_1_180' title='bbox 602 2473 698 2541; x_wconf 79' lang='lat' dir='ltr'><strong>quiam</strong></span> <span class='ocrx_word' id='word_1_181' title='bbox 728 2452 845 2520; x_wconf 84' lang='lat' dir='ltr'><strong>honum</strong></span> <span class='ocrx_word' id='word_1_182' title='bbox 867 2463 968 2522; x_wconf 78' lang='lat' dir='ltr'><strong>esset:</strong></span> <span class='ocrx_word' id='word_1_183' title='bbox 993 2473 1104 2522; x_wconf 87' lang='lat' dir='ltr'><strong>omnes</strong></span> <span class='ocrx_word' id='word_1_184' title='bbox 1127 2454 1327 2528; x_wconf 83' lang='lat' dir='ltr'><strong>atieoerunt.</strong></span> <span class='ocrx_word' id='word_1_185' title='bbox 1352 2455 1448 2524; x_wconf 82' lang='lat' dir='ltr'><strong>‹leni-</strong></span> 
     </span>
     <span class='ocr_line' id='line_1_21' title="bbox 258 2560 1115 2652; baseline -0.007 -21"><span class='ocrx_word' id='word_1_186' title='bbox 258 2584 320 2652; x_wconf 88' lang='lat' dir='ltr'><strong>qua</strong></span> <span class='ocrx_word' id='word_1_187' title='bbox 345 2564 378 2628; x_wconf 95' lang='lat' dir='ltr'><strong>in</strong></span> <span class='ocrx_word' id='word_1_188' title='bbox 404 2562 465 2629; x_wconf 83' lang='lat' dir='ltr'><strong>fine</strong></span> <span class='ocrx_word' id='word_1_189' title='bbox 491 2567 509 2647; x_wconf 88' lang='lat'>§</span> <span class='ocrx_word' id='word_1_190' title='bbox 535 2562 605 2647; x_wconf 79' lang='lat' dir='ltr'><strong>lege</strong></span> <span class='ocrx_word' id='word_1_191' title='bbox 627 2564 759 2640; x_wconf 74' lang='grc' dir='ltr'><strong><em>ὠνοῦμαι</em></strong></span> <span class='ocrx_word' id='word_1_192' title='bbox 782 2560 875 2626; x_wconf 80' lang='grc' dir='ltr'><strong><em>αὐτὸν</em></strong></span> <span class='ocrx_word' id='word_1_193' title='bbox 898 2566 972 2626; x_wconf 82' lang='grc' dir='ltr'><strong>τῶν</strong></span> <span class='ocrx_word' id='word_1_194' title='bbox 995 2561 1115 2630; x_wconf 62' lang='lat' dir='ltr'><strong>arnono.</strong></span> 
     </span>
     <span class='ocr_line' id='line_1_22' title="bbox 303 2663 1447 2752; baseline 0 -16"><span class='ocrx_word' id='word_1_195' title='bbox 303 2669 339 2736; x_wconf 91' lang='lat' dir='ltr'><strong>ln</strong></span> <span class='ocrx_word' id='word_1_196' title='bbox 364 2667 523 2736; x_wconf 81' lang='lat' dir='ltr'><strong>Pirooloro</strong></span> <span class='ocrx_word' id='word_1_197' title='bbox 550 2673 599 2734; x_wconf 92' lang='grc'><strong>15.</strong></span> <span class='ocrx_word' id='word_1_198' title='bbox 625 2670 642 2752; x_wconf 86' lang='lat'>§</span> <span class='ocrx_word' id='word_1_199' title='bbox 668 2671 698 2734; x_wconf 82' lang='lat'><strong>4.</strong></span> <span class='ocrx_word' id='word_1_200' title='bbox 724 2667 793 2751; x_wconf 82' lang='lat' dir='ltr'><strong>lage</strong></span> <span class='ocrx_word' id='word_1_201' title='bbox 817 2663 954 2746; x_wconf 83' lang='grc' dir='ltr'><strong><em>διίσνραρ</em></strong></span> <span class='ocrx_word' id='word_1_202' title='bbox 979 2687 1037 2752; x_wconf 89' lang='lat' dir='ltr'><strong>pro</strong></span> <span class='ocrx_word' id='word_1_203' title='bbox 1060 2667 1202 2748; x_wconf 82' lang='grc' dir='ltr'><strong><em>διίσυρερ.</em></strong></span> <span class='ocrx_word' id='word_1_204' title='bbox 1233 2671 1250 2752; x_wconf 86' lang='lat'>§</span> <span class='ocrx_word' id='word_1_205' title='bbox 1276 2673 1307 2734; x_wconf 95' lang='grc'><strong>5.</strong></span> <span class='ocrx_word' id='word_1_206' title='bbox 1333 2669 1447 2738; x_wconf 74' lang='grc' dir='ltr'><strong><em>αὐτοὶ</em></strong></span> 
     </span>
     <span class='ocr_line' id='line_1_23' title="bbox 258 2771 1448 2862; baseline 0 -20"><span class='ocrx_word' id='word_1_207' title='bbox 258 2781 364 2852; x_wconf 74' lang='grc' dir='ltr'><strong><em>ποιεῖτε</em></strong></span> <span class='ocrx_word' id='word_1_208' title='bbox 392 2796 449 2862; x_wconf 89' lang='lat' dir='ltr'><strong>pro</strong></span> <span class='ocrx_word' id='word_1_209' title='bbox 478 2773 567 2842; x_wconf 81' lang='grc' dir='ltr'><strong><em>αὐτί.</em></strong></span> <span class='ocrx_word' id='word_1_210' title='bbox 600 2777 617 2858; x_wconf 89' lang='lat'>§</span> <span class='ocrx_word' id='word_1_211' title='bbox 642 2779 673 2839; x_wconf 94' lang='grc'><strong>7.</strong></span> <span class='ocrx_word' id='word_1_212' title='bbox 699 2773 736 2838; x_wconf 89' lang='grc' dir='ltr'><strong><em>δι’</em></strong></span> <span class='ocrx_word' id='word_1_213' title='bbox 760 2771 838 2838; x_wconf 79' lang='grc' dir='ltr'><strong><em>αὐτὸ</em></strong></span> <span class='ocrx_word' id='word_1_214' title='bbox 861 2776 951 2838; x_wconf 84' lang='grc' dir='ltr'><strong><em>τοῦτο</em></strong></span> <span class='ocrx_word' id='word_1_215' title='bbox 977 2793 1034 2859; x_wconf 93' lang='lat' dir='ltr'><strong>pro</strong></span> <span class='ocrx_word' id='word_1_216' title='bbox 1060 2773 1112 2840; x_wconf 87' lang='grc' dir='ltr'><strong><em>διοί</em></strong></span> <span class='ocrx_word' id='word_1_217' title='bbox 1139 2797 1180 2850; x_wconf 70' lang='grc' dir='ltr'><strong>γε</strong></span> <span class='ocrx_word' id='word_1_218' title='bbox 1207 2777 1307 2842; x_wconf 81' lang='grc' dir='ltr'><strong><em>τοῦτο.</em></strong></span> <span class='ocrx_word' id='word_1_219' title='bbox 1349 2779 1366 2859; x_wconf 85' lang='lat'><em>§</em></span> <span class='ocrx_word' id='word_1_220' title='bbox 1396 2781 1448 2844; x_wconf 86' lang='grc'><strong>15.</strong></span> 
     </span>
     <span class='ocr_line' id='line_1_24' title="bbox 258 2877 1446 2967; baseline 0 -19"><span class='ocrx_word' id='word_1_221' title='bbox 258 2883 311 2948; x_wconf 84' lang='grc' dir='ltr'><strong>καί</strong></span> <span class='ocrx_word' id='word_1_222' title='bbox 335 2881 373 2948; x_wconf 83' lang='grc' dir='ltr'><strong>ον’</strong></span> <span class='ocrx_word' id='word_1_223' title='bbox 397 2901 455 2967; x_wconf 92' lang='lat' dir='ltr'><strong>pru</strong></span> <span class='ocrx_word' id='word_1_224' title='bbox 484 2881 538 2948; x_wconf 89' lang='grc' dir='ltr'><strong>καί</strong></span> <span class='ocrx_word' id='word_1_225' title='bbox 559 2903 614 2946; x_wconf 90' lang='grc' dir='ltr'><strong><em>σοι.</em></strong></span> <span class='ocrx_word' id='word_1_226' title='bbox 648 2883 665 2962; x_wconf 82' lang='lat'>§</span> <span class='ocrx_word' id='word_1_227' title='bbox 691 2882 744 2944; x_wconf 80' lang='lat' dir='ltr'><strong>ul.</strong></span> <span class='ocrx_word' id='word_1_228' title='bbox 770 2881 900 2960; x_wconf 81' lang='grc' dir='ltr'><strong><em>οίφείναι</em></strong></span> <span class='ocrx_word' id='word_1_229' title='bbox 923 2877 1076 2956; x_wconf 74' lang='grc' dir='ltr'><strong><em>βούληται</em></strong></span> <span class='ocrx_word' id='word_1_230' title='bbox 1103 2898 1160 2964; x_wconf 88' lang='lat' dir='ltr'><strong>pro</strong></span> <span class='ocrx_word' id='word_1_231' title='bbox 1188 2879 1446 2959; x_wconf 67' lang='grc' dir='ltr'><strong><em>διαβουλεύηται.</em></strong></span> 
     </span>
     <span class='ocr_line' id='line_1_25' title="bbox 259 2981 1450 3074; baseline -0.003 -20"><span class='ocrx_word' id='word_1_232' title='bbox 259 2996 276 3074; x_wconf 81' lang='lat'><em>§</em></span> <span class='ocrx_word' id='word_1_233' title='bbox 310 2993 364 3054; x_wconf 76' lang='lat'><strong>35.</strong></span> <span class='ocrx_word' id='word_1_234' title='bbox 397 2987 505 3066; x_wconf 71' lang='grc' dir='ltr'><strong><em>ἥδοιντ’</em></strong></span> <span class='ocrx_word' id='word_1_235' title='bbox 536 2985 593 3059; x_wconf 78' lang='grc' dir='ltr'><strong>θν,</strong></span> <span class='ocrx_word' id='word_1_236' title='bbox 624 2981 728 3064; x_wconf 76' lang='grc' dir='ltr'><strong><em>οἶμαι,</em></strong></span> <span class='ocrx_word' id='word_1_237' title='bbox 760 2982 1007 3062; x_wconf 74' lang='grc' dir='ltr'><strong><em>μαςιγονμένων.</em></strong></span> <span class='ocrx_word' id='word_1_238' title='bbox 1041 2984 1122 3051; x_wconf 89' lang='lat' dir='ltr'><strong>male</strong></span> <span class='ocrx_word' id='word_1_239' title='bbox 1156 2984 1318 3058; x_wconf 66' lang='lat' dir='ltr'><strong>Brutulus</strong></span> <span class='ocrx_word' id='word_1_240' title='bbox 1349 3009 1450 3065; x_wconf 75' lang='grc' dir='ltr'><strong><em>μασι·</em></strong></span> 
     </span>
     <span class='ocr_line' id='line_1_26' title="bbox 258 3086 1448 3175; baseline -0.001 -16"><span class='ocrx_word' id='word_1_241' title='bbox 258 3093 405 3174; x_wconf 75' lang='grc' dir='ltr'><strong>ρονμένρ.</strong></span> <span class='ocrx_word' id='word_1_242' title='bbox 455 3091 623 3158; x_wconf 85' lang='lat' dir='ltr'><strong>Genitirus</strong></span> <span class='ocrx_word' id='word_1_243' title='bbox 648 3092 767 3175; x_wconf 87' lang='lat' dir='ltr'><strong>optime</strong></span> <span class='ocrx_word' id='word_1_244' title='bbox 790 3088 885 3156; x_wconf 84' lang='lat' dir='ltr'><strong>habet</strong></span> <span class='ocrx_word' id='word_1_245' title='bbox 910 3099 942 3156; x_wconf 86' lang='lat' dir='ltr'><strong>et</strong></span> <span class='ocrx_word' id='word_1_246' title='bbox 966 3090 1127 3175; x_wconf 79' lang='lat' dir='ltr'><strong>signifieat</strong></span> <span class='ocrx_word' id='word_1_247' title='bbox 1151 3086 1202 3157; x_wconf 84' lang='grc' dir='ltr'><strong>ίτε</strong></span> <span class='ocrx_word' id='word_1_248' title='bbox 1225 3095 1448 3171; x_wconf 75' lang='grc' dir='ltr'><strong><em>μαςινοῦνπαι.</em></strong></span> 
     </span>
     <span class='ocr_line' id='line_1_27' title="bbox 259 3193 1449 3283; baseline 0 -19"><span class='ocrx_word' id='word_1_249' title='bbox 259 3199 366 3264; x_wconf 78' lang='lat' dir='ltr'><strong>Poetis</strong></span> <span class='ocrx_word' id='word_1_250' title='bbox 390 3197 440 3262; x_wconf 80' lang='lat' dir='ltr'><strong>ius</strong></span> <span class='ocrx_word' id='word_1_251' title='bbox 464 3205 513 3262; x_wconf 87' lang='lat' dir='ltr'><strong>est</strong></span> <span class='ocrx_word' id='word_1_252' title='bbox 536 3196 758 3262; x_wconf 86' lang='lat' dir='ltr'><strong>aoousatirum</strong></span> <span class='ocrx_word' id='word_1_253' title='bbox 784 3213 902 3281; x_wconf 90' lang='lat' dir='ltr'><strong>ponere</strong></span> <span class='ocrx_word' id='word_1_254' title='bbox 927 3216 983 3283; x_wconf 93' lang='lat' dir='ltr'><strong>pro</strong></span> <span class='ocrx_word' id='word_1_255' title='bbox 1006 3193 1051 3263; x_wconf 83' lang='grc' dir='ltr'><strong>θπν</strong></span> <span class='ocrx_word' id='word_1_256' title='bbox 1075 3201 1296 3276; x_wconf 77' lang='grc' dir='ltr'><strong><em>μαςνγοῦνται.</em></strong></span> <span class='ocrx_word' id='word_1_257' title='bbox 1343 3195 1449 3264; x_wconf 88' lang='lat' dir='ltr'><strong>Notis·</strong></span> 
     </span>
     <span class='ocr_line' id='line_1_28' title="bbox 259 3297 1452 3386; baseline -0.001 -16"><span class='ocrx_word' id='word_1_258' title='bbox 259 3305 359 3370; x_wconf 87' lang='lat' dir='ltr'><strong>simae</strong></span> <span class='ocrx_word' id='word_1_259' title='bbox 391 3303 437 3368; x_wconf 89' lang='lat' dir='ltr'><strong>rei</strong></span> <span class='ocrx_word' id='word_1_260' title='bbox 468 3300 651 3386; x_wconf 78' lang='lat' dir='ltr'><strong>exemplum</strong></span> <span class='ocrx_word' id='word_1_261' title='bbox 684 3297 853 3368; x_wconf 84' lang='lat' dir='ltr'><strong>subiioimu</strong></span> <span class='ocrx_word' id='word_1_262' title='bbox 885 3308 922 3368; x_wconf 90' lang='lat' dir='ltr'><strong>ut</strong></span> <span class='ocrx_word' id='word_1_263' title='bbox 954 3299 1069 3370; x_wconf 83' lang='lat' dir='ltr'><strong>memlo</strong></span> <span class='ocrx_word' id='word_1_264' title='bbox 1101 3301 1244 3370; x_wconf 85' lang='lat' dir='ltr'><strong>lilrerom.</strong></span> <span class='ocrx_word' id='word_1_265' title='bbox 1293 3303 1452 3372; x_wconf 81' lang='lat' dir='ltr'><strong>llumemrs</strong></span> 
     </span>
     <span class='ocr_line' id='line_1_29' title="bbox 258 3405 966 3501; baseline -0.013 -20"><span class='ocrx_word' id='word_1_266' title='bbox 258 3412 476 3501; x_wconf 74' lang='lat' dir='ltr'><strong>llagnrenlum</strong></span> <span class='ocrx_word' id='word_1_267' title='bbox 502 3407 641 3476; x_wconf 84' lang='lat' dir='ltr'><strong>serravit</strong></span> <span class='ocrx_word' id='word_1_268' title='bbox 665 3405 777 3474; x_wconf 77' lang='lat' dir='ltr'><strong>Sumus</strong></span> <span class='ocrx_word' id='word_1_269' title='bbox 800 3427 830 3473; x_wconf 88' lang='lat' dir='ltr'><strong>v.</strong></span> <span class='ocrx_word' id='word_1_270' title='bbox 856 3407 966 3488; x_wconf 84' lang='grc' dir='ltr'><strong><em>Χαίρω.</em></strong></span> 
     </span>
     <span class='ocr_line' id='line_1_30' title="bbox 440 3511 1218 3600; baseline -0.004 -16"><span class='ocrx_word' id='word_1_271' title='bbox 440 3516 541 3600; x_wconf 81' lang='grc' dir='ltr'><strong><em>Χαίρω</em></strong></span> <span class='ocrx_word' id='word_1_272' title='bbox 565 3513 604 3595; x_wconf 71' lang='grc' dir='ltr'><strong>γὲ</strong></span> <span class='ocrx_word' id='word_1_273' title='bbox 626 3516 667 3586; x_wconf 88' lang='grc' dir='ltr'><strong>π’.</strong></span> <span class='ocrx_word' id='word_1_274' title='bbox 692 3511 713 3579; x_wconf 84' lang='grc' dir='ltr'><strong><em>ὦ</em></strong></span> <span class='ocrx_word' id='word_1_275' title='bbox 736 3511 882 3592; x_wconf 79' lang='grc' dir='ltr'><strong><em>βίλπιςον</em></strong></span> <span class='ocrx_word' id='word_1_276' title='bbox 907 3514 1087 3594; x_wconf 72' lang='grc' dir='ltr'><strong>Ἀλκμήνης</strong></span> <span class='ocrx_word' id='word_1_277' title='bbox 1111 3514 1218 3591; x_wconf 74' lang='grc' dir='ltr'><strong><em>τέκος.</em></strong></span> 
     </span>
     <span class='ocr_line' id='line_1_31' title="bbox 605 3619 1183 3700; baseline 0.003 -14"><span class='ocrx_word' id='word_1_278' title='bbox 605 3619 712 3654; x_wconf 59' lang='lat'><strong>⁰⁴*</strong></span> <span class='ocrx_word' id='word_1_279' title='bbox 737 3620 789 3688; x_wconf 87' lang='grc' dir='ltr'><strong>τθν</strong></span> <span class='ocrx_word' id='word_1_280' title='bbox 811 3644 848 3686; x_wconf 87' lang='grc' dir='ltr'><strong>τε</strong></span> <span class='ocrx_word' id='word_1_281' title='bbox 867 3621 975 3700; x_wconf 80' lang='grc' dir='ltr'><strong><em>μιαρὸν</em></strong></span> <span class='ocrx_word' id='word_1_282' title='bbox 1000 3619 1183 3697; x_wconf 76' lang='grc' dir='ltr'><strong><em>ἐξολωλθτα.</em></strong></span> 
     </span>
     <span class='ocr_line' id='line_1_32' title="bbox 258 3725 1454 3813; baseline -0.003 -15"><span class='ocrx_word' id='word_1_283' title='bbox 258 3734 489 3800; x_wconf 76' lang='lat' dir='ltr'><strong>Vrannrmmus</strong></span> <span class='ocrx_word' id='word_1_284' title='bbox 520 3726 559 3794; x_wconf 87' lang='lat' dir='ltr'><strong>ad</strong></span> <span class='ocrx_word' id='word_1_285' title='bbox 599 3726 716 3793; x_wconf 79' lang='lat' dir='ltr'><strong>Plrooo.</strong></span> <span class='ocrx_word' id='word_1_286' title='bbox 751 3746 795 3792; x_wconf 88' lang='lat' dir='ltr'><strong>rs.</strong></span> <span class='ocrx_word' id='word_1_287' title='bbox 822 3730 898 3793; x_wconf 91' lang='grc'><strong>711.</strong></span> <span class='ocrx_word' id='word_1_288' title='bbox 942 3725 1110 3813; x_wconf 81' lang='lat' dir='ltr'><strong>supplebat</strong></span> <span class='ocrx_word' id='word_1_289' title='bbox 1142 3725 1283 3795; x_wconf 76' lang='grc' dir='ltr'><strong><em>ἐαθίνπα.</em></strong></span> <span class='ocrx_word' id='word_1_290' title='bbox 1335 3725 1454 3794; x_wconf 84' lang='lat' dir='ltr'><strong>Verius</strong></span> 
     </span>
     <span class='ocr_line' id='line_1_33' title="bbox 259 3838 419 3906; baseline -0.019 -1"><span class='ocrx_word' id='word_1_291' title='bbox 259 3838 419 3906; x_wconf 88' lang='lat' dir='ltr'><strong>arbitror:</strong></span> 
     </span>
     <span class='ocr_line' id='line_1_34' title="bbox 440 3935 1210 4021; baseline 0 -14"><span class='ocrx_word' id='word_1_292' title='bbox 440 3941 541 4021; x_wconf 85' lang='grc' dir='ltr'><strong><em>Χαίρω</em></strong></span> <span class='ocrx_word' id='word_1_293' title='bbox 565 3937 600 4004; x_wconf 78' lang='grc' dir='ltr'><strong>σί</strong></span> <span class='ocrx_word' id='word_1_294' title='bbox 623 3939 664 4016; x_wconf 90' lang='grc' dir='ltr'><strong>τ’,</strong></span> <span class='ocrx_word' id='word_1_295' title='bbox 689 3935 709 4004; x_wconf 86' lang='grc' dir='ltr'><em>ὦ</em></span> <span class='ocrx_word' id='word_1_296' title='bbox 733 3936 879 4019; x_wconf 79' lang='grc' dir='ltr'><strong><em>βίλτιςσν</em></strong></span> <span class='ocrx_word' id='word_1_297' title='bbox 902 3937 1080 4018; x_wconf 70' lang='grc' dir='ltr'><em>Ἀλκμήνης</em></span> <span class='ocrx_word' id='word_1_298' title='bbox 1105 3937 1210 4016; x_wconf 73' lang='grc' dir='ltr'><strong><em>τέκος,</em></strong></span> 
     </span>
     <span class='ocr_line' id='line_1_35' title="bbox 439 4042 1048 4127; baseline -0.003 -15"><span class='ocrx_word' id='word_1_299' title='bbox 439 4044 575 4112; x_wconf 78' lang='grc' dir='ltr'><strong><em>σωθέντα</em></strong></span> <span class='ocrx_word' id='word_1_300' title='bbox 598 4044 650 4111; x_wconf 88' lang='grc' dir='ltr'><strong>τίν</strong></span> <span class='ocrx_word' id='word_1_301' title='bbox 672 4069 709 4110; x_wconf 83' lang='grc' dir='ltr'><strong>τε</strong></span> <span class='ocrx_word' id='word_1_302' title='bbox 731 4045 840 4127; x_wconf 77' lang='grc' dir='ltr'><strong><em>μιαρὸν</em></strong></span> <span class='ocrx_word' id='word_1_303' title='bbox 864 4042 1048 4121; x_wconf 76' lang='grc' dir='ltr'><strong><em>ίξολωλίτα.</em></strong></span> 
     </span>
     <span class='ocr_line' id='line_1_36' title="bbox 304 4148 1452 4240; baseline -0.002 -20"><span class='ocrx_word' id='word_1_304' title='bbox 304 4155 339 4220; x_wconf 89' lang='lat' dir='ltr'><strong>ln</strong></span> <span class='ocrx_word' id='word_1_305' title='bbox 375 4152 502 4240; x_wconf 84' lang='lat' dir='ltr'><strong>Cutoplo</strong></span> <span class='ocrx_word' id='word_1_306' title='bbox 537 4154 598 4229; x_wconf 90' lang='grc'><strong>16,</strong></span> <span class='ocrx_word' id='word_1_307' title='bbox 632 4157 662 4216; x_wconf 76' lang='grc' dir='ltr'><strong>ὅ.</strong></span> <span class='ocrx_word' id='word_1_308' title='bbox 693 4150 710 4228; x_wconf 74' lang='grc' dir='ltr'>ἢ</span> <span class='ocrx_word' id='word_1_309' title='bbox 740 4151 773 4216; x_wconf 88' lang='grc' dir='ltr'><strong>τί</strong></span> <span class='ocrx_word' id='word_1_310' title='bbox 795 4148 982 4232; x_wconf 74' lang='grc' dir='ltr'><strong><em>βουλόμενος</em></strong></span> <span class='ocrx_word' id='word_1_311' title='bbox 1015 4149 1085 4236; x_wconf 80' lang='lat' dir='ltr'><strong>loge</strong></span> <span class='ocrx_word' id='word_1_312' title='bbox 1109 4150 1162 4217; x_wconf 80' lang='grc' dir='ltr'><strong>καί</strong></span> <span class='ocrx_word' id='word_1_313' title='bbox 1186 4151 1219 4218; x_wconf 93' lang='grc' dir='ltr'><strong>τί</strong></span> <span class='ocrx_word' id='word_1_314' title='bbox 1242 4150 1452 4232; x_wconf 75' lang='grc' dir='ltr'><strong>βουλόμενος,</strong></span> 
     </span>
     <span class='ocr_line' id='line_1_37' title="bbox 259 4255 1454 4343; baseline -0.005 -15"><span class='ocrx_word' id='word_1_315' title='bbox 259 4261 412 4328; x_wconf 86' lang='lat' dir='ltr'><strong>solemnis</strong></span> <span class='ocrx_word' id='word_1_316' title='bbox 436 4267 469 4326; x_wconf 88' lang='lat' dir='ltr'><strong>et</strong></span> <span class='ocrx_word' id='word_1_317' title='bbox 497 4255 648 4343; x_wconf 78' lang='lat' dir='ltr'><strong>frequens</strong></span> <span class='ocrx_word' id='word_1_318' title='bbox 672 4275 773 4322; x_wconf 92' lang='lat' dir='ltr'><strong>error.</strong></span> <span class='ocrx_word' id='word_1_319' title='bbox 809 4261 826 4340; x_wconf 86' lang='lat'>§</span> <span class='ocrx_word' id='word_1_320' title='bbox 852 4263 882 4324; x_wconf 89' lang='grc'><strong>5.</strong></span> <span class='ocrx_word' id='word_1_321' title='bbox 907 4255 1330 4339; x_wconf 73' lang='grc' dir='ltr'><strong><em>βοθηει-ἐμβιβασίμεία</em></strong></span> <span class='ocrx_word' id='word_1_322' title='bbox 1355 4255 1454 4323; x_wconf 88' lang='lat' dir='ltr'><strong>soloe·</strong></span> 
     </span>
     <span class='ocr_line' id='line_1_38' title="bbox 260 4361 1453 4452; baseline -0.006 -18"><span class='ocrx_word' id='word_1_323' title='bbox 260 4387 334 4434; x_wconf 86' lang='lat' dir='ltr'><strong>uum</strong></span> <span class='ocrx_word' id='word_1_324' title='bbox 358 4376 407 4432; x_wconf 89' lang='lat' dir='ltr'><strong>est</strong></span> <span class='ocrx_word' id='word_1_325' title='bbox 429 4384 485 4452; x_wconf 90' lang='lat' dir='ltr'><strong>pro</strong></span> <span class='ocrx_word' id='word_1_326' title='bbox 506 4363 768 4442; x_wconf 80' lang='grc' dir='ltr'><strong><em>ἐμβιβασώμεθα.</em></strong></span> <span class='ocrx_word' id='word_1_327' title='bbox 807 4365 824 4448; x_wconf 88' lang='lat'>§</span> <span class='ocrx_word' id='word_1_328' title='bbox 856 4369 907 4428; x_wconf 90' lang='grc'><strong>18.</strong></span> <span class='ocrx_word' id='word_1_329' title='bbox 933 4361 1102 4445; x_wconf 72' lang='grc' dir='ltr'><strong>γράψομαί</strong></span> <span class='ocrx_word' id='word_1_330' title='bbox 1125 4387 1160 4430; x_wconf 87' lang='grc' dir='ltr'><strong>σε</strong></span> <span class='ocrx_word' id='word_1_331' title='bbox 1183 4362 1371 4446; x_wconf 90' lang='grc' dir='ltr'><strong><em>παρανθμων</em></strong></span> <span class='ocrx_word' id='word_1_332' title='bbox 1400 4362 1453 4428; x_wconf 76' lang='grc' dir='ltr'><strong>ἐπὶ</strong></span> 
     </span>
    </p>
   </div>
   <div class='ocr_carea' id='block_1_3' title="bbox 258 4467 1453 4556">
    <p class='ocr_par' dir='ltr' id='par_1_3' title="bbox 258 4467 1453 4556">
     <span class='ocr_line' id='line_1_39' title="bbox 258 4467 1453 4556; baseline -0.009 -10"><span class='ocrx_word' id='word_1_333' title='bbox 258 4482 311 4546; x_wconf 84' lang='grc' dir='ltr'><strong>τοῦ</strong></span> <span class='ocrx_word' id='word_1_334' title='bbox 342 4469 587 4550; x_wconf 69' lang='grc' dir='ltr'><strong>Ῥαδαμάνθυος,</strong></span> <span class='ocrx_word' id='word_1_335' title='bbox 618 4467 813 4556; x_wconf 84' lang='lat' dir='ltr'><strong>peridoneus</strong></span> <span class='ocrx_word' id='word_1_336' title='bbox 845 4467 896 4534; x_wconf 89' lang='lat' dir='ltr'><strong>lrio</strong></span> <span class='ocrx_word' id='word_1_337' title='bbox 928 4467 1018 4536; x_wconf 88' lang='lat' dir='ltr'><strong>loous</strong></span> <span class='ocrx_word' id='word_1_338' title='bbox 1049 4479 1099 4536; x_wconf 88' lang='lat' dir='ltr'><strong>est</strong></span> <span class='ocrx_word' id='word_1_339' title='bbox 1131 4469 1171 4536; x_wconf 85' lang='lat' dir='ltr'><strong>ad</strong></span> <span class='ocrx_word' id='word_1_340' title='bbox 1195 4467 1453 4538; x_wconf 86' lang='lat' dir='ltr'><strong>oonlirmandam</strong></span> 
     </span>
    </p>
   </div>
   <div class='ocr_carea' id='block_1_4' title="bbox 0 0 1617 4972">
    <p class='ocr_par' dir='ltr' id='par_1_4' title="bbox 0 0 1617 4972">
     <span class='ocr_line' id='line_1_40' title="bbox 0 0 1617 4972; baseline 0 0"><span class='ocrx_word' id='word_1_341' title='bbox 0 0 1617 4972; x_wconf 95' lang='lat' dir='ltr'><strong> </strong></span> 
     </span>
    </p>
   </div>
  </div>
 </body>
</html>
