3208 4972
732 393 801 468 tol

169 600 239 666 ταῖς
263 592 391 676 ιίμέραις
415 593 510 658 αὐτοῦ
530 596 696 676 προσμενῶ.
744 587 986 676 Rcs'pondctur:
1017 585 1128 669 θιπειμι
1151 589 1208 667 μέν
1231 587 1262 660 ές
1285 581 1356 652 Λαί-

169 723 275 781 ρισαν,
307 701 391 766 έσικα
422 697 453 764 δέ
484 699 616 764 ἐνταῦθα
651 696 822 777 διατρέψειν
843 697 973 778 speciosi
1005 693 1098 762 πέντε
1122 696 1252 778 ἡμερῶν,
1276 709 1359 778 quae

171 813 295 872 scatent
316 805 425 884 uitiis,
450 805 529 870 satis
560 802 656 871 credo
686 801 876 868 manifestis.
926 801 1089 880 Permulta
1122 801 1223 887 igitur
1245 799 1358 864 insunt

169 913 301 991 vitiosa,
327 911 382 978 sed
406 912 509 998 ipsius
533 910 702 998 scriptoris
726 909 872 988 inscitia,
898 907 1054 994 aquibus
1076 904 1302 974 abstinendum
1325 911 1360 970 ut

172 1019 189 1102 §
216 1023 247 1084 5.
273 1016 396 1085 ε’κέλευε
420 1017 695 1084 σννανακλίνεσθαι
717 1035 773 1103 pro
791 1015 1111 1094 συγκατακλίνεσθαι,
1130 1023 1162 1080 cl
1190 1015 1257 1098 §62
1281 1007 1362 1084 θπας

170 1123 242 1206 έλθρ
264 1125 316 1191 καί
341 1123 530 1208 καθεαδίσρ,
556 1133 702 1190 extrema
726 1119 892 1188 barbaries
921 1129 970 1188 est
1002 1120 1206 1197 ἕκαθεθδκσα,
1234 1115 1288 1185 sed
1315 1116 1362 1184 sic

171 1229 226 1295 isti
257 1229 410 1298 solebam.
459 1230 575 1295 lnsuut
604 1238 712 1295 tamen
745 1227 964 1313 compluscula
1000 1227 1181 1294 scribarum
1215 1233 1361 1313 peccata,

168 1355 308 1422 quorum
333 1356 436 1422 pauca
461 1339 641 1423 attingant,
667 1336 700 1401 in
724 1338 742 1420 §
765 1338 815 1400 16.
841 1331 938 1413 ἔγνον
961 1343 1036 1417 σιγῇ
1065 1333 1196 1415 προϊέναι
1220 1333 1272 1398 καί
1297 1357 1361 1417 κερ·

170 1443 282 1511 δαίνειν
312 1444 346 1508 τί
377 1445 421 1522 μίρ
450 1443 609 1509 παίεσθαι.
648 1441 827 1526 genuinum
858 1461 928 1507 csso
964 1440 1106 1506 arbitror
1135 1440 1298 1522 κερδαίνειν
1326 1438 1361 1504 τὸ

169 1550 338 1627 παίεσθαι,
363 1550 632 1637 compendisoccre
653 1548 783 1634 plopos,
816 1548 862 1613 sic
895 1549 982 1613 enim
1008 1547 1170 1630 κερδαίνειν
1202 1565 1361 1612 nonnum·

169 1675 268 1743 quam
292 1656 422 1733 Gracci,
451 1675 546 1743 saepe
569 1653 718 1722 Graeculi
744 1645 903 1740 usurpare
925 1654 1047 1733 solent,
1075 1653 1200 1740 dequo
1222 1650 1362 1720 usuad·

170 1781 306 1828 monens
347 1761 478 1828 Gnosius
506 1760 545 1827 acl
577 1760 694 1827 bionna
738 1757 907 1826 Gunrsusr.
942 1781 973 1847 p.
999 1764 1063 1826 595
1101 1780 1131 1825 n.
1165 1758 1360 1826 scribentem

170 1869 292 1952 αίσχρίι
316 1869 456 1950 κερδανεῖ
475 1867 640 1947 θειίμαπα,
666 1865 759 1933 alieri
785 1866 969 1933 Pntcuuoms
993 1867 1177 1934 senarium:

352 1978 416 2050 πᾶς
441 1975 504 2054 γὰρ
528 1973 620 2050 πένης
636 1973 684 2041 ,ὢν
703 1972 839 2054 μεγοίλα
864 1973 1010 2056 κερδαίνει
1035 1971 1131 2040 κακοί.

170 2091 201 2148 ct
225 2101 267 2147 cx
291 2081 427 2146 Hrucnio
457 2080 619 2162 κερδαίνειν
644 2082 686 2146 ταὶ
711 2079 803 2146 δειναί.
851 2079 938 2147 idem
972 2078 1050 2146 mibi
1076 2079 1231 2146 indicavit
1255 2078 1360 2146 locutu

171 2189 316 2255 [ltocuots
346 2187 470 2253 Liburni
496 2185 565 2252 Vll.
592 2189 642 2251 tt.
676 2186 872 2266 κερδαίνοντα
895 2187 929 2252 τὸ
958 2191 1032 2266 γοῦν
1059 2183 1157 2268 ἕτερον
1190 2185 1278 2268 μέρος
1306 2195 1363 2264 τῆς

169 2295 372 2376 ἐνοχλήσεως.
420 2291 578 2359 Similiter
602 2311 695 2378 saepe
718 2292 796 2357 alios
821 2292 993 2360 Graeculos
1016 2291 1081 2359 vidi
1102 2291 1253 2360 scribere.
1280 2291 1359 2360 Gur·

171 2421 260 2468 utnon
284 2421 314 2487 p.
338 2404 393 2466 36.
419 2398 573 2481 κερδανεῖς
597 2399 661 2480 γὰρ
692 2400 799 2474 ὠδῖνας
830 2400 975 2478 ματαίας
999 2399 1052 2465 καί
1076 2401 1239 2483 κυοφορίαν
1262 2398 1361 2484 oizpa-

168 2532 219 2577 εον
259 2516 291 2572 ot
327 2527 358 2594 p.
388 2509 459 2572 101.
498 2505 646 2587 κερδήσας
679 2507 735 2582 τίιν
769 2509 897 2587 πρᾶσιν,
931 2507 1152 2590 stanton,
1178 2507 1220 2572 τίς
1245 2507 1359 2588 δεσμοί.

169 2613 281 2681 eodeni
308 2615 410 2699 igitur
434 2610 527 2678 niodo
550 2611 715 2694 κερδαίνειν
736 2613 772 2678 τὸ
796 2612 943 2678 παίεσθαι
967 2614 1125 2699 scriptum
1150 2611 1249 2680 luisse
1273 2615 1360 2681 arbi·

99 2721 104 2730 '
169 2729 250 2788 tror.
280 2722 298 2804 §
327 2723 377 2785 18.
402 2719 545 2793 παίοντες
569 2721 601 2786 οὐ
624 2718 764 2801 πρθτεροι
787 2720 916 2802 οἱφιῖκαν
932 2718 1000 2800 πρίν
1024 2719 1061 2798 t,
1086 2720 1212 2803 corrige
1231 2721 1359 2796 ιίννῖκαν.

170 2828 188 2910 §
216 2830 272 2892 50.
309 2824 395 2908 ἔργον
435 2821 469 2901 ἦν
506 2826 548 2908 τῷ
585 2824 719 2909 θνηλοίτρ
750 2827 930 2891 ἀποκτενεῖν
961 2850 1023 2905 με,
1061 2826 1126 2890 imo
1158 2826 1360 2892 ἀποκτείνειν.
1416 2819 1417 2822 “

169 2934 268 3016 554.
291 2933 347 3007 τέιν
370 2929 456 3014 κθρκν
479 2934 534 3007 rba
559 2932 615 2998 ὑπδ
638 2941 701 3004 τοῖς
718 2937 831 3014 tuscis
855 2931 1037 3012 γενομέναν,
1063 2930 1267 2998 scribendum
1292 2932 1359 3010 ε’πί,

169 3048 206 3106 ui
239 3058 341 3126 supra
371 3037 583 3106 ostendimus,
619 3042 636 3124 §
664 3042 718 3104 58.
741 3039 845 3118 θλίγον
869 3037 996 3114 ἐδέησαν
1018 3039 1219 3116 α’ποκτεῖναι,
1244 3038 1360 3104 Petre-

169 3165 224 3210 rus
247 3156 279 3211 ct
305 3144 486 3211 Coumcnros
518 3144 624 3226 ὀλίγον
655 3153 878 3210 correxerunt.
928 3143 1053 3210 „Mareu
1088 3143 1193 3211 iudice
1224 3143 1362 3211 incontr-

170 3269 239 3331 κιο,
266 3250 322 3316 sed
348 3270 462 3337 parum
492 3251 616 3317 idoneo.
643 3251 825 3320 'bernerus
849 3258 956 3316 servat
987 3250 1092 3330 ὀλίγον
1115 3249 1170 3316 sed
1195 3251 1302 3330 ὀλίγον
1328 3252 1359 3316 iu

171 3357 235 3422 ima
257 3355 373 3444 pagina
394 3355 524 3422 subiicit
546 3377 620 3423 cum
643 3355 853 3422 dubitationis
875 3356 1128 3441 significatione,
1150 3366 1186 3423 ut
1207 3357 1240 3422 in
1261 3377 1295 3424 re
1315 3358 1361 3421 in·

170 3471 258 3528 certa
285 3470 317 3528 et
335 3459 498 3548 ambigua.
546 3462 632 3530 Satis
654 3472 760 3529 tamen
785 3471 912 3529 eertum
934 3471 980 3529 est
1003 3464 1128 3530 ἀποδεῖν
1148 3483 1361 3550 sempercum

170 3569 384 3645 accusativis,
411 3569 472 3637 δεῖν
497 3589 557 3635 non
584 3569 677 3636 aliter
700 3589 798 3656 quam
819 3589 893 3635 cuin
919 3571 1071 3655 genitivis
1089 3570 1262 3655 coniungi,
1283 3585 1362 3638 πολ·

171 3679 241 3752 λοῦ,
267 3675 412 3748 πλείειν,
442 3681 567 3757 μικροῦ,
602 3676 724 3756 θαίγοα,
758 3671 929 3757 εἰιαχίςοιι,
958 3677 1121 3755 τοσούτου,
1154 3696 1258 3763 neque
1290 3695 1363 3742 um·

172 3801 269 3866 quam
305 3783 339 3847 iu
367 3779 631 3868 frequentissimo
657 3783 802 3848 ninnium
838 3803 917 3861 usu,
950 3783 1050 3860 ποιαί,
1083 3791 1226 3862 ποεῖςσν,
1260 3783 1365 3866 μικρίν

172 3896 254 3953 caet.
286 3887 333 3952 vel
363 3909 423 3954 rano
447 3889 481 3954 iu
507 3888 575 3956 loco
599 3907 797 3974 comparere.
846 3887 928 3954 Foro
951 3888 1073 3954 dicitur
1099 3889 1206 3970 ὀλίγον
1230 3889 1291 3956 δεῖν
1314 3889 1364 3956 vel

172 3988 302 4058 brevius
323 3994 446 4074 θιιίγσο,
474 4015 650 4081 numquam
670 3995 787 4074 ὀλίγον.
837 3994 924 4076 Quae
949 3996 975 4060 si
996 3995 1068 4082 quis
1088 4005 1177 4062 certa
1197 4015 1267 4062 esse
1288 3994 1362 4061 olim

173 4099 262 4162 norit
282 4107 338 4166 aut
360 4102 446 4167 iuter
471 4099 641 4187 legendum
665 4121 761 4187 quam
784 4107 872 4167 certa
894 4102 959 4166 sint
983 4103 1121 4187 experiri
1147 4101 1283 4168 voluerit
1303 4102 1366 4167 δαί·

172 4226 227 4280 γαν
252 4203 383 4272 abiiciet
403 4214 435 4272 ct
455 4207 562 4286 ὀλίγον
583 4208 676 4273 unice
697 4227 811 4274 verum
831 4225 900 4274 esse
920 4205 1084 4274 fatebitur.
1133 4208 1269 4274 Librarii
1289 4207 1367 4274 sub·

175 4307 248 4374 iude
282 4323 456 4397 peccarunt
487 4314 527 4378 in
552 4315 685 4394 τοσούτῳ
717 4321 749 4380 et
781 4313 868 4396 παρα
899 4316 1003 4395 μικρὸν
1033 4313 1161 4392 ἐδέησα,
1193 4314 1286 4395 aliis,
1312 4313 1368 4381 sed

174 4416 323 4501 castigati
356 4429 432 4485 sunt
460 4439 499 4486 ex
525 4419 616 4486 libris
644 4417 849 4499 melioribus,
878 4421 1039 4507 imprimis
1062 4440 1101 4486 ox
1129 4420 1277 4487 Urbinotc
1300 4419 1367 4485 lso-

174 4540 280 4588 cnarrs
315 4526 433 4594 eximio
477 4524 570 4594 libro.
625 4525 796 4594 Laboranti
840 4526 952 4595 brsttc
999 4526 1102 4595 obiter
1145 4526 1368 4617 opitulandum
