3150 4972
794 331 866 405 tat

231 533 280 599 inl
313 535 354 615 τῷ
378 531 533 612 μνημιιτι,
562 530 625 599 tto
655 531 766 611 ἔδειξεν
794 533 812 608 ἦ
846 528 1025 608 Δημιοινέτη
1056 528 1243 612 προελθόντα
1262 529 1354 595 αὑτὸν
1377 529 1421 595 ἒν-

230 641 394 706 τείιοιτοιιι
418 640 460 704 τοι
485 640 552 720 τερὶ
577 646 629 704 τοῦ
652 642 737 706 οἷκον.
787 635 916 703 Soloeca
937 637 1039 702 oratio
1058 647 1107 702 est
1126 646 1158 702 et
1180 655 1240 702 noo
1256 637 1334 701 sotis
1348 655 1420 722 per·

231 747 354 832 spioua.
381 745 510 829 Corrige
536 743 652 822 ἔδοξεν,
679 746 710 810 id
735 753 784 810 est
807 744 839 808 io
860 744 979 807 solonio
999 743 1085 808 uidit.
1112 743 1239 809 Tritum
1260 744 1422 836 estiensis

231 853 269 918 de
294 853 534 928 somniantibus,
560 851 630 916 vide
656 851 793 916 Pmnsos.
819 849 859 915 ad
886 849 1005 915 detrun
1027 850 1223 916 llcaoorsuuu
1244 859 1315 935 post
1336 849 1422 914 llor-

233 978 322 1023 nmcu
348 979 376 1043 p.
402 963 479 1023 434.
507 956 562 1022 sed
587 957 648 1022 alia
673 957 775 1022 lurma
802 965 943 1032 veteres,
970 953 1032 1021 alia
1055 955 1201 1022 Lucrinus
1220 965 1253 1021 et
1272 954 1422 1042 aequales

234 1064 417 1130 utebantur.

503 1167 646 1246 ἐδοξάτην
670 1193 721 1248 μοι
745 1171 787 1234 rio
811 1169 856 1234 δύ’
881 1169 991 1249 ἦτείριο
1015 1174 1134 1246 μολεῖν.

232 1285 288 1342 aut
501 1273 645 1352 ἐδοξάτην
668 1299 718 1354 μοι
743 1275 793 1341 ato
818 1274 942 1353 otioso·
967 1275 1102 1354 εὐείμονε

617 1421 660 1432 -
684 1420 729 1432 -
754 1419 794 1430 —
820 1383 862 1455 εἷς
888 1380 955 1461 ὄψιν
979 1390 1097 1459 μολεῖν.

233 1497 289 1554 stit
313 1485 388 1563 ἔδοξ’
413 1487 503 1564 ἰδεῖν,
529 1487 646 1554 ἐδόκουν
669 1489 739 1569 ὀροῖν
761 1495 905 1552 veterum
932 1497 1026 1562 sunt,
1052 1489 1238 1574 sequiorum
1263 1487 1351 1568 ἔδοξεν
1371 1487 1422 1555 δύο

231 1592 385 1674 poscitote
409 1618 461 1672 μοι
485 1596 679 1674 προσελθεῖν,
707 1602 742 1659 ut
768 1595 800 1658 iu
827 1593 884 1659 lroc
906 1595 975 1680 ipso
995 1592 1063 1659 loco
1081 1595 1229 1662 Lucrinus
1247 1598 1419 1682 scripserat

233 1699 338 1788 paullo
370 1709 444 1764 ante
477 1698 576 1778 ἔδοξεν
609 1705 626 1776 ἢ
658 1699 857 1783 Ἀρχιτέλους
891 1701 967 1779 γυνη
1001 1701 1155 1770 ἐτιςοὶντοι
1178 1703 1203 1766 οἱ
1227 1701 1278 1766 τὸν
1303 1700 1423 1776 Σκύθην

234 1812 377 1873 κελεῦσαι
413 1807 508 1871 εἰπεῖν
543 1806 713 1882 Ἀθηναίοις
749 1807 831 1881 κοτὲ,
864 1806 947 1892 quod
980 1809 1059 1872 satis
1090 1815 1232 1874 nostram
1263 1809 1421 1874 rationem

234 1913 413 1979 conllrnmt.

280 2019 340 2100 Qui
361 2018 516 2083 Lucrinum
537 2015 709 2102 diligenter
731 2038 804 2083 cum
821 2019 990 2103 Antiquis,
1013 2039 1093 2104 quos
1107 2021 1272 2096 imitatur,
1296 2039 1423 2105 compa·

236 2125 318 2190 rabit
350 2131 382 2189 et
413 2124 567 2188 librorum
598 2127 778 2211 scripturas
800 2125 832 2188 in
858 2123 995 2209 singulis
1018 2129 1160 2192 excutiet
1182 2137 1214 2192 et
1239 2125 1425 2192 aestimabit

235 2240 266 2295 et
300 2228 340 2294 ad
376 2229 668 2296 Grammaticorum
707 2231 890 2298 testimonia
925 2231 1030 2316 exiget
1066 2240 1098 2297 et
1133 2241 1300 2319 poetarum
1338 2233 1425 2297 locos

236 2343 338 2401 metro
363 2334 543 2401 stabiliores
568 2335 749 2412 adhibebit,
775 2337 862 2402 brevi
885 2336 1040 2424 intelliget
1061 2335 1218 2423 quidquid
1241 2337 1424 2404 scribarum

235 2450 364 2528 ceptum
391 2450 537 2527 superat.
564 2441 720 2528 quidquid
746 2443 966 2527 exquisitioris
990 2443 1141 2509 dictionis
1165 2452 1221 2509 aul
1234 2443 1426 2510 elocutionis

235 2550 404 2615 servabant
430 2557 572 2625 veteres,
596 2547 743 2614 Graeculi
769 2548 891 2613 drrdurn
914 2550 1110 2627 amiserant,
1137 2568 1209 2614 raro
1227 2548 1372 2616 illaesum
1390 2559 1427 2616 et

236 2655 423 2720 inviolatum
447 2673 483 2719 ex
508 2655 643 2719 istorum
671 2655 818 2720 manibus
842 2653 945 2729 elabi,
964 2654 1018 2720 sed
1044 2653 1091 2720 vel
1113 2655 1227 2741 retingi
1248 2655 1287 2722 ad
1310 2673 1424 2721 noram

235 2761 384 2848 loquendi
412 2760 676 2826 consuetudinem
708 2771 740 2826 et
764 2761 972 2846 corrrponendi
1000 2779 1113 2835 usum,
1139 2761 1188 2826 vel
1214 2781 1345 2848 prorsus
1369 2761 1428 2827 de·

236 2869 292 2932 leri
316 2875 348 2932 et
371 2866 535 2931 obliterari
561 2866 746 2930 substitutis
773 2866 908 2931 noviciis
928 2865 1040 2933 tornois
1062 2876 1119 2932 out
1141 2867 1266 2947 verbis,
1289 2867 1426 2934 volone·

236 2975 300 3039 rari
337 2973 635 3058 interpretamentis
670 2981 701 3038 ct
733 2973 866 3036 insulsis
898 2971 1127 3039 additamentis
1160 2972 1320 3058 impediri.
1369 2973 1427 3040 Sic

237 3099 310 3162 pars
335 3079 486 3163 antiquae
510 3077 639 3160 linguae
660 3076 822 3164 disperiit,
846 3098 918 3163 pars
940 3099 1034 3163 aegra
1056 3089 1087 3144 et
1104 3079 1270 3165 inquinata
1284 3080 1429 3145 circum-

236 3185 355 3248 l'ertur:
390 3182 474 3268 quod
500 3201 610 3246 verum
636 3192 683 3248 est
709 3192 741 3248 et
765 3204 877 3249 sanum
904 3185 936 3248 in
964 3186 1085 3270 ingenti
1109 3184 1263 3250 librorum
1291 3203 1429 3252 numero

235 3299 266 3354 et
292 3290 423 3353 testium
450 3297 626 3373 utcumque
652 3288 913 3356 dissentientium
939 3290 1147 3356 multitudine
1167 3290 1301 3356 subinde
1320 3292 1428 3356 tenui·

235 3395 295 3460 bus
328 3393 384 3460 sed
415 3396 513 3460 certis
545 3395 689 3479 vestigiis
723 3395 869 3480 indagari
903 3404 1006 3482 potest
1039 3407 1069 3461 et
1102 3396 1154 3461 ubi
1181 3397 1278 3463 semel
1302 3407 1428 3463 rectam

236 3503 319 3566 riam
353 3503 398 3567 sis
430 3503 595 3587 ingressus
624 3501 707 3587 quod
747 3504 878 3586 periisse
911 3503 1080 3568 videbatur
1112 3505 1236 3568 renasci
1260 3511 1362 3589 potest
1385 3525 1430 3570 ex

234 3620 321 3675 oerta
347 3607 511 3692 analogia,
534 3615 590 3671 aut
613 3626 649 3672 ex
672 3606 900 3692 antiquissimis
917 3609 1123 3693 corruptelis,
1149 3627 1229 3695 quas
1255 3627 1348 3674 nemo
1367 3609 1431 3674 ite·

235 3737 306 3782 rum
333 3723 505 3791 attrectat,
529 3723 586 3779 aut
608 3733 645 3778 ex
671 3721 782 3799 poetae
807 3712 875 3779 loco
898 3722 954 3779 eut
978 3733 995 3778 e
1019 3712 1237 3779 Grarrrmatico
1262 3715 1293 3778 iu
1319 3713 1428 3780 lucem

235 3823 390 3889 revocari.
441 3819 600 3900 Quorsum
628 3819 725 3884 bacci
753 3827 785 3884 ut
813 3820 943 3885 Lucrino
965 3822 1134 3884 restituam
1157 3821 1307 3906 antiquas
1326 3839 1431 3905 quas-

234 3929 306 3994 dam
332 3927 463 4004 lormas,
487 3946 566 4012 quas
591 3925 701 3991 sedulo
727 3925 875 3992 Graeculi
903 3945 960 4011 pro
983 3935 1081 4012 captu
1106 3945 1163 3990 suo
1191 3925 1308 4011 ubique
1326 3937 1358 3991 et
1378 3924 1430 3993 illi

234 4043 265 4100 et
289 4035 425 4100 tracteris
449 4033 598 4097 omnibns
621 4041 822 4097 exeruerunt.
852 4032 991 4097 Verbum
1014 4032 1091 4113 χρίει
1115 4031 1290 4116 penultima
1311 4031 1427 4117 longa,

236 4141 335 4226 (uuile
359 4139 451 4220 χρείω
477 4137 528 4202 liic
554 4137 618 4202 illio
643 4139 806 4225 apparet),
833 4137 944 4203 habirit
971 4137 1044 4202 olim
1071 4137 1206 4203 lerinam
1234 4157 1329 4204 unam
1355 4158 1431 4204 om-

236 4248 330 4313 nibus
355 4248 508 4311 usitatam
534 4243 692 4324 κέχριμκι.
741 4243 898 4308 Producta
926 4243 1101 4327 penultima
1128 4245 1251 4330 respuit
1275 4269 1316 4322 ο,
1341 4245 1430 4330 quod

235 4352 395 4441 sequioris
429 4351 648 4428 interserunt,
681 4349 850 4432 κέχρισμκι
883 4347 1042 4426 dicentes
1076 4349 1159 4434 quod
1194 4360 1257 4416 tam
1290 4369 1429 4436 pravum

234 4471 283 4528 est
315 4468 412 4545 atque
441 4457 630 4537 κεκόνιτμοιι.
679 4455 882 4538 Κεχριμὲνοι,
916 4455 1103 4536 κεκονιμένος
1139 4455 1255 4522 &ueto
1288 4464 1366 4522 suut
1389 4465 1431 4524 ut
