3178 4972
804 301 825 348 x
941 329 943 334 ,

219 474 396 539 Miscuimus
428 474 528 558 ipsius
557 493 639 540 novo
670 473 846 538 nemim
868 474 903 554 ¹).
945 472 1015 538 Non
1043 475 1152 542 miuus
1181 471 1317 538 ridicula
1339 477 1414 538 sunt

219 617 299 680 quae
327 598 361 660 in
391 596 621 661 vetustissimis
650 594 845 660 membranis
873 597 992 680 passim
1014 594 1182 682 leguntur:
1206 597 1305 660 etiam
1328 598 1415 680 inep-

219 719 300 782 tiora
322 737 414 803 saepe
437 721 597 802 apparent.
645 713 682 780 In
706 711 866 782 Ciceronis
886 713 1032 816 Epistola
1054 716 1094 782 ad
1116 718 1263 782 Atticum
1279 714 1346 797 (IV.
1368 716 1414 798 5.)

218 838 414 904 venerandae
447 839 649 924 antiquitatis
681 843 889 904 monumenta
921 837 1001 904 hanc
1031 838 1092 902 tibi
1121 840 1327 924 mnptmm,
1357 839 1413 923 qui

219 956 373 1026 Oriticam
401 961 592 1037 contemnis,
622 959 743 1024 dabunt
765 956 935 1045 legendam
959 965 991 1024 et
1013 957 1250 1044 explicandam:
1274 959 1412 1044 mium

218 1081 271 1166 qui
291 1081 373 1145 nihil
385 1087 514 1165 postest
535 1081 561 1144 is·
583 1103 628 1145 me
649 1081 755 1144 achoni
777 1103 896 1159 omre,
921 1080 1021 1146 dmm
1043 1102 1160 1164 operosa
1181 1087 1215 1144 ct
1237 1081 1274 1144 cb
1297 1079 1339 1145 iio
1359 1080 1412 1167 qai

212 1209 338 1286 pmeunt
360 1203 532 1284 ᾱὶἰῲαιαιιν.
568 1202 676 1267 Dices.-
696 1203 800 1267 vellem
822 1202 996 1286 iampridem
1003 1230 1018 1280 ,·
1039 1203 1100 1268 scio
1122 1209 1151 1268 te
1171 1203 1299 1268 voluho
1321 1209 1350 1268 et
1367 1225 1412 1268 me

218 1341 279 1390 usn
309 1341 378 1388 run
407 1341 517 1391 sensu
545 1340 661 1389 ιιιιιιιιι
681 1323 804 1409 fcisse,
839 1329 912 1389 ant:
935 1329 963 1389 ct
985 1346 1030 1388 mc
1050 1339 1121 1392 ssu.
1144 1341 1412 1392 russurrensis
1485 1369 1488 1376 ,

210 1445 325 1530 scisse.
368 1445 487 1510 Utrum
520 1444 597 1511 haee
625 1446 730 1536 mavis
758 1447 960 1530 interpretari
991 1465 1031 1511 an
1061 1444 1190 1512 Murato
1216 1446 1342 1512 credere
1363 1449 1386 1528 ('

106 1591 110 1600 ·
225 1564 295 1630 Ver.
320 1565 401 1632 hest.
419 1563 504 1631 XIV.
526 1563 572 1647 9.)
591 1561 775 1632 Ciceronem
791 1568 968 1653 scripsisse:
988 1574 1016 1631 et
1034 1591 1079 1632 me
1095 1585 1217 1635 asmuu
1234 1583 1412 1635 snmus

210 1685 341 1772 scisse?
375 1685 494 1753 Utrum
517 1689 552 1752 in
573 1687 726 1773 Euripide
747 1689 914 1754 retinebis:

445 1805 528 1874 ἄααν
550 1805 628 1874 θεῶν
650 1833 697 1882 τις
721 1806 830 1876 εἴπαθ’
854 1811 879 1875 cl
903 1809 1088 1889 ααταςὲνοι,

220 1949 260 1994 an
283 1935 394 2017 gratus
417 1949 436 1994 a
458 1925 498 1996 (i.
524 1925 658 1996 Gentem
681 1931 728 2010 (in
751 1930 829 1996 Noc.
853 1931 947 1996 lecu.
972 1930 1010 1998 V.
1034 1930 1080 2012 2.)
1104 1932 1255 2018 accipies:

451 2043 474 2116 ai
497 2047 557 2116 aito
580 2047 664 2140 θεῶν1
682 2073 729 2125 τις
752 2051 778 2116 si
802 2047 900 2118 ratior
922 2050 1099 2122 saracinos.

219 2178 276 2239 aut
305 2175 341 2238 in
370 2172 533 2239 Athenaeo
564 2170 726 2256 Δάματρα
756 2175 792 2251 μ’
823 2171 910 2239 iarn
935 2194 992 2260 pro
1013 2173 1125 2253 μέλπω
1149 2175 1204 2256 (Ν.
1227 2175 1264 2240 Ι».
1287 2173 1341 2240 lv.
1367 2173 1412 2256 5.)

219 2301 275 2360 aut
296 2297 331 2359 in
354 2295 537 2360 hunocurti:
560 2283 719 2377 ψήῴισμα
742 2284 756 2357 i
780 2290 864 2360 εἶπεν
888 2296 932 2368 εἷς
955 2289 1001 2360 ὅτι
1026 2295 1070 2374 μὴ
1090 2295 1117 2362 δ’
1136 2293 1200 2361 ἴσον
1215 2315 1272 2381 pro
1291 2287 1305 2360 i
1326 2291 1411 2361 εἶπεν

218 2417 401 2496 'remearint
424 2417 480 2496 (N.
504 2415 540 2480 h.
561 2413 646 2480 VIII.
672 2414 738 2496 10.)
759 2422 792 2480 et
809 2415 971 2501 permulta
983 2399 1222 2482 ¹eiusdemmodi
1241 2418 1281 2483 ab
1299 2417 1411 2482 eodem

216 2543 272 2603 aut
294 2535 367 2603 aliis
388 2539 473 2602 reris
496 2533 624 2603 Oritiois
642 2533 785 2623 reperta?
809 2536 1054 2604 Innumerabilia
1073 2543 1121 2603 est
1139 2537 1282 2603 locorum
1302 2539 1410 2635 copia,

216 2659 273 2724 ubi
295 2660 468 2744 scripturae
491 2660 637 2725 omnium
659 2658 815 2726 librorum
837 2666 983 2726 veterum
1006 2663 1194 2743 actoritate
1214 2667 1246 2726 et
1264 2661 1410 2726 unanimi

217 2801 368 2846 consensu
386 2783 480 2846 nixae
498 2780 598 2846 nihilo
616 2786 692 2846 suut
711 2783 848 2847 seniores
868 2803 964 2866 quam
984 2781 1067 2848 illud
1085 2782 1309 2848 Bentleianum
1321 2803 1411 2846 mm-

216 2903 324 2978 simss,
355 2903 439 2987 quod
469 2905 610 2968 suaviter
638 2882 781 2966 fidemus
810 2923 929 2968 omnes.
964 2903 1011 2969 Ea
1039 2909 1182 2969 monstra
1212 2911 1244 2969 et
1266 2908 1411 2990 portenta

216 3027 328 3088 statim
357 3031 428 3108 post
458 3027 582 3088 renatas
611 3022 736 3088 litteras
766 3026 913 3090 certatim
940 3024 980 3091 ab
1009 3025 1132 3110 optimo
1162 3031 1194 3090 et
1225 3026 1410 3090 acutissimo

216 3165 340 3230 quoque
362 3147 409 3209 ita
430 3151 596 3230 procurata
617 3149 650 3210 et
672 3144 839 3211 emendata
859 3145 1000 3224 ridebis,
1024 3146 1120 3232 idque
1141 3151 1210 3212 tam
1231 3145 1411 3212 manifestis

217 3272 249 3330 et
278 3264 478 3332 evidentibus
509 3265 673 3342 remediis,
704 3272 742 3330 ut
771 3271 914 3333 vetustas
944 3267 1121 3334 scribarum
1147 3265 1412 3333 hallucinationes

216 3389 351 3454 retinere
367 3393 399 3454 et
417 3387 522 3454 fovere
541 3385 626 3452 velle
643 3386 705 3452 tibi
725 3407 848 3473 quoque
866 3386 1005 3454 stultum
1024 3409 1060 3454 ac
1079 3387 1233 3456 stolidum
1247 3387 1410 3466 videatur,

217 3515 249 3574 et
271 3508 358 3573 idem
383 3530 440 3574 nos
461 3507 667 3594 reprehendes
690 3514 722 3574 et
749 3507 969 3588 cavsslaherh,
993 3511 1049 3595 qui
1071 3507 1289 3576 immortalem
1311 3510 1412 3573 maio

216 3651 289 3695 rum
316 3633 350 3694 in
372 3629 431 3696 hoc
453 3650 568 3717 genere
590 3628 720 3695 laudem
743 3651 779 3695 ac
801 3629 940 3718 gloriam
963 3651 1092 3696 summa
1113 3651 1172 3716 ope
1193 3629 1355 3698 nudicare
1378 3635 1411 3696 et

215 3754 300 3818 tueri
327 3747 500 3816 enitimur?
536 3757 593 3816 aut
613 3751 743 3836 putabis
765 3753 844 3817 satis
865 3753 932 3817 iam
956 3772 1022 3818 esse
1044 3751 1212 3817 emendata
1233 3752 1348 3816 omnia.
1363 3753 1413 3814 tot

215 3874 454 3961 ingeniosorum
476 3873 646 3938 hominum
667 3879 736 3940 tam
758 3872 940 3940 cohortibus
963 3875 1064 3952 curis,
1088 3879 1127 3939 ut
1148 3871 1343 3959 supersederi
1355 3870 1413 3936 ali-

215 3995 340 4082 quando
371 3995 430 4061 hac
461 4015 555 4079 opera
584 3997 685 4080 possit
713 4001 746 4060 et
776 3999 903 4082 tempus
931 3997 998 4060 iam
1022 3997 1066 4060 sit
1087 3994 1151 4061 lrui
1173 3993 1264 4060 bonis
1285 4013 1343 4078 per
1363 3996 1413 4058 tot
1541 4029 1542 4034 κ

224 4225 437 4238 ι-κ--ιιν--ώα

250 4375 276 4440 1)
296 4373 421 4424 Bentleiur
437 4373 462 4424 iu
480 4374 578 4439 praelat
598 4372 712 4437 respons.
723 4373 765 4460 ¹cd
783 4373 808 4423 0.
827 4373 951 4438 Bopleum,
971 4388 1025 4438 pag.
1043 4385 1097 4422 aru.
