3160 4972
240 533 344 615 λέγεις
376 556 427 613 μοι
457 530 580 616 χαροίν,
612 532 716 614 λέγεις
748 557 799 612 μοι
830 530 930 611 βοοίν,
963 531 995 597 in
1030 530 1124 600 Pluto
1155 537 1232 600 637.
1254 543 1287 601 ot
1309 534 1427 603 similia

240 641 328 708 alibi.

288 747 399 813 Finem
425 742 540 810 laciam
565 745 598 812 in
621 743 689 812 loco
713 765 750 812 ex
776 743 886 810 eadem
913 745 977 810 nita
1001 744 1137 811 Cimonis
1155 765 1225 833 cap.
1249 751 1311 826 28,
1331 767 1427 835 qrrem

242 853 437 920 Pounnacnos
472 871 510 917 ex
547 850 718 918 Hellenieir
750 850 938 936 descripsit:
975 851 1055 916 ἑοίιιο
1091 851 1123 918 δὲ
1158 852 1211 918 καί
1246 853 1430 936 νροίμματα

240 965 414 1033 λακωνικῶς
456 957 617 1042 φράζονται
662 967 724 1034 τοῖς
765 956 903 1040 Ἐφόροις
939 959 994 1034 τίρν
1030 957 1240 1039 γεγενημένην
1274 949 1429 1041 οίτνχίαν·

241 1065 313 1148 ἔρρει
345 1065 388 1132 τύο
419 1064 518 1132 καλοί.
551 1066 703 1146 Μίνδαρος
735 1064 908 1132 οίτεσσούα.
941 1071 1078 1130 πεινῶντι
1107 1063 1241 1146 τῶνδρες.
1265 1066 1430 1147 οίτορίομες

241 1174 273 1240 τί
302 1175 363 1254 χρὴ
393 1173 477 1254 δραι.
527 1171 693 1257 leguntur
726 1170 804 1237 lraec
836 1168 920 1258 apud
951 1169 1173 1238 Xerornonmnr
1199 1170 1224 1238 1.
1247 1192 1268 1238 ι.
1293 1175 1348 1238 23.
1376 1170 1430 1238 ubi

238 1277 422 1361 malaopera
454 1276 597 1344 ἐοίιιιοσαν
626 1279 669 1353 είς
702 1278 834 1354 ’adduae
865 1275 1086 1361 mingendum
1120 1287 1167 1342 est
1197 1279 1227 1342 iu
1253 1277 1345 1344 ἑοίιιοι.
1395 1276 1430 1344 ln
1554 1353 1555 1362 ρ

240 1385 308 1472 ipsa
341 1383 473 1471 epistola
506 1383 590 1450 idem
625 1385 739 1450 vitium
774 1385 872 1449 inest:
907 1379 979 1464 ἔρρει
1011 1383 1053 1449 τοὶ
1085 1381 1190 1462 καινοί,
1221 1383 1304 1470 quod
1337 1404 1432 1451 nenio

243 1511 395 1578 umqrram
420 1490 605 1577 suspicatus
628 1500 698 1569 est,
731 1508 831 1576 quarn
860 1487 1010 1554 barontus
1033 1491 1221 1556 acutissime
1246 1509 1358 1558 verum
1385 1494 1431 1556 vi·

241 1595 309 1676 dit,
343 1615 456 1684 nempe
486 1594 692 1662 scribendum
728 1614 815 1661 csse:
847 1593 920 1676 ἔρρει
952 1595 996 1660 τίν
1027 1599 1135 1674 edna,
1167 1597 1289 1683 periere
1319 1618 1431 1675 nocer,

240 1701 324 1789 quod
357 1704 427 1768 iure
461 1702 760 1800 ltruoonrprecepit:
796 1701 838 1768 roi
863 1705 950 1767 urina
974 1700 1135 1786 significat
1154 1702 1197 1768 rat
1219 1700 1321 1780 ξύλα,
1345 1703 1431 1790 quod

240 1818 273 1875 et
296 1806 425 1874 aliunde
445 1809 524 1872 satis
543 1815 670 1872 consini
691 1815 722 1871 ot
740 1807 885 1872 Hrsrcnn
898 1807 1099 1872 testimonio:
1125 1807 1259 1874 Καιιοίε
1283 1807 1430 1886 ύξντίνιος
1554 1803 1555 1806 ’

240 1915 276 1981 τὸ
308 1900 431 1990 σύνηθες
462 1913 514 1979 καί
545 1913 616 1979 riori
647 1914 849 1994 ἔτιρριίματος
874 1919 927 1980 τοῦ
951 1920 1074 1988 καλῶς.
1101 1914 1309 1996 παροξυτόνως
1334 1916 1368 1982 δὲ
1388 1917 1432 1983 τὰ

239 2020 342 2100 ξύλα,
376 2019 438 2084 nisi
471 2018 555 2106 qnod
588 2019 620 2084 in
653 2021 834 2106 quantitate
862 2019 1002 2109 syllabae
1026 2023 1168 2101 erravit,
1194 2041 1267 2089 nam
1292 2045 1431 2106 τροτερι·

241 2126 405 2208 σειομένοις
430 2125 461 2192 tr
486 2125 641 2194 debuerat
665 2125 784 2194 dicere.
833 2126 1043 2194 Cancrnnonus
1067 2125 1183 2215 fragm.
1211 2132 1287 2196 459.

606 2232 786 2300 ταλαίύετα
810 2237 896 2299 κοῖλα
921 2233 1052 2316 καίρίρει.

241 2336 424 2406 subrustice
459 2339 560 2426 igitur
590 2347 621 2404 et
649 2339 777 2406 naruico
802 2338 953 2404 vocabulo
978 2339 1128 2426 Spartani
1155 2359 1251 2408 naves
1274 2341 1318 2408 rel
1342 2346 1431 2409 ιοῖοοια

239 2443 451 2532 appellabant.
500 2446 634 2512 llrnoonr
657 2465 693 2512 ex
718 2444 895 2532 Lycinnam
919 2444 1093 2534 adscripsit
1118 2467 1163 2513 vs.
1189 2451 1287 2514 tuor.

558 2547 615 2618 ύκα
638 2551 684 2618 τοί
708 2553 766 2631 μὲν
789 2551 838 2616 ἐτ’
863 2553 1054 2634 Ἀρταμιτίῳ

546 2656 683 2740 τρίκροον
707 2657 833 2724 ύοίιιελοι
857 2658 961 2725 τοττίι
986 2663 1092 2736 κοῖλα,

225 2762 296 2838 ¹ubi
325 2761 399 2830 olim
433 2763 536 2830 τοττίο
568 2763 654 2830 καλοί
686 2783 724 2832 ex
749 2764 840 2831 libris
864 2763 1036 2842 edebatur,
1061 2762 1143 2851 quod
1172 2764 1339 2833 densamus
1364 2767 1431 2854 pri-

239 2889 313 2936 mus
348 2870 501 2936 correxit.
558 2869 592 2937 ln
632 2869 807 2937 decennale
842 2879 891 2936 est
926 2871 1029 2938 τοττίο
1064 2876 1151 2938 κοῖλα
1185 2892 1259 2938 cum
1296 2874 1431 2960 antiquo

239 2974 358 3042 schotto
391 2975 463 3056 τρίς
495 2976 537 3041 τοὶ
572 2984 685 3054 τεοῖο,
718 2995 800 3062 quae
830 2979 938 3044 onrnia
963 2989 1085 3046 certam
1112 2988 1277 3068 praestant
1301 2980 1431 3048 Baaonu
1554 2969 1555 3038 l

238 3080 493 3148 emendationem
522 3079 596 3163 ἔρροι
618 3081 661 3148 τοὶ
685 3085 771 3149 edna
796 3093 829 3150 et
852 3084 1024 3152 ostendunt
1052 3085 1128 3173 quiid
1152 3085 1362 3154 tribuendum
1389 3088 1431 3153 sit

241 3186 413 3254 (lodicibus
445 3186 656 3254 Xenonnonrrs
689 3196 721 3254 ct
748 3190 934 3268 Pnornnonr,
967 3191 1022 3278 qui
1047 3211 1159 3260 ornnes
1185 3193 1330 3259 unanimi
1352 3213 1430 3260 con·

239 3312 336 3359 sensu
364 3289 437 3374 ἔρρει
461 3293 504 3359 τοὶ
527 3293 615 3360 καινοί
638 3293 801 3364 exhibent.
849 3295 995 3364 Ostendit
1021 3297 1104 3364 idern
1130 3297 1312 3386 exemplum
1339 3319 1428 3366 men·

239 3418 348 3466 suram
381 3397 577 3487 syllabarum
613 3401 776 3489 Magistris
810 3423 872 3468 non
905 3423 976 3470 esse
999 3401 1171 3470 admodum
1198 3419 1325 3486 notam,
1354 3425 1427 3472 nam

239 3503 323 3592 apud
354 3504 520 3592 plerosque
551 3505 646 3573 κοίιον
677 3527 735 3595 pro
765 3507 856 3586 ξύλον
886 3517 918 3574 et
945 3509 1032 3597 νύνια
1056 3511 1213 3577 scribitur
1237 3512 1429 3597 quantitatis

239 3631 371 3680 securos
392 3621 424 3679 et
450 3613 589 3698 ignaros.
639 3613 674 3680 ln
699 3613 827 3682 Sromrr
854 3613 922 3680 dcl.
947 3614 1046 3703 Pbyr.
1071 3616 1096 3684 1.
1126 3623 1156 3684 t.
1182 3619 1399 3706 scripserunt:

420 3720 474 3786 καί
498 3722 590 3787 ταῦτ’
614 3716 677 3788 ίσον
699 3722 756 3801 μὲν
780 3715 813 3786 εὖ
835 3719 957 3800 λέγειν,
981 3718 1044 3789 ἶσον
1066 3722 1098 3789 δὲ
1123 3725 1186 3803 μοί,

417 3821 481 3893 ίσον
504 3825 531 3890 δ’
555 3826 698 3910 ε’ρεννῖον,
723 3827 758 3906 ἐξ
780 3826 845 3895 ίσον
867 3827 898 3894 δὲ
921 3831 965 3908 pl
990 3827 1112 3896 είδίναι.

237 3940 270 3999 et
294 3929 374 3996 nihil
398 3932 606 4018 suspicantur
631 3932 717 4000 mali.
755 3932 890 4001 Perinde
911 3955 979 4002 esse
1002 3936 1072 4001 istis
1093 3935 1221 4002 ridetur
1243 3944 1353 4004 utrum
1367 3933 1429 4005 ίτον

237 4055 278 4102 an
303 4035 365 4102 ίοον
389 4036 552 4105 scribatur
572 4048 605 4106 et
628 4039 788 4118 vocalem,
822 4061 917 4127 qoam
943 4043 1078 4125 δίχρονον
1104 4041 1298 4133 (ancipitem)
1320 4042 1428 4131 appel·

237 4142 326 4220 lant,
359 4163 417 4208 suo
441 4144 601 4212 arbitrato
624 4147 806 4232 corripiunt
830 4156 884 4214 aot
911 4148 1105 4234 producunt.
1153 4149 1270 4217 Natum
1297 4158 1345 4216 ost
1371 4148 1428 4216 boc

240 4248 360 4316 malum
393 4257 629 4336 poetastrorunr
654 4251 747 4329 vitio,
778 4253 835 4340 qni
859 4272 960 4339 quum
986 4274 1166 4321 sermonem
1193 4257 1363 4342 antiquum
1386 4254 1427 4322 la·

239 4353 362 4422 boriose
387 4358 509 4425 imitari
534 4367 705 4444 satagunt,
729 4376 822 4444 saepe
847 4359 878 4423 in
902 4359 1107 4446 turpissimos
1127 4381 1253 4430 errores
1272 4381 1307 4430 se
1325 4359 1428 4448 impli-

238 4470 332 4542 carot,
354 4483 434 4551 qoos
456 4455 567 4531 enotare
587 4473 618 4529 et
632 4463 867 4552 reprehendere
881 4463 1030 4552 philologi
1045 4466 1218 4547 debemus,
1245 4489 1307 4536 non
1321 4469 1427 4556 inepte
