3160 4972
672 343 741 416 461

124 533 246 610 nantrr.
282 558 379 616 eroon
403 539 500 607 etiam
525 573 578 603 -.
606 535 776 624 legendum
813 546 879 604 est:
907 549 936 605 at
963 540 1044 604 inter
1063 560 1096 605 συ
1118 538 1315 610 veiamenter

124 667 269 718 rucnrnr.
301 654 393 732 atque
433 646 528 712 etiam
554 683 605 708 -.
656 644 777 712 Graece
802 644 937 716 dixeris:
974 645 1054 729 ἀτες
1080 646 1164 714 abaci
1187 672 1222 714 τε
1246 649 1315 716 καθ’

124 755 224 824 eamn
248 759 386 838 Φάνεοῶς
410 753 457 822 let
482 752 580 832 ψευδῆ
611 751 664 818 nal
689 751 810 836 σφόδρα
835 755 984 832 ἀλλήλους
1009 761 1226 831 mnxe'rnt,
1251 774 1315 822 non

125 861 309 943 μαχόμενοι.
358 857 511 927 Adhaesit
534 856 654 946 aliquid
690 857 784 926 verbo
815 880 947 926 ruautur
980 870 1012 926 et
1037 878 1075 928 ex
1111 857 1316 947 praecedenti

125 966 248 1058 syllaba
273 972 367 1033 etex
392 965 561 1051 sequenti,
586 972 618 1030 et
641 963 781 1052 simplici
806 965 901 1032 rerba
925 985 1005 1054 opus
1028 973 1088 1038 est.

171 1179 240 1248 Non
275 1177 426 1245 dissimili
463 1176 556 1244 modo
592 1184 704 1244 natum
736 1185 786 1245 est
818 1177 971 1245 mendam
1004 1178 1043 1244 da
1067 1175 1137 1244 Nat.
1166 1178 1261 1248 licor.
1289 1179 1315 1252 Ι.

127 1290 227 1374 §et
258 1283 449 1374 Prataparan
468 1323 512 1334 -
530 1305 627 1371 quum
656 1285 689 1349 in
715 1284 870 1370 principio
899 1283 975 1350 libri
1004 1285 1054 1350 aui
1077 1285 1125 1350 sic
1150 1285 1315 1371 posuisset.

127 1392 172 1460 lie
196 1391 280 1458 divis
304 1411 407 1478 neque
434 1400 467 1456 ut
492 1391 559 1457 sint
582 1408 686 1477 neque
710 1399 746 1456 ut
772 1409 833 1456 non
859 1391 925 1457 sint
950 1389 1050 1456 lrnbeo
1075 1388 1195 1470 dicere,
1217 1389 1316 1458 Attae·

126 1499 270 1566 nienuuu
303 1495 392 1563 iustu
424 1517 498 1562 anre
528 1507 619 1584 atqua
649 1517 725 1582 apra
757 1505 802 1562 eat
833 1497 1058 1564 exterminatur
1090 1494 1223 1584 librique
1247 1496 1317 1564 eiua

126 1592 336 1671 in‘canciane
379 1601 541 1669 combusti.
589 1599 834 1670 Incommodum
878 1611 911 1670 et
945 1602 1115 1670 molestum
1159 1622 1244 1670 russo
1277 1622 1315 1670 ex

126 1711 243 1779 vicinis
267 1707 397 1798 syllabis
421 1709 500 1774 vitio
524 1717 636 1776 netum
663 1706 944 1776 exterminandum
971 1729 1041 1778 esse
1065 1727 1190 1777 censeo.

174 1921 220 1988 Da
243 1919 316 1990 Nat.
339 1920 434 1989 Dnor.
456 1921 483 1988 i.
510 1924 529 2007 §
550 1925 606 1988 91.
632 1929 667 1985 ut
684 1920 765 1987 mibi
784 1921 912 2009 quidem
929 1920 1085 1987 admirari
1107 1941 1231 1988 troam
1252 1942 1317 1988 erse

124 2029 158 2095 in
182 2027 305 2096 bomine
328 2027 467 2096 Romano
499 2037 617 2094 mutam
641 2027 816 2094 scientiam.
865 2027 957 2096 Ferri
984 2026 1070 2094 nullo
1095 2025 1188 2094 modo
1212 2034 1317 2114 potest

125 2135 279 2204 admirari
300 2134 430 2202 liberet:
455 2134 565 2221 itaque
589 2131 753 2200 Heindorf.
774 2133 962 2201 admirabile
990 2134 1148 2200 uideretur
1164 2133 1314 2202 coniecit.

126 2239 275 2329 equidem
317 2240 471 2308 admirari
516 2259 639 2306 suarum
685 2258 860 2327 reponam,
902 2237 953 2312 ἀν’
991 2239 1099 2320 ἔμοιγε
1147 2235 1317 2320 θαυμάζειν

127 2348 303 2422 ἐπῆλθεν.

176 2558 231 2626 Bis
255 2556 338 2625 idern
365 2559 478 2647 inepte·
493 2558 616 2656 dicitur
638 2559 676 2625 da
699 2557 770 2626 Nat.
794 2557 886 2625 licor.
912 2559 937 2625 Ι.
964 2562 981 2644 §
1010 2563 1082 2624 115.
1108 2556 1149 2623 At
1172 2557 1316 2624 etiamde

127 2665 307 2746 sanctitate,
334 2663 388 2752 [de
423 2666 540 2753 pietate
571 2664 726 2733 adversus
758 2662 848 2751 deos]
873 2663 969 2730 librar
992 2661 1117 2751 ecn'prit
1144 2662 1314 2750 li’pictmu.

126 2771 206 2840 Erat
229 2771 361 2857 Epicuri
398 2770 478 2841 liber
508 2771 575 2855 napi
606 2771 761 2848 ἀσιάτήτος
788 2769 892 2860 (cing.
919 2769 1024 2836 baert.
1050 2770 1088 2836 X.
1115 2768 1192 2858 27),
1218 2787 1315 2855 quem

127 2877 241 2946 Cicero
264 2877 302 2944 de
325 2879 486 2947 sanctitate
509 2877 676 2956 inscribit,
702 2876 785 2943 alius
818 2877 925 2944 nescia
949 2879 1023 2965 quis
1047 2877 1080 2944 in
1107 2877 1255 2966 margine
1278 2878 1323 2946 dn·

122 2984 240 3071 pictate
262 2983 412 3051 aduersus
430 2984 513 3052 cleos.
564 2981 611 3052 Gi.
638 2989 655 3072 §
684 2987 757 3050 122.

173 3088 263 3157 Idem
294 3090 328 3154 in
363 3090 501 3157 ricinia:
533 3100 568 3154 ut
599 3089 827 3156 Coruncanium
848 3098 903 3156 out
927 3088 1108 3156 Scaevolam
1134 3089 1318 3178 [pontifices

128 3195 300 3282 maximos]
325 3205 355 3261 ta
378 3194 488 3264 audire
510 3195 614 3274 dicos,
638 3197 688 3264 ἐτ’
711 3195 877 3280 αὐτοφώρῳ
899 3201 1041 3265 tenetur.

173 3407 241 3476 Non
275 3407 384 3476 minus
414 3407 621 3477 manifestum
655 3416 803 3478 tenemus
835 3405 1096 3494 interpolatorem
1131 3409 1164 3474 in
1198 3407 1248 3475 his
1279 3409 1319 3475 da

127 3512 166 3582 Ν.
192 3512 232 3580 D.
264 3517 287 3582 1.
325 3517 399 3582 ltt.
433 3513 483 3580 lta
518 3517 561 3603 sit
586 3525 621 3581 ut
652 3537 714 3582 nan
745 3514 834 3582 modo
865 3514 1006 3582 bominac
1035 3536 1054 3579 o
1080 3513 1143 3580 diis
1177 3514 1231 3582 aad
1255 3514 1319 3601 ipsi

128 3618 175 3684 dii
201 3620 282 3686 inter
312 3641 345 3688 se
371 3619 411 3686 ab
441 3621 514 3688 aliia
542 3618 599 3686 olii
621 3620 832 3709 nepiipantur.
880 3619 1017 3688 Romani
1053 3617 1214 3687 deiectum
1248 3639 1319 3707 pro·

130 3725 271 3793 nominis
299 3727 456 3815 reciproci
481 3728 643 3805 ἀλλήλινν,
668 3727 834 3806 ἀλλήλοις,
860 3726 1017 3803 ἀλλήλους
1043 3730 1085 3792 ita
1106 3725 1257 3814 supplent
1281 3734 1319 3794 ut

129 3821 194 3919 pro‘
214 3833 355 3914 φιλοῦσιν
386 3833 543 3910 ἀλλήλους
567 3831 677 3901 dicant
707 3843 814 3899 amant
841 3833 924 3898 inter
946 3855 995 3911 ae,
1021 3851 1077 3919 pro
1102 3831 1318 3916 θεραπεύουσιν

128 3938 285 4014 ἀλλήλους
327 3939 410 4006 inter
447 3961 479 4007 aa
515 3942 639 4017 colunt,
681 3959 739 4026 pra
780 3944 948 4019 ἀμελοῦσιν
991 3939 1136 4017 ἀλλήλυν
1171 3940 1253 4012 inter
1287 3961 1320 4006 se

129 4042 312 4132 neplipunt,
354 4053 386 4112 et
418 4046 545 4132 passive
580 4064 639 4133 pro
674 4046 859 4125 dusaritim
894 4046 946 4112 ὑτ·
988 4047 1135 4122 ἀλλήλων
1166 4045 1249 4112 inter
1287 4067 1321 4112 ra

128 4150 258 4238 ncplt'pt'.
308 4149 362 4217 Sia
394 4150 558 4234 μάχσσάοιι
582 4153 730 4230 ἀλλήλοις
755 4160 804 4220 est
827 4152 908 4218 inter
931 4174 963 4219 re
979 4173 1142 4241 pupnore,
1168 4149 1321 4234 περιβόλ-

128 4257 238 4324 λεσάοιι
268 4257 425 4334 ἀλλήλους
454 4257 536 4324 inter·
566 4279 599 4324 re
622 4259 801 4346 complecti,
834 4267 865 4326 et
890 4256 916 4324 si
941 4259 1014 4345 quis
1039 4259 1124 4325 inter
1147 4255 1320 4344 legendum

129 4361 190 4430 hac
220 4371 295 4449 aget
331 4363 492 4451 permulta
522 4361 573 4432 his
604 4364 722 4432 similia
755 4385 790 4432 se
828 4362 975 4432 offerent.
1025 4365 1131 4432 Pauca
1163 4361 1320 4451 quaedam

128 4467 273 4556 exempla
298 4469 442 4558 prolerre
466 4473 547 4538 satis
570 4479 650 4541 esto.
698 4471 865 4540 Cornelius
888 4470 967 4558 Nep.
1000 4471 1096 4538 Arist.
1123 4473 1148 4542 1.
1174 4468 1322 4538 obtrecta-
