3178 4972
216 543 446 614 Grammaticos
476 554 506 614 ot
531 545 642 624 λέξεινν
665 549 943 616 consarcinatores
973 548 1176 628 recusum,
1204 549 1335 618 llasrcrn
1362 572 1402 621 u:

212 649 417 733 συνέσκλνκε,
450 652 663 733 συμπέπηγε,
695 663 726 721 et
759 654 792 720 in
824 659 993 739 ῥητορικοῖς
1023 653 1144 733 λέξεσιν
1169 656 1262 723 Baua.
1289 658 1405 726 scoot.

212 755 238 824 1.
265 778 296 845 p.
317 762 393 826 504.
444 761 484 826 lt
504 777 708 846 quocumque
730 758 826 825 verbo
846 760 965 827 llbetor
987 780 1064 826 usus
1084 769 1151 840 est,
1178 761 1343 828 Parasitus
1362 762 1405 829 al·

213 871 284 929 tero
315 864 407 930 oculo
438 873 569 952 captum
602 885 636 930 se
665 863 778 931 scribit
810 866 868 932 ὑπὸ
897 865 1122 949 ραπισμάσον,
1157 867 1240 954 quod
1274 867 1405 935 additur

214 968 433 1052 ἐνοχλούμενος
464 968 621 1038 estolida
652 970 899 1058 interpolatione
930 980 962 1038 et
994 970 1185 1047 manifesta,
1212 981 1246 1038 ut
1271 976 1402 1060 opinor,

215 1078 361 1145 accessit.
409 1077 518 1166 Neque
548 1078 635 1144 enim
667 1079 837 1166 participio
868 1077 1097 1166 qualicumque
1125 1099 1205 1162 opus
1229 1088 1277 1145 est
1302 1099 1405 1167 neque

217 1182 318 1250 ullum
345 1183 501 1252 insulsius
525 1183 599 1250 addi
624 1193 728 1271 potest
752 1204 847 1272 quam
869 1187 1109 1268 ἐνοχλούμενος,
1134 1186 1227 1271 quasi
1252 1206 1326 1252 vero
1348 1187 1404 1273 qui

212 1291 265 1356 eui
297 1289 426 1356 oculum
459 1291 575 1378 pugnis
607 1309 708 1378 paene
733 1287 865 1367 effodit,
888 1311 905 1357 a
931 1289 1038 1358 sobrio
1062 1290 1126 1357 dici
1153 1292 1252 1376 possit
1277 1289 1403 1358 homini

213 1397 336 1482 capotio
358 1396 563 1484 sucessioisae.
611 1398 719 1482 dpage
744 1396 891 1483 ineptius.
938 1396 1108 1482 Magistelli
1132 1397 1334 1484 saepiuscule
1352 1417 1405 1464 eo·

214 1499 286 1568 dem
312 1502 405 1570 modo
428 1501 546 1569 talibus
564 1501 603 1568 de
622 1521 681 1568 suo
701 1502 909 1589 participium
930 1500 1059 1590 aliquod
1078 1502 1298 1589 agglutinant,
1319 1501 1405 1590 quod

214 1627 273 1695 pro
300 1627 359 1674 sua
387 1607 579 1676 Graecitatis
611 1608 727 1694 peritia
758 1605 971 1694 supplendum
997 1628 1068 1674 csse
1092 1611 1309 1695 suspicantur.
1357 1609 1404 1676 m

199 1711 303 1780 draus
329 1711 498 1780 manifesta
532 1705 661 1781 tenetur
684 1714 712 1778 si
745 1713 950 1800 participium
976 1713 1016 1780 ab
1042 1715 1113 1781 istis
1135 1713 1281 1782 additum
1305 1719 1404 1782 etiam

213 1817 275 1886 alio
308 1820 436 1886 semiue
467 1817 642 1886 absurdum
667 1827 729 1885 est.
777 1817 929 1905 Exempla
955 1817 1052 1885 huius
1076 1821 1121 1887 rei
1148 1829 1214 1886 tres
1239 1830 1405 1907 praestan·

213 1925 333 1992 tissimi
365 1926 540 2013 scriptores
572 1923 841 2011 suppeditabunt,
876 1925 994 2002 Panno,
1025 1925 1218 1992 Taucrmnss
1250 1937 1282 1994 ct
1306 1926 1405 1992 Hauc·

214 2050 319 2098 porus.
367 2032 571 2118 Aequissimc
604 2032 713 2097 animo
742 2030 890 2096 tulerunt
922 2029 1063 2098 editores
1097 2032 1242 2098 Passurus
1267 2034 1298 2097 in
1323 2031 1406 2098 libro

211 2135 250 2203 de
283 2135 461 2225 Republica.
496 2135 577 2204 Vlll.
610 2156 641 2223 p.
657 2140 733 2202 553.
767 2137 805 2202 A.
841 2131 916 2202 όταν
947 2138 1042 2203 αὐτοῦ
1073 2145 1150 2211 ταῖς
1171 2136 1332 2216 γενόμενος
1366 2139 1404 2203 πό

213 2242 271 2321 μὲν
304 2249 419 2324 πρῶτον
453 2241 542 2325 ζηλοῖ
573 2265 608 2307 τε
640 2245 692 2310 τόν
722 2242 843 2324 πατίρα
878 2241 930 2308 καί
966 2241 1008 2307 τά
1046 2242 1158 2309 ἐκείνου
1190 2243 1262 2325 ίχνκ
1297 2243 1406 2325 ἐνείκῃ,

199 2346 310 2416 ,ἔπειτ’
333 2349 427 2416 αὐτόν
457 2348 506 2429 tto
528 2347 677 2432 ἐξαίφνης
705 2348 889 2414 πταίσαντα
912 2346 1012 2428 όίσπεο
1035 2352 1107 2430 πρὸς
1131 2345 1241 2430 ἕρματι
1267 2351 1337 2430 πρός
1363 2359 1404 2431 τῇ

198 2451 304 2524 ,πόλει
327 2455 380 2521 καί
411 2454 569 2534 ἐκχέαντα
600 2452 644 2520 τά
675 2455 700 2520 l'
727 2456 822 2520 αὑτοῦ
853 2455 906 2520 καί
939 2455 1046 2520 ἐαυτόν
1074 2455 1092 2529 sl
1116 2456 1361 2536 τρατκχνίσανπα
1387 2454 1405 2531 ἦ

214 2563 272 2626 τιν’
296 2559 398 2636 άλλνν
427 2560 574 2638 μεχάλχν
597 2561 697 2642 άρχόιν
720 2558 860 2641 άρξαντα
887 2557 943 2627 εἶπ’
967 2563 1009 2635 cic
1033 2560 1204 2642 δικαςιὶμον
1228 2559 1406 2641 ἐμπεσόντα

212 2666 434 2747 βλαπτόμενον
454 2667 511 2733 ὑπό
532 2673 731 2750 συκοφαντῶν
756 2667 773 2743 ἢ
797 2665 1023 2742 άπσόανόνταῆ
1048 2666 1219 2734 ἐκπεσόντα
1242 2669 1260 2745 ἢ
1284 2669 1406 2746 tropo·

214 2774 306 2842 tlara
327 2774 380 2840 καί
404 2775 460 2849 τίνι
484 2774 590 2840 οὐσίαν
614 2771 744 2839 άπασαν
765 2769 987 2852 άποβαλόνπα.
1036 2771 1198 2838 Εκίιῐιίιιιιι
1222 2772 1327 2840 locum
1358 2783 1405 2838 to·

213 2888 283 2947 tum
302 2881 434 2967 apposui
460 2887 496 2946 ut
518 2878 638 2966 duplici
661 2877 776 2944 urendo
796 2877 986 2951 liberarem
1010 2875 1146 2943 alterum
1167 2886 1216 2944 est
1241 2881 1272 2943 in
1298 2877 1406 2944 verbis

213 2982 312 3067 ὥσπερ
332 2985 405 3066 πρός
425 2982 535 3068 ἕρματι
563 2983 663 3073 [πρὸς]
691 2993 729 3068 τῇ
754 2982 863 3062 πόλει,
891 2985 921 3048 in
947 3002 1011 3070 quo
1035 2983 1208 3069 repetitum
1233 2985 1405 3067 πρόςοοιιι·

216 3091 391 3178 parationis
423 3092 486 3157 vim
519 3089 640 3175 frangit
671 3099 701 3156 ot
736 3098 937 3156 venustatem
971 3089 1118 3176 perimit,
1150 3110 1211 3157 non
1237 3092 1322 3158 enim
1348 3093 1405 3178 qni

213 3197 246 3264 in
273 3195 435 3284 republica
459 3193 592 3262 olleudit
615 3214 689 3260 cum
715 3215 752 3262 eo
774 3203 983 3283 comparatur
1006 3195 1062 3281 qui
1088 3193 1127 3260 ad
1152 3196 1319 3283 scopulum
1346 3199 1405 3263 im·

214 3304 336 3391 pingit,
369 3301 424 3370 sed
457 3302 525 3389 ipsa
559 3300 739 3388 respublica
769 3299 867 3366 veluti
900 3300 1051 3387 scopulus
1082 3299 1199 3388 aliquis
1230 3323 1300 3370 esse
1323 3301 1407 3369 dici·

215 3418 270 3476 tur
301 3407 340 3475 ad
371 3427 467 3494 quem
503 3409 577 3493 quis
609 3407 800 3476 adbaeserit.
849 3407 931 3473 Tum
966 3406 1187 3486 βλαπτόμενον
1218 3407 1325 3494 inepto
1356 3407 1406 3474 iu·

214 3513 399 3602 terpolatori
430 3512 539 3581 deberi
572 3513 795 3600 unusquisque
830 3512 945 3580 Graece
978 3513 1071 3598 paulo
1103 3510 1227 3578 doctior
1251 3515 1406 3580 assentie-

212 3621 456 3700 turbandum,
491 3620 603 3707 quiin
629 3616 766 3686 Praelst.
791 3617 829 3684 ad
861 3617 1043 3684 Pdoedmcm
1067 3639 1097 3705 p.
1121 3617 1157 3686 X.
1183 3617 1262 3685 baec
1286 3621 1403 3706 posuit:

215 3727 328 3813 ellesp.
353 3733 386 3795 8.
414 3731 500 3804 554,
525 3724 704 3804 ἐμπεσόντα
731 3723 1014 3814 [βλαπτόμενον].”
1062 3722 1129 3790 Νοιι
1156 3732 1279 3810 poterat
1304 3726 1406 3792 inter·

215 3833 338 3922 polator
363 3832 504 3918 ineptius
528 3831 735 3917 participium
760 3831 791 3894 in
816 3849 852 3896 ea
878 3849 912 3896 re
937 3849 1053 3915 ponere
1084 3849 1181 3916 quam
1213 3829 1407 3910 βλαπτόμε-

216 3964 282 4016 νον,
307 3939 339 4004 in
360 3958 397 4005 eo
417 3956 543 4024 qnoque
565 3938 704 4023 turpiter
724 3934 853 4022 lapsus,
879 3934 962 4020 quod
985 3936 1156 4022 participio
1174 3936 1312 4003 credidit
1326 3957 1407 4024 opus

215 4067 286 4114 esse
316 4044 545 4134 qualicumque
575 4051 611 4108 ut
642 4041 814 4108 fulciretur
846 4041 960 4108 oratio.
1008 4040 1128 4128 Nempe
1162 4041 1312 4108 Graeculi
1343 4063 1405 4108 uon

216 4153 296 4220 satis
319 4149 573 4237 assequebantur
602 4150 657 4236 qui
691 4146 818 4213 tandem
846 4149 889 4223 είς
913 4146 1081 4229 δικαςάριον
1105 4148 1251 4226 ἐμπεσεῖν
1274 4149 1332 4215 ὑπὸ
1352 4175 1406 4216 σν·

215 4264 375 4341 κοφαντῶν
399 4256 462 4322 dici
490 4262 605 4342 posset.
656 4253 793 4320 Prorsus
818 4252 1002 4320 nesciebant
1024 4273 1117 4318 usum
1139 4255 1334 4340 antiquioris
1348 4254 1407 4320 lin·

215 4385 317 4452 guae,
344 4384 407 4450 quo
428 4361 534 4429 verbis
560 4359 746 4440 ἐκβάλλειν,
775 4358 969 4438 ἐμβάλλειν,
993 4359 1213 4441 περιβάλλειν,
1238 4361 1406 4441 μεταβάλ·

214 4487 279 4538 λειν
302 4469 388 4548 aliis,
412 4466 506 4535 verba
536 4466 717 4543 ἐκπίπτειν,
742 4465 927 4544 ἐμπίπτειν,
958 4465 1168 4547 περιπίπτειν,
1191 4467 1405 4544 μεταπίπτειν
