3226 4976
702 361 772 432 lea

143 575 308 626 summum
332 557 459 634 virum,
485 555 767 643 incomparabilem
798 559 829 623 in
855 556 945 638 aliis,
972 559 1005 624 in
1030 558 1112 625 hanc
1137 559 1329 646 palaestram

144 667 333 753 imperitum
369 662 563 730 descendere
591 672 622 727 el
647 663 847 744 άοχκμονεῖν.
873 665 926 730 eei
951 667 983 730 κ’
1008 667 1162 742 ὑπηνήτην
1184 668 1216 732 in
1241 666 1332 732 literis

142 771 242 839 luisse
267 779 410 857 apparet.
461 769 608 835 Dicerem
634 788 651 834 e
676 769 849 836 scholiasta
874 772 1020 836 l’nnronrs
1040 771 1078 838 ad
1099 771 1129 838 h.
1150 773 1170 836 l.
1196 773 1263 861 (ubi
1283 784 1332 838 est

142 879 204 944 alio
227 897 338 944 errore
361 883 474 959 πρῶτος
500 876 667 962 ὑπηνήτην)
693 895 848 961 apparere
872 878 914 942 ita
940 877 1014 943 olim
1042 879 1074 942 in
1103 877 1193 944 libris
1213 877 1331 956 luisse,

142 985 205 1050 nisi
231 983 289 1048 hoe
315 992 398 1048 essct
422 981 587 1050 lucernam
613 981 788 1047 accendere
814 991 847 1046 ut
873 982 970 1047 alieni
995 982 1091 1050 solem
1118 984 1277 1052 ostendas.

188 1090 342 1176 Suspicor
374 1088 506 1154 eandem
537 1088 639 1154 labem
665 1089 768 1152 inesse
795 1089 825 1151 in
851 1088 957 1153 verbis
983 1089 1081 1175 legiS‚
1108 1111 1204 1175 qtram
1229 1091 1332 1158 neno-

142 1216 274 1262 sanenes
306 1193 398 1260 alleri
431 1195 463 1260 in
489 1194 696 1260 Aristocraten
721 1215 750 1280 p.
778 1198 864 1272 629,
891 1198 945 1260 21.
972 1199 1010 1269 ὡς
1034 1197 1064 1260 ἐν
1086 1195 1170 1272 dicor
1194 1198 1333 1279 άγορεθεο

143 1303 170 1383 tl
205 1301 335 1388 Σθλων).
384 1300 541 1381 Quoniam
575 1301 700 1366 Sonoms
729 1298 833 1377 ἄξονες
858 1311 1171 1381 corumcmorantur‚
1196 1305 1333 1389 repetita

142 1409 233 1475 litera
261 1411 293 1473 κ’
316 1405 400 1484 άξονι
425 1407 447 1472 i.
474 1429 501 1472 e.
527 1408 633 1488 πρώτῳ
658 1405 740 1483 ailon
763 1426 874 1472 verum
896 1406 1035 1474 videtur.
1062 1407 1129 1473 Non
1152 1409 1231 1474 alias
1254 1409 1332 1474 milii

142 1514 240 1581 huius
272 1515 319 1579 rei
351 1511 531 1578 recordatio
563 1513 635 1598 plns
666 1511 789 1599 proluit
820 1534 915 1600 qnam
950 1515 980 1579 in
1007 1514 1187 1600 fragmento
1212 1514 1333 1581 Sorein

142 1621 226 1708 apud
252 1621 368 1688 Arnen.
394 1618 476 1684 xiv,
502 1640 531 1705 p.
558 1624 634 1686 640.
660 1619 697 1685 n.

370 1725 445 1790 'Hirr'
469 1749 507 1804 ps
533 1727 604 1803 μετ’
629 1726 739 1806 άνδρῶν
764 1727 825 1794 dere
849 1728 1003 1803 Ἑλλήνων
1027 1729 1076 1792 olel

370 1828 527 1910 συνάγειν.
554 1831 587 1897 τὸ
612 1839 723 1913 χρῆμά
744 1833 863 1915 χάριεν.
889 1833 959 1914 οὐχὶ
985 1835 994 1854 '
1021 1833 1071 1898 nio

370 1937 518 2017 κυάθους,
543 1938 711 2016 άνεβθηοέν
733 1963 802 2016 τος,
829 1938 950 2019 ὑπθχεο.
975 1940 1121 2019 κωμάσαι

371 2046 445 2126 πρὸς
468 2046 523 2120 τὴν
546 2048 746 2127 nevernum
770 2045 818 2112 δεῖ
839 2046 913 2128 γάρ.

143 2152 309 2218 Donassent
342 2150 488 2217 destituit
520 2150 593 2218 lelix
620 2153 804 2236 ingenium,
829 2173 928 2239 quem
954 2152 1100 2219 erederet
1126 2172 1236 2218 verum
1263 2173 1333 2219 esse

142 2255 174 2324 οὗ
201 2259 274 2324 Χίου
298 2257 373 2323 δέκα
398 2255 524 2329 κυάθους
542 2295 576 2306 -
593 2259 719 2340 ἐπίχει,
744 2278 825 2343 qnae
850 2259 1019 2325 Metuentes
1044 2259 1175 2344 probata
1200 2261 1332 2344 reecpit.

143 2365 178 2430 ln
208 2365 303 2429 unico
328 2364 442 2429 Codice
465 2362 625 2430 Marciano
649 2373 698 2430 est
720 2364 831 2445 χκρθεν
854 2357 1025 2445 cdxi-liei
1051 2365 1329 2446 ὑποχενκυμάοοοοε

142 2470 173 2535 in
207 2469 260 2536 his
289 2469 365 2536 latet
399 2470 527 2550 ὑποχεῖς
554 2470 699 2548 κωμάσαι
734 2471 807 2558 (uon
838 2472 917 2535 satis
941 2470 1105 2536 distinctis
1131 2481 1164 2536 ut
1190 2491 1283 2556 saepe
1307 2482 1332 2536 1<

142 2587 173 2643 et
203 2576 281 2665 lc),
312 2578 344 2641 in
377 2575 439 2641 iliis
464 2567 653 2658 ccxliiii
682 2585 731 2643 est
755 2580 825 2658 οὐχὶ
851 2577 966 2641 δώδεκά
991 2576 1142 2654 Κυάθους,
1166 2578 1333 2656 άνεβθκσθν

141 2708 210 2762 τος,
237 2684 376 2763 ὑποχεῖς.
426 2683 597 2768 Egregiam
624 2703 714 2770 opem
740 2681 803 2749 lert
828 2683 993 2750 Merinum
1017 2685 1170 2750 trannin
1199 2687 1221 2750 Χ
1230 2737 1236 2750 .
1262 2705 1333 2771 pog.

142 2795 221 2858 431.
247 2789 281 2856 G.
1071 2799 1072 2802 ’

370 2895 473 2961 Ὀκτθ
497 2919 543 2969 τις
568 2895 696 2977 ὑποχεῖν
720 2893 839 2973 άνεβθοο
863 2895 916 2960 ueri
941 2895 1056 2964 δώδεκά

375 3000 521 3079 κυάθους,

142 3127 261 3194 nempe
286 3106 299 3170 θ
324 3106 454 3187 οἰνοχόος
480 3107 560 3172 solet
574 3108 657 3172 λὑπο
667 3117 758 3189 χεῖν
781 3107 833 3172 τὸν
856 3104 944 3184 οἶνον,
970 3105 1084 3174 deinde
1102 3110 1136 3175 πὸ
1157 3106 1230 3190 ὕδωρ
1255 3111 1336 3173 ἕπο-

142 3223 250 3299 χεῖν.
300 3213 336 3278 ln
361 3215 431 3294 οὐχὶ
458 3214 606 3294 ὑποχεῖς;
635 3211 780 3280 loturum
808 3214 905 3280 habes
926 3235 988 3300 quo
1008 3215 1158 3300 arguitur
1179 3215 1336 3282 Dinuonrn

143 3340 236 3389 error
268 3318 306 3384 ad
342 3318 524 3386 Srerninuu
551 3321 736 3385 annoteniis
760 3341 788 3386 ν.
814 3321 938 3402 iurgio
964 3322 1085 3408 »futuri
1108 3322 1188 3407 quod
1213 3323 1337 3403 ὑποχεῖν

144 3433 249 3517 soret,
275 3427 421 3512 exempla
444 3449 506 3492 raon
526 3423 690 3501 exstent‚”
717 3425 818 3493 lorma
838 3434 902 3507 χεῶ
924 3427 1057 3492 barbara
1079 3439 1125 3492 eet
1149 3436 1181 3493 et
1201 3427 1337 3493 Aleeeo·

143 3535 248 3600 drinio
272 3531 420 3599 debetur.
469 3533 534 3600 Χέοο
558 3542 589 3597 et
615 3531 732 3611 χέομοοο
758 3541 789 3598 et
813 3535 989 3620 composita
1013 3534 1119 3599 omnia
1144 3531 1262 3599 hebent
1288 3530 1338 3597 lu-

145 3649 258 3707 terum
292 3641 435 3706 eiusdem
469 3638 608 3716 lormae,
641 3637 735 3704 cuius
765 3639 812 3705 rei
846 3639 947 3706 mulia
980 3659 1059 3705 nova
1091 3638 1235 3725 exempla
1260 3636 1338 3704 alies

146 3745 320 3834 proferam.

192 3853 262 3920 Non
289 3870 417 3938 possum
444 3870 505 3916 non
534 3868 595 3914 uno
620 3848 750 3935 quidem
776 3851 919 3938 exemplo
943 3851 1242 3938 frequentissimum
1266 3871 1338 3937 ape·

148 3961 399 4030 decurionem,
424 3975 487 4042 quo
517 3953 589 4020 iibri
619 3955 745 4032 Graeci,
770 3957 818 4022 vel
842 3959 888 4023 sic
914 3960 975 4024 iam
1001 3959 1080 4024 satis
1107 3956 1217 4032 mulii,
1243 3956 1339 4022 libra-

148 4067 273 4130 riorum
296 4061 441 4129 socordia
462 4061 622 4128 inutiliter
640 4074 839 4148 augeantur,
864 4065 918 4150 qui
935 4084 991 4151 pro
1005 4065 1107 4150 primo
1120 4063 1339 4142 undecimum,

151 4190 209 4257 pro
233 4179 322 4236 sexto
344 4171 501 4238 decimum
525 4179 648 4234 sectum
672 4177 703 4236 ei
728 4172 771 4236 ita
796 4170 946 4256 deinceps
970 4169 1102 4237 laudare
1127 4169 1240 4238 solent.
1284 4169 1340 4236 Os-

151 4274 280 4342 tendam
308 4279 340 4342 in
365 4296 402 4342 eo
426 4274 513 4350 loco,
543 4274 597 4339 uni
621 4295 657 4340 ea
681 4294 734 4340 res
757 4284 920 4342 caeterum
948 4278 1026 4342 setis
1052 4278 1178 4342 innoxia
1207 4275 1341 4342 mirilico

152 4380 262 4448 doctos
283 4382 429 4450 homines
450 4380 614 4446 ludificata
637 4391 694 4447 est.
721 4382 757 4447 ln
779 4380 968 4467 fragmentis
991 4382 1223 4448 Historioorum
1249 4383 1342 4448 Gree-

153 4507 259 4556 corum
283 4489 421 4557 nonem
445 4487 487 4554 ll.
512 4508 542 4574 p.
568 4491 610 4554 83
635 4486 674 4554 de
698 4507 807 4574 pugna
830 4487 871 4554 ad
897 4488 1066 4556 Coroneam
1091 4490 1123 4556 iu
1149 4488 1230 4556 bello
1251 4508 1343 4556 sacro
