3178 4972
785 439 864 486 ml

228 617 331 682 nimie
363 633 430 680 esse
458 617 579 700 potest:
615 611 667 678 vel
701 609 889 678 tenuissime
922 611 1041 679 indiele
1074 629 1110 679 ιι
1139 611 1211 680 lere
1244 613 1423 704 vestigium

227 757 381 826 magnam
403 757 496 822 saepe
516 734 662 802 &nudem
684 738 875 820 aperuerunt
897 739 930 801 et
959 755 1093 824 gravem
1119 736 1293 802 sententiae
1314 735 1422 803 labem

228 863 428 926 sanaverunt.
463 854 702 924 Tenuissimum
724 861 899 941 punctum,
923 855 1057 934 lineola,
1082 861 1247 936 eeeentus,
1271 859 1421 944 spiritus,

228 1003 237 1044 ι
261 980 476 1064 subscriptum
498 997 589 1064 ssspe
612 997 651 1043 ex
672 973 813 1065 ealigine
841 976 961 1042 clarem
982 974 1090 1042 lucem
1112 977 1308 1057 effuderunt,
1332 999 1422 1046 nem·

228 1101 403 1187 quentin
433 1097 518 1166 bello
539 1099 585 1164 sie
607 1099 641 1163 in
671 1119 704 1164 rs
734 1099 846 1164 erities
874 1097 959 1164 nihil
988 1100 1149 1164 eontemni
1177 1103 1310 1185 oportet.
1357 1102 1423 1168 Ae

228 1222 415 1289 surdissima
437 1239 578 1307 quaeque
601 1221 758 1306 scripture
778 1221 813 1284 in
831 1224 960 1285 vetusto
983 1219 1066 1286 libro
1089 1225 1122 1285 et
1140 1219 1312 1308 archetypo
1330 1242 1423 1310 saepe

228 1345 269 1410 sd
295 1363 406 1412 verum
426 1341 597 1408 lectionem
618 1345 705 1407 reete
725 1345 759 1406 te
784 1340 889 1406 duest.
935 1339 1052 1430 ingens
1081 1339 1302 1428 exemplorum
1331 1347 1424 1430 eopia

228 1469 276 1530 est
307 1462 361 1532 vel
393 1464 428 1527 in
461 1481 525 1528 uno
562 1463 749 1529 Αιιιιιιιιιιο.
807 1461 954 1529 Plurima
988 1467 1062 1529 sunt
1094 1467 1219 1550 reperte
1256 1464 1296 1531 ab
1330 1463 1422 1544 eliis,

227 1584 381 1652 nonnulle
397 1587 465 1670 ipse
485 1585 606 1670 reperi,
630 1583 797 1670 inquibus
820 1582 855 1648 τό
876 1581 1002 1666 ἐναργές
1021 1583 1096 1650 ferit
1117 1586 1272 1652 nnimum.
1306 1585 1425 1652 Editur

228 1708 307 1790 (vid.
338 1704 376 1771 V.
399 1706 437 1771 1..
467 1725 498 1792 p.
525 1703 603 1786 189)
626 1706 720 1783 αμόαι
748 1703 799 1771 δύο
824 1703 1072 1785 διατεταγμέναι
1095 1705 1210 1786 μόσαι,
1242 1709 1277 1772 in
1306 1703 1425 1774 (lodice

228 1834 276 1896 est
295 1827 611 1904 διατεταγμαμειαι,
635 1825 703 1894 noli
724 1831 924 1894 contemnere
944 1847 1022 1893 nem
1039 1829 1075 1893 in
1094 1847 1127 1893 se
1151 1829 1291 1896 eontinet
1307 1847 1424 1896 verum

226 1947 493 2027 διατετΜΑμένιιι
525 1948 676 2012 deaceae.
735 1946 863 2015 Oblitus
899 1953 947 2015 est
980 1949 1083 2016 scribe
1115 1947 1225 2016 literas
1258 1971 1305 2030 ιιγ
1339 1951 1424 2017 vitio

227 2074 361 2159 scriptas
379 2071 506 2158 punctis
524 2074 633 2136 notare
652 2074 691 2136 ut
709 2071 951 2160 expungendas,
976 2069 1060 2157 quod
1079 2075 1111 2136 et
1129 2072 1197 2157 ipse
1216 2069 1294 2138 slibi
1312 2069 1425 2139 sedulo

227 2194 305 2259 feeit
327 2197 359 2258 et
381 2195 416 2258 in
439 2189 608 2258 (lodicibus
638 2194 830 2276 pervetustis
860 2212 952 2280 seepe
982 2191 1070 2258 vidi.¹
1108 2191 1228 2260 Notaui
1255 2211 1330 2282 peg.
1355 2191 1423 2262 535

229 2337 246 2382 e
267 2313 431 2380 Pusuorus
453 2309 569 2380 codiee
587 2316 617 2381 A
640 2313 869 2394 ἕτιςινεγιιαμεν
887 2334 944 2402 pro
968 2311 1167 2396 ἐπῃνέκαμεν.
1214 2316 1317 2382 Nemo
1337 2315 1426 2382 vidit

227 2441 260 2502 et
291 2436 330 2502 ed
359 2435 445 2501 hune
478 2435 564 2502 diem
594 2437 662 2502 sine
696 2457 790 2502 sensu
821 2437 927 2502 editur
961 2435 1188 2518 ἐτννόγιιαμεν.
1241 2438 1426 2527 Legebetur

222 2557 313 2645 ..pue
333 2556 506 2623 nomene
524 2553 693 2624 comeum
715 2532 831 2624 essen.
851 2578 883 2644 p.
897 2556 963 2623 ιιι
982 2575 1013 2624 1).
1036 2557 1138 2624 sere·
1157 2558 1268 2642 er...
1289 2595 1333 2610 -
1350 2559 1425 2634 ιιι,

228 2682 262 2746 ἐκ
285 2681 419 2750 δυνατῶν
442 2676 631 2759 γεγονότας,
657 2679 851 2769 archetypus
874 2679 991 2749 δναςῶν
1016 2681 1131 2760 habet,
1154 2685 1247 2769 podis
1269 2680 1318 2746 δύ’
1339 2683 1424 2751 ἑτῶν

227 2802 365 2870 dederat.
412 2799 470 2868 Ιοιι
491 2802 568 2869 ibid.
592 2821 623 2889 p.
644 2800 710 2869 267
731 2819 762 2868 n.
787 2802 905 2868 dixisse
925 2807 1075 2888 putetur:

501 2921 578 3003 νόμοι
602 2920 712 3002 δόμον,
737 2922 862 3002 οόιιότα,
888 2929 1026 3000 κλεῖσον,

227 3044 337 3112 sedin
360 3044 532 3132 archetypo
555 3049 604 3111 est
626 3067 732 3122 ιοιμοι,
757 3044 791 3109 id
814 3049 862 3110 est
886 3053 945 3110 101
959 3051 1041 3111 MOI
1062 3042 1100 3110 όόι
1123 3067 1185 3124 μοι.
1231 3046 1327 3134 Apud
1346 3045 1426 3113 lur-

226 3181 371 3234 Bmomm
400 3167 437 3230 de
459 3163 496 3229 V.
520 3165 557 3230 P.
582 3162 694 3250 5197.
720 3164 910 3254 (Ἀρχύτας)
940 3166 1254 3249 serperemus>
1278 3189 1424 3249 παραγε-

228 3287 337 3367 γοιόις,
362 3276 395 3360 ἣν
415 3286 622 3369 ἐσρατσόσατο
644 3288 660 3364 ἢ
682 3284 770 3360 πόλις
791 3289 834 3359 εἷς
853 3287 1044 3363 Μεσσηνίους
1055 3337 1064 3369 ,
1083 3287 1274 3378 archetypus
1293 3289 1426 3356 exhibet

226 3407 399 3490 μεσανόονς.
445 3408 521 3475 Noli
544 3414 761 3488 contemnere,
792 3431 868 3476 nem
893 3411 982 3477 dueit
1007 3411 1183 3478 adrerum
1206 3410 1421 3483 Μεσσαπίους.

225 3531 316 3597 Adde
344 3531 395 3596 his
425 3549 505 3615 quae
536 3531 688 3616 adscripsi
718 3531 757 3597 ed
787 3530 874 3597 Oret.
907 3531 944 3595 de
973 3539 1039 3596 ιιι-ια
1067 3533 1192 3618 interpr.
1221 3554 1252 3619 p.
1277 3531 1319 3599 61
1350 3553 1420 3620 sqq.

226 3651 342 3739 quibus
364 3651 498 3717 adiicere
520 3653 611 3717 iuvet
634 3653 713 3718 duos
734 3651 819 3719 locos
842 3653 993 3719 absurdos
1017 3657 1049 3719 et
1068 3675 1160 3720 sensu
1185 3671 1321 3734 saeuos,
1344 3656 1422 3740 quis

225 3777 259 3841 in
281 3792 345 3838 uno
361 3772 438 3837 Ξῶτα
456 3772 672 3859 subscriptum
690 3775 804 3860 periit,
825 3775 859 3838 in
879 3773 979 3841 altero
1001 3775 1132 3862 spiritus
1151 3774 1233 3842 lenis
1251 3795 1422 3843 conversus

225 3897 329 3962 estin
352 3915 509 3982 asperum.
551 3894 668 3961 Editur
695 3897 730 3961 in
753 3875 887 3982 epistole
917 3893 1038 3964 Graece
1065 3897 1232 3964 l'rontonis
1253 3918 1326 3986 psg.
1351 3893 1419 3963 257

225 4017 341 4085 Naber.
365 4015 489 4097 αχριὶϊοι
515 4015 591 4105 (leg.
614 4014 758 4098 ἄκρητοι)
782 4015 812 4082 δὲ
832 4017 859 4082 oi
879 4017 990 4098 ἐραταὶ
1013 4025 1076 4093 τοῖς
1096 4017 1186 4094 όντως
1205 4023 1315 4091 καλοῖς
1337 4017 1421 4084 οὐδὲν

227 4135 316 4216 ι’ςιτον
338 4137 355 4216 ἢ
375 4145 439 4211 τοῖς
462 4137 584 4212 δικαόιις
608 4138 833 4218 ἐπαινουμένοις
856 4139 882 4205 οἱ
907 4138 1049 4214 κόλακες.
1080 4141 1192 4224 Ἀρετὴ
1215 4139 1246 4207 δὲ
1270 4139 1323 4206 καὶ
1344 4138 1421 4216 δόξα

226 4260 279 4327 καὶ
302 4260 378 4338 τιμὴ
402 4259 455 4326 καὶ
477 4258 586 4341 κέρδος.
622 4259 822 4349 intelligisne
843 4257 982 4327 ultima-l
1004 4281 1069 4327 non
1088 4265 1208 4349 opinor.
1232 4259 1311 4350 Leg.
1333 4295 1375 4311 -·
1392 4263 1420 4327 ol

225 4379 377 4460 κόλακες,
413 4381 532 4464 όρετΗΙ
564 4379 596 4447 δδ
626 4381 678 4446 καὶ
709 4379 785 4459 δόξα
816 4381 881 4447 ατὲ.
917 4383 1069 4463 ,,οιίόιιόι’,
1101 4383 1224 4470 inquit,
1256 4382 1360 4472 glorie
1386 4389 1422 4450 et

224 4505 324 4573 honos
347 4509 379 4570 et
401 4523 474 4590 opes
497 4501 626 4570 inutilia
648 4501 753 4568 sunt.”
798 4503 893 4589 Apud
919 4503 1093 4571 Libenium
1122 4504 1244 4593 legitur
1272 4503 1335 4572 vol.
1359 4501 1418 4570 III.
