3160 4972
840 351 911 426 468

300 545 360 616 boc
384 547 465 616 libro
486 548 511 615 1.
540 552 627 634 553.
651 559 744 636 utque
765 549 810 616 itc
831 549 957 637 quidem
966 553 1071 640 prinum
1093 553 1200 620 stetim
1217 571 1285 620 ecre
1303 557 1489 618 ccuseomu

300 664 333 722 et
357 657 399 724 ΙΙ.
425 657 444 740 §
470 658 525 720 22.
549 655 586 722 Si
608 655 701 723 sciret
723 677 756 723 ce
773 692 818 710 --
837 657 1028 726 tmcidotum
1049 659 1093 726 iri
1111 697 1154 710 —
1169 667 1241 748 post
1261 667 1402 724 menen
1424 677 1490 723 nero

298 783 333 828 cc
358 769 591 842 consecuturo,
615 783 695 850 quoe
717 763 784 830 sine
806 763 959 851 lucrymis
978 787 1041 832 non
1058 786 1226 854 possumus
1247 764 1367 830 dicere

346 865 394 933 De
416 865 522 934 Dicis.
548 867 574 934 1.
601 871 619 954 §
647 874 700 936 75.
723 891 785 956 quo
806 870 840 935 in
861 891 968 959 pupnc
991 871 1066 958 quic
1090 871 1198 938 Gruter
1219 881 1249 938 et
1272 868 1402 938 Putem
1424 891 1490 936 mn

299 971 615 1040 Lacedaemoniorum
637 974 737 1042 cincre
759 976 820 1042 oiri
835 997 902 1043 esse
918 977 1110 1057 dicebantur,
1133 999 1241 1046 corum
1259 977 1409 1064 iseiprrio
1430 975 1492 1063 [de-

298 1077 406 1168 orum]
439 1079 549 1146 rteiIce
578 1102 693 1148 cureoe
710 1119 756 1132 --
776 1080 905 1170 Delphis
932 1085 1052 1171 positos
1073 1093 1154 1152 runt.
1189 1081 1425 1171 bittogrepbia
1448 1091 1491 1148 est

299 1191 392 1252 vetus
423 1205 523 1254 rosuu
557 1193 589 1255 et
624 1207 753 1256 csonuu.
772 1241 779 1252 .
797 1187 873 1256 boei
907 1191 1117 1279 compositio,
1156 1199 1191 1258 ut
1220 1189 1329 1266 vites,
1372 1188 1491 1276 respuit

297 1309 428 1360 uronuu.

343 1397 424 1468 lbid.
448 1401 474 1466 Ι.
509 1404 525 1486 §
558 1403 613 1466 ⁸0.
636 1397 738 1488 Nepet
760 1401 827 1468 rinc
850 1401 958 1491 surore
981 1401 1182 1470 Democritus
1203 1421 1404 1490 quemquem
1424 1409 1490 1490 pcc·-

297 1516 362 1574 tcm
384 1527 535 1594 mopnum
558 1527 624 1574 erre
643 1528 755 1594 posse:
784 1508 882 1597 [quod
906 1507 991 1577 idem
1015 1508 1096 1577 dicit
1119 1508 1232 1598 Pluto]
1259 1527 1360 1596 quem
1380 1508 1411 1574 si
1428 1508 1489 1594 plc-

296 1624 343 1680 cet
365 1613 501 1699 appellet
524 1617 678 1701 perorem,
702 1613 867 1680 dummodo
889 1615 918 1680 is
941 1619 1034 1704 [uror
1053 1616 1099 1682 itu
1115 1614 1260 1680 medetur
1278 1623 1312 1679 ut
1334 1615 1374 1679 in
1393 1613 1487 1679 Pbce

296 1719 353 1784 otro
373 1719 515 1786 Plutonis
530 1720 677 1786 tondetur
697 1731 753 1788 est.
779 1720 894 1808 Reiege
909 1721 988 1788 rnibi
1002 1722 1107 1788 iocum
1119 1729 1281 1809 expuncto
1291 1721 1488 1788 emblemate

295 1834 328 1891 et
352 1827 549 1911 expungenti
573 1828 687 1914 opinor
709 1829 906 1895 assentieris.
963 1907 969 1916 ¹

343 1931 557 1998 Vehementer
585 1930 666 1998 mibi
694 1931 734 1998 de
757 1931 870 2000 froude
894 1941 1080 2020 suspectum
1102 1939 1152 2000 est
1176 1932 1393 2020 perticipium
1419 1933 1486 2000 cen·

292 2047 382 2125 ptum
414 2037 465 2104 bis
497 2036 622 2104 duobus
649 2036 728 2104 locis
750 2039 789 2104 de
813 2039 918 2106 Dicin.
942 2041 967 2106 1.
994 2043 1012 2124 §
1037 2043 1092 2106 tt.
1116 2048 1150 2104 ut
1172 2039 1205 2104 in
1229 2037 1387 2106 δίκαιαι
1410 2039 1484 2107 scri·

296 2152 387 2230 ptum
412 2144 543 2210 historin
567 2143 723 2223 uidemus,
747 2149 828 2214 etl.
857 2149 874 2231 §
902 2151 955 2213 89.
979 2167 1039 2232 quo
1058 2145 1091 2210 in
1110 2165 1222 2233 pectere
1240 2142 1382 2212 Marcios
1403 2167 1484 2233 puos-

294 2251 368 2316 com
386 2255 505 2335 scotres
524 2250 622 2317 nobili
643 2251 708 2318 icco
726 2263 814 2318 octos
832 2253 916 2340 opud
936 2253 1069 2319 maiores
1081 2261 1200 2318 nostros
1211 2252 1482 2340 luissescriptuu

293 2358 446 2424 videmus.
488 2357 545 2424 ΙΙΙο
564 2357 634 2425 loco
655 2379 716 2425 non
737 2361 817 2426 setis
837 2359 1003 2427 commode
1023 2359 1250 2446 interpositum
1267 2367 1318 2425 est
1339 2359 1482 2426 medium

294 2464 379 2531 inter
408 2465 441 2530 io
473 2463 622 2533 Sisennae
641 2503 685 2518 -·
706 2464 856 2544 bistorc'c,
891 2487 994 2554 neque
1027 2467 1136 2534 minus
1165 2484 1412 2553 supervacuum
1440 2471 1481 2532 est

293 2567 394 2635 eitero
424 2569 508 2638 loco:
540 2571 700 2650 uidemur,
734 2591 850 2659 nempe
882 2571 966 2658 opud
991 2573 1165 2659 scriptores
1189 2570 1356 2638 annalium
1386 2571 1480 2639 omni·

294 2675 354 2741 bus
379 2685 486 2754 notos,
519 2679 574 2764 qui
600 2687 695 2744 erant
718 2679 751 2744 in
774 2679 919 2744 omnium
946 2677 1106 2746 manibus.
1145 2676 1235 2760 Quod
1259 2678 1345 2744 enim
1374 2679 1479 2745 Cieem

293 2781 392 2849 roiert
423 2783 462 2850 de
495 2784 623 2850 biaroiis
654 2783 810 2851 iratribus
834 2786 952 2851 sumsit
976 2803 1015 2851 ex
1037 2782 1134 2851 (icelii
1158 2783 1320 2870 Antipatri
1345 2783 1478 2852 historin

290 2888 362 2955 belii
398 2890 530 2968 Punici,
559 2909 655 2978 qotem
690 2891 722 2956 in
746 2909 784 2956 es
808 2909 842 2958 re
866 2910 885 2956 o
911 2891 998 2956 bivio
1019 2909 1148 2976 quoque
1170 2888 1307 2957 describi
1333 2891 1480 2978 suspicor

291 2995 387 3061 XXV.
417 2999 468 3061 12.
502 2995 555 3061 ubi
589 2997 734 3063 corminn
758 2995 914 3084 quaedem
940 2997 1104 3063 Marcione
1127 2995 1239 3075 effert,
1263 3013 1345 3084 quse
1371 2996 1478 3062 stetim

291 3100 476 3166 admonitus
498 3103 618 3168 senties
640 3089 667 3168 e'
681 3102 810 3169 Marciis
835 3103 957 3170 Graece
981 3101 1164 3190 conscripto
1190 3100 1244 3169 sed
1270 3121 1289 3168 e
1312 3100 1422 3168 caelio
1444 3099 1478 3164 de
1528 3121 1529 3136 ³

291 3205 423 3274 Graecis
444 3203 528 3272 fecte
551 3226 621 3274 esse
644 3207 767 3278 betica.
1109 3191 1116 3207 ³

336 3309 492 3378 Nobilitas
523 3312 609 3378 enim
642 3322 716 3381 onte
748 3314 899 3381 Catonem
936 3314 1059 3382 Graece
1095 3311 1269 3382 scribebat.
1315 3313 1476 3382 Proierern

291 3437 393 3485 unum
424 3427 461 3484 ut
489 3417 667 3486 emendem.
704 3419 816 3487 Priore
839 3421 977 3488 tormine
1002 3420 1171 3488 Cannensis
1192 3420 1353 3508 proedicto
1377 3418 1477 3488 coco

290 3527 323 3590 in
355 3523 431 3591 boec
461 3545 560 3593 nunus
590 3526 684 3592 uerbo
715 3537 802 3595 eat:
835 3545 938 3594 nuncu
969 3545 1136 3594 rnorensnu
1164 3547 1280 3593 onnnnu
1306 3523 1474 3614 [flemene]

288 3657 374 3706 ouon.
412 3629 548 3699 Fuerat:
1019 3720 1025 3727 .

448 3741 500 3808 cir
523 3736 645 3806 uector
668 3740 828 3819 erroneo,
851 3737 1052 3823 Tpcmyeriss
1078 3737 1277 3819 ἐξαλέασθαι.

287 3867 372 3936 quoe
402 3844 527 3913 Caelius
558 3846 652 3912 vortit
675 3847 823 3913 borbore:
853 3845 1026 3934 adscripsit
1050 3846 1158 3912 neseio
1183 3846 1257 3932 quis
1270 3843 1418 3934 'Hemone
1440 3857 1474 3906 ne

288 3955 370 4022 iorte
402 3951 528 4020 nescies
560 3971 726 4020 rnotuesun
759 3951 838 4040 quid
869 3962 970 4031 esset,
1001 3951 1115 4019 deinde
1139 3971 1178 4020 ex
1204 3953 1350 4037 margine
1374 3949 1406 4016 in
1428 3965 1474 4014 so·

288 4060 360 4129 dem
388 4058 681 4147 perincommodem
707 4060 848 4148 irrepsit.

333 4165 508 4234 coeterum
533 4165 674 4231 edemus
698 4165 737 4233 de
758 4166 892 4234 historin
917 4164 1066 4233 omnibus
1087 4173 1162 4232 noto
1182 4161 1302 4252 legitur
1320 4161 1359 4228 de
1375 4158 1471 4228 Dicis.

286 4279 310 4340 1.
338 4276 355 4360 §
382 4277 437 4340 29.
461 4271 505 4340 M.
531 4271 642 4339 Crasso
662 4273 739 4361 quic
763 4273 911 4342 condecit
931 4272 1080 4340 ridemus
1094 4271 1237 4338 dirorum
1253 4265 1473 4337 obnuntiatione

286 4379 437 4468 neplcctc.
472 4377 518 4447 Ne
548 4387 644 4467 putes
677 4380 717 4448 de
749 4399 785 4448 re
820 4377 944 4456 recenti
974 4386 1102 4446 tentum
1133 4385 1180 4445 et.
1196 4375 1383 4466 aequalibus
1404 4379 1470 4441 non

286 4486 351 4553 dici
376 4485 498 4574 inspice
521 4489 546 4553 1.
573 4489 592 4571 ς
620 4489 695 4553 100.
730 4488 764 4552 in
788 4487 902 4554 iisdem
926 4485 1003 4575 sotir
1027 4483 1179 4573 scriptum
1208 4483 1347 4552 Veientes
1369 4479 1472 4548 bebere
