3178 4972
801 375 849 448 46

223 570 295 636 τῶνι
321 568 418 636 Attici
440 567 526 636 σέων.
561 571 579 654 §
604 577 635 638 5.
668 567 749 651 ὅμως
773 569 887 650 eroon,
912 568 1130 637 necessarium
1155 577 1205 638 est
1230 569 1312 651 irruo
1335 572 1362 639 δ’
1386 576 1416 642 ἒ.

271 673 372 761 Epist.
399 679 451 740 Ἠ.
488 675 548 754 ἐγὼ
580 676 611 742 δὲ
635 675 724 744 οἴσω
754 677 873 760 βαρέως
897 676 955 756 μὲν
978 675 1046 742 οἴσω
1070 676 1102 740 δὲ
1125 673 1218 755 duur:
1250 677 1358 745 Groeoi
1381 681 1418 746 iu

224 779 409 846 huiusmodi
438 800 474 846 re
505 781 550 846 ita
583 781 677 848 rerba
710 790 918 868 componunt:
952 783 1012 861 ἐγὼ
1043 782 1074 847 at
1104 781 1223 864 βαρέως
1246 783 1321 863 μὲν,
1344 784 1418 851 οἴσω

225 885 252 951 δ’
276 881 358 964 ὅμως
384 884 479 972 idque
503 885 634 953 Rhetori
660 886 869 954 reddendum.
894 886 935 954 ct.
960 887 987 952 1.
1014 890 1057 953 59
1082 891 1112 952 t.
1138 886 1196 953 ΙΙΙ.
1223 893 1276 953 57.
1302 894 1333 955 5.

262 991 374 1078 'Epist
400 995 452 1057 28.
488 992 677 1072 μετέσεμψε
697 1031 741 1046 -
761 993 843 1072 ν’ίνιειν
871 997 910 1067 ὡς
944 993 1072 1071 ἑαντιὶνε
1099 1011 1202 1079 neque
1224 991 1417 1079 αετέτεμψε

227 1095 425 1184 probandum
459 1116 517 1185 pro
539 1097 769 1178 μετεπέμψατο
795 1107 825 1164 ei
850 1099 1057 1182 μετέπεμψεν
1080 1097 1161 1177 ἥκειν
1182 1097 1245 1164 dici
1271 1119 1333 1165 non
1357 1120 1417 1188 po-

226 1211 299 1269 test.
349 1201 500 1290 Suspicor
522 1212 710 1289 corruptum
732 1223 801 1270 esse
821 1203 1023 1286 μετέπεμψα.
1038 1242 1079 1254 -
1095 1201 1271 1280 ἐξατιναῑος
1293 1202 1417 1292 proad-

224 1307 332 1374 rerbio
356 1316 467 1374 contra
491 1317 635 1374 veterum
661 1329 780 1375 morem
808 1309 931 1377 dictum
955 1318 1017 1390 est,
1043 1310 1099 1395 qui
1123 1310 1310 1398 saepissime
1330 1308 1417 1388 ἐξαι-

223 1421 322 1498 φννς,
349 1432 591 1499 nonnumquam
616 1414 763 1491 ἐξαπίνης
786 1413 948 1482 dicebant.

269 1519 370 1606 Epist.
397 1523 451 1586 te.
482 1523 509 1582 t.
533 1515 630 1593 οἶδαςε
653 1519 723 1604 lege
744 1517 821 1586 viia.
871 1521 931 1586 Pro
955 1521 1098 1602 ὑτερῆσαι
1121 1521 1280 1587 assentior
1300 1522 1340 1588 iis
1356 1523 1417 1610 qni

223 1627 379 1708 trepuntio
409 1625 599 1709 corrigunt,
626 1626 729 1711 possis
756 1636 786 1692 et
812 1626 969 1706 εεοέσθαι,
994 1633 1027 1692 et
1051 1646 1108 1711 pro
1127 1626 1259 1702 εἰωθότος
1283 1629 1339 1714 qui
1362 1648 1417 1695 ac·

223 1741 336 1798 curate
359 1733 503 1814 cogitant
526 1731 652 1796 εἰωθότα
677 1729 869 1816 probabunt.
914 1736 932 1818 §
960 1737 990 1795 2.
1027 1728 1113 1798 citu
1136 1731 1199 1812 γάρ
1224 1732 1293 1798 εἰσιν
1317 1751 1415 1799 sensu

224 1837 332 1904 editur
356 1855 413 1922 pro
436 1831 510 1902 οἶδε.
549 1837 566 1920 §
594 1843 626 1902 3.
657 1836 718 1903 οὐδ’
743 1833 781 1902 ἂν
799 1844 858 1904 τῶν
878 1837 1135 1919 σκνθοωτοτοὶτων
1154 1862 1213 1912 τις
1231 1838 1417 1922 ἀπόσχοιτο.

226 1941 376 2010 Graeculi
410 1961 521 2006 omnes
552 1939 672 2007 chorda
705 1941 855 2009 oberrant
885 1942 1013 2017 eadem:
1046 1942 1246 2009 consuetudo
1269 1955 1416 2011 veterum

224 2068 282 2135 pro
312 2071 359 2120 τις
389 2046 530 2132 postulat
557 2045 664 2119 οὐδείς.
711 2047 781 2114 Mox
812 2047 961 2114 mendum
997 2047 1202 2115 manifestum
1235 2059 1284 2116 est
1316 2050 1348 2116 in
1378 2051 1418 2116 τὸ
1496 2123 1499 2126 ,

224 2153 422 2220 δοκεῖν-οὐ
447 2152 529 2218 νιοὶνν
553 2152 709 2231 πείθομαι.
748 2156 765 2238 §
790 2160 821 2220 u.
848 2154 972 2234 κνισμός
996 2179 1043 2228 τις
1068 2151 1100 2238 ἦε
1124 2153 1193 2220 dele
1217 2153 1247 2238 ᾖ.

269 2257 370 2344 Epist.
397 2261 451 2325 50.
486 2259 537 2324 rio
569 2259 679 2338 οὶχῶνα
707 2259 902 2326 εἰιανείλετοε
936 2270 1059 2326 veteres
1083 2261 1257 2337 ἒνεςιὶσασο.
1283 2299 1327 2311 -
1350 2269 1418 2336 τοῖς

223 2365 351 2432 διδοῦσιν
374 2365 408 2429 αἱ
431 2363 662 2444 τογχάνονσαιτ
686 2362 821 2432 dixisset
843 2366 1045 2434 Atheniensis
1067 2372 1221 2448 τυχοῦσαι
1244 2375 1308 2440 σοῖο
1324 2366 1419 2432 δεδω-

224 2469 322 2545 κόσιν,
346 2471 373 2534 si
399 2471 432 2535 αἱ
452 2468 602 2548 additur,
629 2470 808 2555 requiritur
827 2472 1026 2552 κριθήσονται.
1063 2475 1132 2560 §in
1159 2469 1229 2549 iun
1249 2473 1323 2540 οιοτέ
1339 2473 1417 2552 βού-

224 2589 287 2642 λεις
313 2573 418 2641 scribe
440 2572 514 2641 ὅπου
537 2574 622 2641 ποτέ.

270 2679 371 2767 Ερίεῑ.
397 2685 450 2748 31.
487 2683 560 2767 52.
585 2681 773 2765 ςεοούμενοςι
808 2681 934 2768 corrige
965 2681 1135 2764 carducum.
1187 2685 1204 2770 §
1231 2689 1259 2750 5.
1292 2683 1418 2767 προσδέ-

222 2809 283 2868 χου
308 2823 352 2838 -·
371 2787 433 2853 ὥστ’
456 2789 552 2854 αὐτοῦ
574 2789 703 2865 δεήσεως
734 2786 886 2855 Graecum
919 2796 968 2855 est
991 2791 1064 2870 παρ’
1092 2791 1199 2857 αὐτοῦ.
1237 2795 1311 2877 54.
1336 2792 1417 2858 οὐδ’

222 2891 279 2973 ἄν,
306 2894 370 2958 imo
394 2893 476 2961 oridir
492 2891 541 2960 air.

270 2999 373 3085 Epist.
389 3005 442 3064 53.
463 3000 495 3063 οὐ
508 2997 683 3080 τοοσιέμνννε
706 2999 825 3064 aoristo
845 3019 925 3086 opus
948 3008 996 3066 est
1015 3000 1192 3082 προσείμην.
1218 3004 1280 3088 52.
1308 3001 1413 3067 ἁλῶσι

224 3103 349 3170 nullum
370 3112 418 3170 est
440 3102 635 3169 adiectirum
662 3103 813 3170 Graecum
834 3106 864 3168 in
885 3110 955 3180 -ὧος
974 3107 1101 3186 exiens,
1127 3116 1245 3173 exeunt
1271 3107 1302 3171 in
1327 3107 1417 3188 -iror,

223 3210 378 3292 Νειλῷοι,
410 3209 546 3290 Γελῷοι,
571 3209 671 3292 Κῷος,
704 3211 881 3292 Ἀχελῷος,
914 3220 1105 3299 caeteraque
1136 3214 1205 3278 sine
1229 3212 1418 3294 exceptione

224 3316 343 3380 omnia.
391 3314 513 3380 Passim
547 3313 701 3380 adversos
734 3314 816 3382 trano
841 3325 961 3382 certam
989 3318 1167 3402 arrotogiam
1199 3327 1351 3404 peccatur
1380 3327 1417 3384 et

225 3422 333 3486 omnia
356 3418 447 3506 plena
471 3428 548 3486 sunt
571 3439 738 3499 errorum,
763 3423 838 3507 quia
863 3446 872 3487 ι
897 3421 1096 3509 adscriptum
1123 3423 1157 3488 in
1187 3421 1420 3510 antiquissimis

228 3533 352 3592 tontum
377 3523 468 3591 tibris
492 3536 645 3612 apparet,
670 3529 703 3590 in
728 3528 865 3593 caeteris
886 3527 1072 3613 negtigitnr.
1101 3521 1418 3616 Ubique'reponeuda

225 3641 303 3698 sunt
333 3616 415 3714 ζῷα,
449 3628 514 3713 riri,
549 3632 622 3714 iri,
655 3633 765 3713 ιἰθῷοο,
799 3630 918 3714 τρῴνν,
955 3631 1083 3700 similia.
1130 3633 1240 3700 Μινώα
1271 3653 1332 3699 oon
1364 3641 1419 3698 cst

230 3737 380 3803 Graecum
395 3757 508 3802 nomen
523 3737 576 3804 sed
590 3736 711 3821 Μινῴα.
738 3738 849 3824 ltaque
862 3738 968 3820 Ἀλῷα
980 3747 1029 3804 est
1042 3738 1322 3826 reponendnrn.—
1333 3739 1417 3816 eys-

225 3844 342 3926 οωχίαν
354 3851 386 3908 et
399 3843 559 3924 οὶγέρωχοο
573 3843 720 3909 Graeculi
735 3843 861 3909 Horuno
875 3843 1104 3929 subtegerunt‚
1131 3865 1193 3910 non
1214 3846 1289 3910 item
1303 3843 1416 3913 Attici.

225 3957 242 4037 §
258 3956 290 4016 o.
311 3948 452 4030 βραχύ
469 3972 520 4026 μοι
543 3949 633 4026 μέλει
653 3949 739 4030 περὶ
752 3951 877 4016 codrum
892 3949 988 4016 Attici
1006 3951 1111 4030 ὀλίγον
1122 3975 1174 4030 μοι
1186 3951 1299 4017 τούτων
1310 3951 1416 4030 μέλει.

271 4055 373 4141 Epist.
395 4061 448 4120 ii.
477 4057 544 4139 §Q
570 4055 699 4133 ἐμαννς,
716 4055 897 4134 Εὐθύδημε,
918 4057 972 4121 οὐκ
992 4053 1105 4130 οἶδας
1127 4053 1185 4130 cide
1210 4059 1272 4128 ἕςιν
1292 4059 1305 4122 d
1327 4065 1421 4140 σοφι·

226 4160 298 4237 srir:
326 4156 410 4236 οἶδας
435 4179 492 4246 pro
517 4157 604 4227 οἶσθα
625 4181 686 4226 non
712 4160 800 4228 debet
829 4164 1011 4228 dccrrunom
1037 4163 1209 4249 imputari,
1237 4163 1293 4250 qui
1313 4161 1420 4240 εἰδώς,

225 4279 261 4332 ut
279 4267 411 4352 opinor,
434 4267 620 4352 scripserat.
634 4303 680 4317 -
692 4267 873 4349 τοοτιέμννε
897 4278 928 4334 et
949 4267 1001 4334 hic
1020 4269 1184 4350 προσείμην
1205 4269 1420 4355 reposuerim.

225 4409 270 4422 -
289 4380 384 4452 λῆοοιε
417 4390 529 4438 revoca
552 4381 640 4454 λῆρος
669 4377 761 4439 ταῦτ’
793 4374 850 4444 eet
881 4375 933 4440 uari
965 4375 1070 4456 λήρους
1100 4373 1217 4440 addere
1249 4373 1351 4440 sotem
1377 4375 1422 4441 iis

226 4479 342 4556 rebus,
369 4497 448 4565 quas
475 4497 509 4543 se
533 4485 738 4545 contemnere
763 4477 874 4545 volunt
897 4479 1097 4566 significare,
1130 4490 1167 4547 ut
1198 4481 1230 4547 in
1264 4480 1323 4547 hac
1349 4481 1422 4568 ipsa
