3150 4972
705 368 751 440 97

132 563 175 625 lt.
206 581 235 647 p.
261 563 336 626 225.
368 557 446 636 ὅπως
479 561 652 640 βιθσηται,
686 569 740 631 51.
777 584 806 650 p.
833 568 908 630 518.
935 562 1014 638 ὅπως
1039 564 1225 644 τεύξονται,
1252 567 1304 630 54.

128 686 151 750 p.
173 670 246 733 415.
271 663 350 741 ὅπως
374 669 584 750 φανήσονται.
612 671 735 736 Dronvs.
758 670 860 736 Hono.
888 670 900 734 1
939 676 992 736 45.
1019 668 1096 744 ὅπως
1119 669 1305 748 σννοέξωσιν,

126 769 173 836 11.
199 777 250 838 75.
277 769 355 847 ὅπως
378 775 423 853 μη
446 775 569 842 κάθοδον
592 775 715 854 ἔξεισιν,
741 777 792 842 VI.
818 783 870 844 tt.
894 775 974 847 ὅπως
997 777 1174 856 κατθξωσιν
1194 786 1225 842 et
1250 782 1304 844 58.

125 875 194 950 ὅσοι
225 881 270 957 μη
301 883 398 962 adep,
430 882 549 967 quibos
581 882 741 969 permulta
769 883 831 947 adia
862 881 1035 962 adderem,
1068 885 1095 948 si
1129 892 1193 948 tarn
1228 883 1306 947 utile

126 1001 211 1066 qnam
237 983 329 1052 faede
353 986 444 1052 foret.
493 989 665 1054 Grassatnr
696 988 779 1054 idem
806 988 926 1054 malum
952 991 984 1054 in
1011 991 1122 1076 optimi
1148 989 1304 1075 oniasque

125 1088 209 1154 mo'ri
230 1089 404 1158 (lodicibus
435 1101 466 1160 et
490 1095 703 1160 damonibus.
753 1094 833 1174 Quia
864 1097 1082 1160 nonosromas
1108 1095 1146 1160 ad
1172 1113 1302 1158 manum

124 1202 181 1270 est,
214 1216 270 1283 pro
294 1199 443 1264 omnibns
478 1201 556 1266 mihi
593 1201 812 1266 testimoninm
839 1200 946 1266 dicito.
996 1201 1071 1267 Sine
1105 1200 1306 1266 barbarismo

124 1311 279 1384 peceatum
307 1313 376 1382 est,
403 1326 433 1392 p.
457 1311 495 1382 9,
526 1313 573 1372 17.
598 1310 789 1387 βοηθήσητε,
822 1316 908 1372 reete
935 1308 1102 1385 βοηθήσετε
1136 1308 1305 1372 Barnous

127 1413 175 1484 18,
210 1414 257 1475 10.
290 1407 370 1482 ὅπως
402 1413 446 1490 μη
470 1411 619 1492 δόξωμεν,
649 1414 733 1478 idern
765 1411 899 1490 δόξομεν.
938 1417 998 1490 29,
1034 1419 1061 1478 1.
1089 1410 1170 1485 ὅπως
1204 1412 1303 1477 σώσα-

123 1537 188 1590 μεν,
213 1527 377 1602 receptum
403 1527 451 1582 est
474 1520 621 1598 σώσομεν.
656 1525 718 1596 45,
744 1525 795 1585 50.
822 1516 901 1592 ὅπως
925 1521 969 1597 μη
994 1523 1158 1596 ποιήσητε,
1185 1519 1303 1584 Banna-

124 1619 271 1688 arrhene
304 1624 460 1699 medeare.
508 1625 702 1690 Barbarismi
735 1633 891 1713 apparent
923 1647 951 1711 p.
978 1630 1040 1704 tt,
1070 1631 1122 1690 18.
1156 1619 1303 1704 donared

124 1725 225 1804 ἐροῦσι,
251 1729 283 1793 in
308 1730 444 1816 antiquo
467 1729 625 1796 Marciano
649 1751 687 1796 ex
712 1731 878 1796 dur'rr'om'e
896 1740 1040 1798 rarrerto
1066 1730 1183 1818 duplex
1205 1731 1304 1816 scrip·

126 1839 187 1896 tara
211 1832 316 1900 fertur
340 1837 435 1915 ἐροῦσι
461 1847 491 1902 et
516 1857 612 1924 snpra
639 1839 797 1922 seriptum
820 1839 923 1918 ἐρῶσι,
957 1838 1094 1903 mirifica
1120 1835 1222 1902 forma
1247 1858 1304 1923 pro

124 1935 236 2014 εἴπωσι,
263 1961 290 2026 p.
306 1945 368 2017 58,
388 1947 419 2008 6.
441 1939 521 2017 ὅπως
540 1946 584 2022 μη
605 1944 793 2020 πεισόμεθα,
819 1944 851 2007 in
875 1943 985 2008 nrnltis
1006 1945 1191 2021 πεισθμεθα,
1206 1965 1234 2030 p.
1249 1948 1302 2020 60,

128 2047 169 2108 19.
192 2043 271 2121 ὅπως
290 2050 335 2127 μη
358 2047 573 2128 ποοαξθμεθα,
596 2049 648 2114 alii
677 2049 749 2114 titri
775 2048 994 2130 ποοαξιθμεθα,
1014 2052 1105 2116 etsie
1124 2069 1303 2136 peromnes

125 2149 228 2217 Αιιίοοι
253 2162 461 2240 caeterosque
486 2155 568 2221 idem
593 2155 711 2221 matum
737 2165 922 2240 grassatur,
947 2177 1040 2243 saepe
1063 2177 1080 2220 a
1103 2157 1227 2221 criticis
1251 2176 1303 2220 sa-

125 2266 244 2336 natum,
268 2263 397 2346 saepius
422 2263 538 2346 passim
564 2261 756 2327 sanandum.
806 2262 958 2348 Exempla
980 2274 1013 2328 ιιι
1038 2261 1121 2349 apud
1145 2261 1301 2340 edomate

123 2364 195 2452 apnd
217 2366 371 2432 anrnnnn
394 2375 458 2432 tam
481 2388 599 2453 magno
620 2387 754 2434 munero
772 2367 890 2452 legenti
911 2375 1084 2435 occurrent
1106 2377 1140 2432 ut
1158 2367 1301 2434 indicare

124 2487 176 2534 non
204 2473 247 2536 sit
279 2493 375 2558 opus:
407 2472 564 2559 defungar
599 2493 661 2538 nno
694 2481 725 2539 et
749 2474 849 2540 attero
874 2476 905 2540 in
941 2480 1002 2552 70,
1030 2479 1082 2540 50.
1107 2471 1186 2548 ὅπως
1212 2474 1299 2540 αὐτοὶ

123 2577 286 2657 χρήσονται
310 2589 342 2644 et
374 2585 429 2646 33.
453 2581 543 2660 θροῖτε
568 2575 617 2646 οὖν
640 2576 719 2652 ὅπως
742 2580 853 2658 μηκέτι
878 2583 960 2659 ὑμᾶς
991 2579 1191 2646 αἰτιάσονται
1211 2581 1299 2646 dated

122 2688 262 2760 τιμήσωσι
286 2687 337 2752 καὶ
363 2689 534 2768 pendeam,
561 2707 623 2752 nnn
649 2687 756 2751 minus
781 2687 857 2752 haee
880 2698 955 2751 snat
977 2685 1176 2752 emendanda
1201 2706 1296 2771 qnam

123 2791 194 2872 qdod
219 2790 380 2878 legitut·§
415 2801 465 2858 11.
497 2793 823 2874 παρασκευαζομένους
852 2788 932 2864 ὅπως
961 2791 1070 2857 θύσωσι
1103 2791 1154 2856 καὶ
1179 2794 1299 2872 εὐωχη-

122 2917 240 2974 οωνται,
264 2901 339 2987 quia
358 2901 549 2980 εὐωχηθῆναι
574 2899 724 2964 Graecum
750 2909 798 2964 est
817 2910 849 2964 et
874 2899 1089 2977 εὐωχησασθαι
1111 2896 1295 2964 barbarum.

158 3001 223 3069 Non
244 3007 353 3071 minns
377 3004 527 3091 frequens
545 3013 594 3070 est
614 3005 794 3070 scribarum
820 3023 910 3070 error
935 3005 966 3067 in
993 3002 1161 3069 infinitivis
1186 3003 1297 3070 amisti

123 3127 170 3190 pro
193 3109 321 3177 tuturis.
371 3111 571 3199 Deneperunt
601 3131 711 3176 omnes
741 3099 969 3196 propemedum
995 3111 1143 3188 criticos,
1169 3114 1222 3196 qui
1249 3111 1296 3175 in·

121 3217 198 3296 genti
228 3216 448 3304 exemplorum
483 3238 617 3284 numero
648 3217 824 3303 expugnati
859 3215 967 3282 faciles
998 3213 1135 3281 eredunt
1159 3218 1297 3282 aoristos

122 3319 259 3389 infinitivi
294 3326 401 3389 neseio
433 3323 590 3410 quomodo
623 3333 753 3408 repente
785 3322 887 3388 [nturi
913 3323 1067 3408 temperis
1091 3322 1297 3406 significatio·

121 3444 183 3492 nem
209 3439 318 3494 nactos
341 3449 421 3496 esse.
460 3431 550 3516 dpnd
575 3429 797 3495 Xanoanonrarr
811 3427 929 3512 legitur
943 3431 974 3493 in
991 3427 1114 3494 Hellen.
1142 3427 1178 3494 V.
1201 3450 1241 3493 ιν.
1265 3435 1295 3494 7.

121 3532 141 3594 d
163 3533 191 3598 δέ
207 3537 360 3615 λήψονται
383 3537 439 3610 την
465 3537 556 3616 θθοαν
575 3535 770 3614 ἀνεῳγμένην
795 3537 966 3610 ἠπείλησαν
989 3538 1171 3600 ἀποκτεῖναι
1195 3533 1295 3601 ἅπαν-

121 3659 170 3710 τας
191 3641 259 3714 τοὺς
284 3643 315 3706 ἐν
339 3651 378 3724 τῇ
403 3643 500 3725 adalp,
527 3642 661 3706 retinnit
686 3643 867 3706 ἀποκτεῖναι
893 3643 1094 3712 [tranoarrns.
1122 3641 1177 3725 qni
1202 3641 1298 3706 simi·

121 3738 154 3806 tia
184 3746 294 3812 menda
327 3747 428 3832 perite
461 3756 643 3812 correxerat
671 3749 703 3811 in
738 3748 863 3812 vicinia.
900 3747 934 3812 V.
961 3769 980 3812 ι.
1007 3751 1059 3812 52.
1085 3747 1139 3811 οὐκ
1161 3745 1223 3824 ἐφη
1249 3747 1297 3812 δέ-

120 3843 218 3921 ξασθαι
241 3851 312 3927 rode
337 3849 438 3932 θοκονο
463 3853 579 3930 εὀ1νμη
605 3851 735 3932 θμνθιοσι
755 3854 820 3918 κτέ.
843 3862 875 3918 et
898 3857 951 3918 55.
976 3851 1178 3932 θμαμθιιεσαν
1199 3854 1297 3933 ε’μμὲ·

120 3975 170 4020 νειν
187 3967 224 4041 τῇ
248 3959 355 4040 εέριὶνη.
370 3958 406 4024 V.
431 3979 473 4023 nr.
497 3962 550 4024 26.
570 3959 737 4036 θμθσαντες
750 3959 883 4032 ταύταις
902 3958 1060 4036 ἐμμένειν,
1083 3958 1161 4024 bene
1175 3962 1296 4045 recepit

120 4055 243 4133 δέξεσθαι
269 4072 300 4128 et
325 4067 478 4143 ἐμμενεῖν.
523 4063 679 4142 Δέξασθαι
703 4067 746 4129 tta
771 4065 900 4131 demum
926 4075 1013 4131 recle
1038 4065 1184 4142 habebit,
1209 4066 1294 4130 81111

119 4176 196 4232 reeta
217 4171 359 4236 oratione
381 4171 460 4236 bene
480 4169 608 4236 dicator
631 4170 799 4250 ἐδεξάμην,
824 4178 857 4235 at
883 4172 1154 4257 dampnandae,
1180 4171 1295 4251 credo,

118 4269 233 4339 dixerat
255 4278 287 4341 οὐ
313 4277 438 4356 δέξομαι
462 4279 531 4349 τοὺς
551 4273 651 4358 ὅρκους
677 4279 730 4342 ἐὰν
750 4279 793 4356 μη
811 4277 962 4355 θμνθητε,
985 4288 1016 4344 et
1035 4298 1130 4364 quant
1152 4279 1295 4363 ineptum

119 4385 146 4440 et
166 4381 335 4449 absurdum
361 4392 410 4449 est
431 4403 503 4448 enm
528 4383 617 4450 inea
642 4403 676 4448 re
697 4384 848 4462 ἐδεξάμην
873 4383 1025 4450 inducere
1048 4384 1209 4450 dicentem
1228 4391 1295 4452 tam

121 4481 257 4554 vitiosum
282 4497 316 4556 et
336 4489 491 4555 absonum
514 4497 562 4556 est
587 4487 732 4566 δέξασθαι
754 4511 811 4578 pro
832 4489 970 4566 δέξεσθαι
990 4499 1021 4557 et
1035 4491 1208 4566 ἠπείλησαν
1219 4492 1298 4556 οὶπο-

1122 4599 1135 4644 ι
