3178 4972
831 355 877 430 38

305 551 354 618 Ex
379 554 440 634 iis,
471 572 554 641 quae
583 552 746 632 diximus,
781 556 929 642 sequitur
958 551 1133 635 ἀγορεύσω,
1167 553 1339 634 ύγύρενοα,
1372 553 1447 634 ύγύ-

261 681 372 741 ρεννια,
404 659 564 742 ύγύρενοιρ
587 669 619 725 el
643 668 779 744 eogoela
813 661 920 726 omnia
953 678 1055 745 neque
1087 660 1120 723 in
1153 659 1290 745 simplici
1324 659 1446 739 forme,
1561 703 1562 752 ρ

263 783 368 851 neque
391 766 425 830 in
449 765 624 852 oorrrposila
648 765 679 831 iu
704 765 837 852 antiquo
862 785 1009 834 sermone
1040 763 1154 830 Graeco
1187 765 1304 830 usilela
1330 763 1447 842 luisse,
1561 761 1562 766 ’

172 871 175 880 “
263 888 367 956 neque
403 889 513 937 earum
548 870 723 936 iorrneruru
756 871 901 960 exemplu
934 870 1018 958 opud
1051 879 1176 936 veleres
1207 880 1352 948 exstare,
1387 873 1448 937 uisi

262 973 346 1041 forle
377 977 499 1042 inuno
529 977 694 1063 alteroque
726 976 795 1042 loco
826 977 1009 1066 depravato.
1058 977 1142 1042 Sum
1173 977 1338 1042 rarissima
1372 975 1448 1042 haee
1561 967 1562 998 ³

263 1082 341 1146 uilia
366 1090 398 1148 el
421 1082 650 1169 propemodum
679 1081 781 1150 nulla:
807 1083 866 1151 hoe
889 1105 988 1152 uuum
1013 1083 1106 1168 louge
1125 1083 1345 1148 oluervelioue
1366 1082 1448 1158 vidi,
1561 1081 1562 1136 ἒ

263 1185 383 1253 lorinus
406 1186 561 1274 quasdam
585 1209 602 1255 e
626 1188 722 1256 verbo
745 1191 978 1273 προσαγορεύειν
1004 1189 1118 1255 duoles
1142 1189 1221 1254 selis
1245 1199 1333 1254 cerlo
1357 1207 1449 1275 pree·
1561 1219 1562 1262 ι

264 1290 347 1358 sidio
379 1313 449 1359 esse
481 1295 644 1375 muniles,
678 1304 878 1362 caeterorum
913 1317 970 1363 nec
1003 1295 1071 1361 vola
1105 1315 1162 1360 uee
1187 1296 1358 1378 vesllgium
1383 1303 1450 1370 esl,

264 1395 366 1466 donee
390 1399 429 1464 ed
454 1401 618 1487 sequiores
641 1383 824 1476 deveneris,
854 1403 910 1489 qui
933 1420 1035 1488 quum
1059 1420 1093 1465 se
1116 1400 1227 1465 Atticis
1251 1399 1361 1465 roluul
1381 1419 1450 1467 esse
1561 1415 1562 1444 ι

265 1523 362 1590 quem
395 1505 578 1573 simillimos
602 1515 634 1574 el
658 1507 719 1573 elie
751 1507 852 1574 mulla
877 1491 1154 1595 prdelervideruul
1179 1515 1211 1572 el
1234 1525 1307 1572 euru
1335 1525 1449 1582 usuro,
1561 1591 1562 1596 ἵ

263 1629 360 1696 quem
386 1609 699 1693 demonstravimus,
735 1633 828 1680 nemo
853 1633 936 1678 uuus
959 1631 998 1678 ex
1023 1612 1171 1678 omuibus
1197 1611 1244 1678 vel
1267 1613 1451 1699 suspioolus

259 1722 325 1780 est.
372 1715 493 1785 Errant
517 1738 644 1796 omnes,
670 1719 855 1807 Sophislee‚
888 1718 1063 1797 immores,
1090 1718 1254 1803 Magistri,
1279 1721 1304 1784 ol
1329 1741 1450 1784 πεπαι-
1561 1711 1562 1776 ἒ

266 1820 403 1900 διαμένοι
445 1844 566 1891 omues.
627 1825 857 1892 Ηιιιοιιιιιτιοιι
897 1833 1064 1912 postquam
1109 1823 1314 1904 ἀπαγορεύειν
1354 1823 1451 1909 expli·

265 1927 350 1993 edil:
374 1929 442 1996 ούντδ
465 1937 518 1996 πού
542 1930 670 2011 κούμνειν
690 1933 743 1996 καὶ
774 1930 932 2005 ούδννούπως
956 1929 1056 2011 ἔχειν,
1089 1928 1217 1995 leudelo
1243 1929 1332 1995 Lrsrr
1356 1931 1386 2024 ύν
1409 1932 1450 2012 τῷ

266 2033 417 2118 Ἐραπιιιῷ
449 2038 554 2122 (quasi
587 2058 647 2102 nou
683 2038 799 2124 possim
825 2038 1029 2119 ἀπαγορεύειν
1053 2057 1090 2103 eo
1113 2055 1210 2102 sensu
1234 2035 1317 2121 opud
1342 2054 1452 2099 omnes

265 2138 440 2228 legeretur)
471 2145 584 2230 paucis
607 2144 786 2209 iulerieolie
809 2143 948 2230 explieat
971 2141 1048 2229 quid
1074 2143 1116 2208 sil
1139 2144 1355 2208 ύπειπεῖνι
1383 2139 1450 2206 duri

264 2251 317 2311 ποῦ
340 2247 516 2327 οὶποιιαμεῖν
539 2250 591 2316 καὶ
616 2250 818 2326 ούδννοιπιῑεαι.
859 2253 1014 2331 Ἀντιφῶν
1039 2249 1069 2312 ἐν
1092 2249 1134 2330 rii
1157 2247 1223 2329 περὶ
1248 2253 1301 2314 ποῦ
1326 2246 1452 2312 Λινδίων
1561 2241 1562 2246 ’

263 2349 374 2434 φύρον,
412 2374 474 2419 oon
509 2353 674 2433 lecturus,
710 2357 846 2442 opinor,
883 2355 909 2421 si
943 2354 1090 2420 scivisset
1126 2353 1213 2420 verbi
1249 2353 1453 2434 ἀπαγορεύειν

267 2475 329 2523 non
354 2477 424 2524 esse
447 2459 546 2525 elium
579 2461 736 2526 norisium
769 2479 865 2547 quem
888 2462 1042 2527 ύπειπεῖν.
1091 2459 1191 2526 Habet
1215 2477 1251 2525 ee
1276 2459 1453 2525 observatio

260 2564 364 2628 eliam
399 2563 484 2630 huno
517 2585 630 2646 usum,
667 2575 701 2632 ul
731 2587 785 2632 eos
816 2565 1009 2652 redarguat.
1041 2567 1095 2652 qui
1119 2583 1155 2632 se
1179 2553 1307 2631 ¹veleres
1337 2562 1454 2630 Atticos

266 2673 479 2737 mentiamur.
517 2669 578 2753 Qui
603 2671 673 2738 dolo
697 2672 780 2738 malo
804 2675 973 2759 supposui!
998 2672 1191 2738 llerrusrrurru
1210 2673 1387 2736 oreliouem
1411 2668 1451 2735 lx

266 2775 340 2857 πρὸς
362 2778 416 2853 ‘rim
448 2777 670 2854 irremissio
694 2778 849 2846 Φιούππον
873 2797 932 2844 suo
943 2798 990 2843 se
1014 2777 1133 2842 iudidio
1165 2784 1328 2862 lemquem
1360 2793 1452 2841 sorex

266 2880 428 2966 prodidit,
452 2903 553 2969 quum
579 2885 735 2951 scriberet
755 2905 784 2970 p.
801 2889 875 2960 15⁷,
897 2886 950 2949 20.
974 2883 1028 2960 llll
1052 2881 1115 2964 γύιρ
1140 2883 1250 2955 ἐκεῖνος
1270 2881 1322 2948 καὶ
1347 2903 1453 2962 προη-

267 2987 438 3069 γόρευκε
460 2989 513 3055 τὸν
544 2989 678 3069 πόλεμον
708 2989 761 3054 καὶ
793 2997 856 3063 τοῖς
880 2988 978 3071 ἔργοις
1009 2987 1189 3071 ἐξενήνοχε.
1224 3007 1361 3074 uanique
1386 2988 1454 3074 ipse

267 3090 485 3158 lleuosrusues
517 3095 672 3176 προείρηκε
704 3093 846 3161 dixisset.
895 3093 1036 3181 Simplex
1068 3093 1204 3175 ύγορεύιν
1234 3091 1318 3180 opud
1350 3091 1453 3158 Allie-

266 3197 389 3263 m'euses
412 3217 473 3264 non
500 3207 625 3266 lenlum
651 3201 683 3265 in
709 3207 834 3267 volusio
858 3197 996 3266 iormula
1020 3201 1188 3287 praedonis
1212 3200 1366 3265 usitatum
1388 3207 1453 3264 esl:
1561 3215 1562 3218 ’

266 3303 314 3376 τίς
338 3304 496 3388 ἀγορεύειν
525 3305 691 3384 βούλεταις
725 3325 783 3394 pro
810 3307 915 3386 λέγειν
937 3308 967 3372 ἐν
989 3309 1031 3388 τῷ
1055 3305 1141 3388 δήμῳ
1163 3307 1231 3372 sive
1253 3306 1452 3386 δημηγορεῖν,
1561 3343 1562 3392 l

266 3407 321 3474 sed
346 3412 442 3476 eliam
468 3410 655 3498 quolidiouo
679 3421 711 3479 el
730 3410 906 3479 domeslieo
926 3431 1073 3478 sermone
1094 3414 1208 3478 [ritum
1230 3419 1279 3478 est
1300 3412 1331 3476 iu
1352 3417 1453 3485 κακῶς

266 3515 441 3597 ἀγορεύειν,
474 3517 632 3601 διαρρήδην
664 3517 821 3601 ἀγορεύειν
845 3528 877 3587 el
899 3516 1076 3586 similibus:
1109 3518 1214 3604 ipsum
1247 3517 1343 3584 elium
1376 3517 1454 3596 οὶγο-
1561 3515 1562 3528 ’

265 3621 339 3704 ρεύιν
364 3623 396 3688 in
422 3642 484 3690 usu
506 3633 574 3690 orel
599 3632 631 3690 el
655 3624 815 3707 ηγύρενον,
842 3635 877 3692 ιιι
902 3627 943 3714 iu
959 3623 1053 3690 Pluto
1080 3628 1163 3692 102:

493 3731 547 3796 ούκ
570 3728 709 3812 ἦγύρενον
732 3728 778 3797 im
803 3729 944 3814 παρέξειν
967 3729 1149 3813 πράγματα

493 3836 663 3916 ἕμέλλεπύν
686 3861 737 3917 μοι
751 3859 763 3914 ,·

271 3937 325 4005 ubi
349 3941 520 4020 ἒμεοιλέπην
551 3941 801 4011 resliluendum.
849 3943 1022 4025 Ἀγορεύσον
1055 3951 1162 4010 autem
1192 3950 1224 4009 el
1247 3941 1400 4022 ἦγύρενπα
1424 3948 1456 4008 el

268 4045 424 4134 quidquid
451 4047 525 4115 lrine
555 4049 645 4116 nasei
678 4059 779 4136 polest
803 4049 887 4136 epurl
912 4047 982 4114 illos
1006 4049 1128 4116 soloeea
1152 4056 1238 4116 sunl.
1287 4048 1457 4114 l’reelerea

269 4152 426 4233 ύγορεύεον
448 4155 490 4227 εἷς
510 4153 689 4237 πούμφανύρ
711 4175 813 4242 neque
836 4155 1001 4241 elegeoler
1021 4173 1125 4240 neque
1145 4152 1224 4220 bene
1244 4152 1367 4222 diolum
1389 4162 1456 4231 esl,

270 4258 346 4344 quia
364 4260 406 4332 εύι
424 4260 603 4344 πούμφανέο
624 4281 697 4326 eum
720 4261 843 4326 dicendi
863 4260 959 4326 verbo
979 4279 1146 4348 perperam
1168 4260 1327 4346 iungitur,
1350 4257 1455 4338 ύγειν,

269 4364 435 4446 προάγειν,
467 4366 630 4436 salicem
660 4368 703 4440 cie
735 4367 914 4448 τούμφανές
947 4377 1034 4434 recle
1066 4364 1198 4432 dioilur.
1245 4364 1457 4447 Ἐξηγύρειιποι
1561 4361 1562 4416 l

269 4470 354 4557 apud
378 4473 591 4540 Arorruuomru
614 4471 670 4540 lli.
696 4474 749 4537 69.
776 4478 805 4538 l.
830 4490 893 4539 non
914 4491 978 4538 uno
999 4471 1128 4539 nomine
1149 4479 1199 4540 est
1222 4469 1458 4558 reprehenden.
