3208 4972
747 381 817 452 tls

179 577 427 662 terpretutiones
456 574 553 643 tinius
584 575 645 644 loni
671 573 751 642 nihii
775 570 863 640 atiud
888 580 919 638 te
943 570 1120 648 docebunt,
1139 587 1236 657 quum
1260 565 1368 636 ionum

178 681 218 747 ιΙι
243 681 474 768 interpretibus
494 701 556 747 non
574 700 645 748 esse
664 677 881 755 intellectum,
906 697 965 744 nee
984 677 1122 753 mirum,
1145 675 1368 764 interpretatio-

176 807 266 862 nem,
298 795 430 854 auetore
466 783 699 865 Qurnemmmo,
733 783 919 869 praecedere
950 783 1040 848 debet
1069 779 1231 851 emendato
1267 778 1366 846 lentim

178 891 334 977 [depunge
357 892 393 957 ἐκ
415 897 468 958 τσῦ
492 892 611 972 θμιθσν,
638 898 748 956 natum
773 909 811 957 ex
838 889 953 955 vieinis
975 885 1187 964 devotiore,
1208 883 1366 954 etseribe

176 997 210 1063 σθ
231 995 290 1062 ἔδει
315 997 399 1076 ἡμᾶς
430 997 482 1062 ὑπ’
507 998 630 1071 ἐκείνοις
659 992 756 1072 εἶναι,
787 996 815 1060 si
840 1013 934 1082 pares
956 1012 1101 1060 essemus
1126 991 1266 1069 uiribus,
1290 989 1367 1078 quid

176 1100 326 1168 attinebat
348 1123 404 1166 noe
432 1101 562 1168 ittomm
592 1102 724 1188 imperio
747 1121 813 1167 esee
835 1100 1009 1167 subiectos?
1044 1117 1131 1164 nuno
1161 1097 1238 1184 quio
1272 1115 1367 1184 peres

177 1225 239 1272 non
264 1225 379 1274 sumus
400 1206 529 1276 iliorum
555 1208 683 1274 iniuriis
708 1225 836 1294 semper
861 1203 1105 1272 imminentibus
1129 1221 1242 1270 sumus
1265 1200 1364 1268 ohno-

177 1313 241 1391 xii,
265 1331 347 1399 ques
375 1309 515 1380 inferent
546 1312 674 1400 quando
703 1312 820 1379 volent.
869 1311 996 1378 sitttn
1019 1310 1220 1397 temperent
1243 1309 1363 1376 linitum

176 1419 240 1484 uim
274 1419 394 1505 inferne
436 1420 559 1506 quondo
600 1419 717 1486 ooooein
753 1439 818 1484 este
851 1415 1024 1493 uidebitur,
1059 1415 1148 1482 nodis
1177 1415 1363 1502 priusquam

176 1523 211 1589 id
232 1523 290 1610 fiot
319 1523 533 1611 quoquomodo
560 1524 688 1592 eooeodi
721 1525 771 1590 ιἰιι
802 1544 868 1590 esee
898 1531 1024 1608 oportet.
1072 1521 1154 1588 Sunt
1186 1520 1264 1587 hoen
1295 1528 1362 1586 tam

177 1648 279 1716 aequo
304 1638 336 1696 et
360 1629 445 1696 iusto
469 1649 566 1715 quum
591 1628 697 1697 [onitin
721 1637 752 1696 et
772 1637 883 1716 operte
907 1627 947 1696 od
971 1626 1226 1712 intelligendum.

224 1734 270 1801 Ad
295 1735 452 1802 Loermuu
479 1734 583 1802 redeo.
609 1737 641 1802 in
668 1738 682 1821 ς
710 1740 765 1801 57.
791 1733 1023 1808 ἀποδεικνύντες
1044 1742 1227 1813 ςικσηγεΐν,
1251 1757 1364 1816 sporn·

177 1840 253 1922 γυύς
277 1839 447 1926 legendum
480 1851 551 1919 est,
579 1853 612 1907 et
634 1844 652 1927 ς
679 1846 732 1908 38.
758 1844 800 1915 εἷς
827 1839 894 1906 ύσσν
917 1839 1048 1908 κίνδυνον
1073 1858 1135 1906 non
1160 1841 1306 1919 κινδύνου,
1331 1848 1363 1906 et

177 1951 274 2036 ςθθ.
305 1947 388 2014 oeteo
419 1946 608 2016 ύπεςέλλεσσ
638 1967 697 2035 pro
719 1947 898 2017 ύσέςελλεν.
946 1946 984 2013 In
1017 1951 1113 2033 547.
1145 1947 1363 2028 συγγίγνωσκέ

178 2075 231 2132 μοι
260 2054 306 2134 pois
338 2050 492 2136 πεφυκότι
528 2054 612 2134 κκκῷ
641 2052 803 2132 γενέσθαι,
835 2052 934 2119 scribi
968 2072 1031 2118 non
1065 2054 1171 2138 potuit
1202 2054 1264 2120 nisi
1301 2051 1365 2120 iltis

176 2157 394 2247 temporibus,
427 2177 528 2244 quum
555 2166 618 2225 toto
646 2158 781 2226 Graeoio
805 2158 966 2245 decrepite
992 2167 1025 2225 et
1047 2156 1161 2225 effoeta
1185 2158 1366 2246 desiperet,

178 2284 282 2351 neque
313 2263 392 2352 quid
423 2271 533 2350 ageret
566 2283 668 2351 neque
690 2263 768 2351 quid
791 2265 980 2350 toqueretur
1001 2282 1078 2352 prae
1101 2265 1191 2331 senio
1214 2267 1294 2332 setis
1317 2266 1364 2331 in·

178 2370 335 2455 tetligeus.
389 2367 514 2436 Veniom
545 2368 621 2436 olim
652 2379 758 2456 petere
789 2369 954 2445 solebant,
986 2369 1013 2436 si
1043 2369 1138 2436 onius
1167 2370 1280 2458 eoipoe
1303 2371 1365 2439 sibi

174 2485 282 2544 esseut
306 2476 447 2552 ennesii,
474 2483 507 2542 ot
533 2475 751 2543 Deuosrumes
775 2475 835 2542 sibi
861 2476 984 2561 ignosoi
1005 2476 1090 2556 ruit,
1114 2473 1160 2543 θσι
1184 2479 1218 2544 σύ
1240 2478 1364 2562 πέφυκε

177 2585 271 2656 noxio
294 2581 448 2662 γενθσθκι.
474 2583 583 2667 itaque
612 2583 712 2648 istum
745 2580 876 2668 quidem
905 2581 1128 2649 lienosruemm
1151 2582 1265 2652 iubens
1290 2586 1364 2652 mis·

176 2709 250 2758 sum
274 2687 367 2755 tuoto.

222 2794 258 2861 ln
285 2793 399 2881 Cynico
431 2798 492 2869 75,
529 2801 557 2858 1.
588 2795 628 2867 oie
658 2791 736 2870 ἄσην
765 2791 954 2872 πᾶμνισλλνν
983 2795 1067 2860 seori
1098 2795 1133 2860 σθ
1156 2794 1281 2874 indotos
1304 2795 1365 2881 φθ·

176 2923 255 2984 σειν,
292 2899 401 2967 neseio
439 2897 599 2985 quomodo
641 2896 768 2965 ioedum
809 2897 867 2964 hoe
903 2897 1018 2965 vitium
1062 2899 1198 2967 Critioos
1234 2900 1365 2988 fugerit.

176 3006 248 3072 ἄσιν
270 3003 410 3072 nondum
436 3023 505 3070 esse
528 3001 733 3070 emendatum
759 3024 821 3070 non
846 3005 961 3081 miror,
985 3006 1179 3085 παμπόλλην
1203 3007 1365 3075 neminem

179 3109 299 3178 vidisse
323 3109 542 3196 reponendum
569 3106 600 3174 id
625 3128 701 3176 vero
719 3107 891 3176 admodum
915 3112 1034 3176 mirum
1055 3119 1115 3180 est.
1130 3116 1231 3190 ·’‘Aon
1252 3122 1285 3180 et
1295 3112 1367 3188 ἄνις

178 3238 197 3284 u
220 3215 338 3283 scribis
358 3215 545 3303 permisceri
571 3213 684 3282 soient.
732 3214 814 3281 Hine
837 3214 923 3282 doeti
945 3214 1070 3303 decepti
1091 3217 1288 3286 imbiberunt
1301 3220 1367 3307 opi·

179 3324 306 3390 monem
334 3320 465 3408 perinde
489 3340 560 3388 esse
584 3329 658 3387 utro
682 3319 776 3386 modo
795 3319 969 3387 scribetur.
1000 3324 1085 3400 Ἀση
1109 3334 1201 3392 vetus
1221 3324 1365 3392 ionicum

178 3426 368 3494 vocabulum
394 3438 444 3495 est
468 3447 525 3514 pro
548 3428 654 3504 λύση,
678 3427 763 3494 eote.
810 3425 922 3494 Hunno.
947 3427 971 3494 l.
1000 3433 1076 3496 136.
1101 3428 1152 3496 i'oo
1174 3431 1209 3509 ἢν
1232 3431 1369 3516 exorato„

180 3533 366 3617 τρεφόμενοι
397 3533 555 3612 μηθεμθκν
585 3531 663 3610 ἄσην
686 3535 729 3616 σῷ
760 3532 855 3615 nomi
885 3533 1064 3620 σρσσβᾶλη.
1100 3535 1154 3601 ubi
1189 3536 1261 3605 vide
1291 3538 1368 3625 quid

179 3639 305 3707 seribee
335 3639 575 3726 designaverint
609 3640 642 3704 in
667 3637 829 3726 plerisque
862 3637 965 3706 tibris.
1014 3641 1096 3708 Hine
1125 3642 1251 3718 ἄσηθεθη
1283 3643 1368 3730 opud

178 3745 317 3814 eundem
343 3745 398 3813 ΙΙΙ.
420 3751 475 3812 tt.
496 3764 554 3831 pro
572 3745 742 3824 ἀλγήσειε,
762 3743 922 3822 λυσηθεθη.
949 3744 1024 3813 hino
1043 3746 1171 3833 tragini
1195 3747 1370 3835 arripiunt.

181 3853 346 3920 Eontrmes
369 3851 479 3919 Medeo
504 3856 580 3918 247.

453 3954 510 4035 ἔξω
537 3958 639 4036 μολὼν
662 3955 781 4024 ἔπαυσε
806 3957 933 4039 noredino
956 3956 1055 4038 ἄσης,

182 4083 262 4153 quos
293 4061 411 4130 deinde
450 4063 619 4130 Attioistoe
650 4063 830 4129 imitantur.
879 4062 922 4131 m
949 4062 1021 4137 doto
1053 4065 1215 4151 signifieat
1242 4069 1371 4147 sordes,

181 4171 433 4250 immunditiem,
458 4175 566 4238 πᾶσαν
588 4171 792 4252 θκιιθιιιεθκν.
819 4172 944 4257 primus
969 4180 1083 4236 noctur
1108 4171 1255 4240 idomenus
1276 4173 1372 4242 Itiod.

185 4285 224 4344 Φ.
240 4282 316 4345 321.
333 4277 446 4354 σθσσην
464 4279 490 4344 σθ
513 4275 582 4344 ἄσιν
602 4277 771 4359 καθύπερθε
794 4277 946 4358 καλύψω,
963 4274 1049 4342 uude
1068 4275 1163 4343 multi
1178 4279 1375 4348 recentiores

185 4391 298 4470 poetae
318 4391 350 4450 et
372 4384 527 4468 poetastri
541 4391 753 4463 sumserunt,
775 4382 890 4450 deinde
910 4381 964 4449 olii
978 4401 1105 4470 qunque
1124 4386 1268 4472 priscum
1283 4404 1375 4451 voea-

185 4489 300 4557 bulum
328 4508 503 4576 recoquere
525 4498 722 4577 coeperunt,
747 4497 781 4558 nt
804 4488 953 4557 Graeculi
978 4490 1126 4575 ignotum
1152 4490 1213 4556 sibi
1238 4489 1377 4556 vocabu-
