3204 4978
818 379 888 455 288

252 605 310 648 σοον
333 559 404 664 ἔλθῃ
427 579 626 648 confidenter
648 579 771 647 videbis
788 584 999 668 reponentes,
1021 573 1165 656 addunt,
1190 575 1325 642 demunt
1344 569 1446 662 quoti-

252 687 330 753 liltet
353 694 385 752 et
411 687 605 773 interpolant
636 696 668 753 et
700 686 815 752 vitiant
844 683 1005 751 arbitratu
1033 702 1092 749 suo
1125 680 1284 770 quidquid
1316 681 1357 746 ils
1381 700 1444 746 non

252 793 332 858 satis
354 791 431 857 beue
450 801 507 858 aut
527 791 695 860 commode
713 791 835 858 dictum
857 789 996 857 videtur.
1044 789 1076 855 Si
1101 787 1178 875 quid
1204 789 1243 854 iis
1267 785 1444 854 absurdum

253 896 381 964 violetur
415 907 571 965 annotant
602 899 742 978 θλογθοο,
780 895 864 985 quael
897 893 1086 962 vocabulum
1122 896 1154 958 iu
1190 895 1335 960 Aurariae
1369 912 1444 958 aum

253 1003 350 1070 verbo
380 1003 542 1087 οοφθζοτοοο
567 1007 611 1070 ita
636 1006 845 1070 coniunctum
871 1011 938 1080 est,
964 1011 999 1068 ut
1022 999 1120 1084 οοφθοο
1146 999 1308 1083 nattam
1333 1019 1445 1066 nasae·

253 1120 352 1177 retur.
401 1110 480 1178 vite
515 1111 646 1177 Cunnum
680 1111 855 1198 Spatapmo
889 1109 927 1174 tle
961 1107 1082 1173 rotiana
1113 1105 1299 1173 amandandi
1333 1126 1362 1192 p.
1389 1109 1443 1172 te.

252 1217 287 1282 lu
321 1216 466 1283 lironrsm
500 1217 607 1284 Hatra.
641 1216 665 1284 l.
696 1222 747 1284 rt.
783 1235 839 1302 pro
870 1215 1126 1298 οἰκοφθορηθεῖσαι
1160 1213 1192 1278 in
1225 1213 1387 1280 nonnullis
1407 1210 1445 1277 li·

253 1321 320 1387 ltris
341 1332 390 1388 est
414 1323 655 1407 οθκθφθοβοθρρων
679 1325 827 1406 ῥηθεῑοοιι,
854 1320 938 1388 uude
972 1329 1066 1386 natae
1089 1328 1165 1386 sunl
1199 1319 1381 1407 scripturae
1404 1321 1443 1386 al·

252 1429 403 1512 κοφθόρων
430 1429 631 1512 aepularer,
663 1429 841 1512 οἰκοφθόρον
869 1429 1054 1510 soporatam
1078 1435 1111 1494 el
1136 1427 1344 1494 Reisitianutu
1370 1427 1445 1494 aiat·

251 1534 366 1619 φθθρωο
398 1538 611 1616 parentelam.
661 1537 724 1602 llas
759 1535 870 1601 turbas
903 1535 1054 1600 innoxius
1078 1534 1118 1600 Μ.
1142 1533 1314 1600 Tauranus
1342 1531 1446 1598 Venno

252 1639 361 1721 teuit,
386 1642 442 1726 qni
467 1640 618 1708 laudatus
652 1641 683 1706 in
709 1641 856 1729 sequenti
890 1660 984 1708 versu
1009 1649 1041 1708 et
1066 1640 1099 1704 in
1126 1641 1271 1725 margine
1295 1638 1334 1705 de
1357 1657 1446 1705 more

253 1755 382 1812 natatus
415 1748 499 1813 inter
521 1748 643 1832 οἱκοφθο
663 1758 759 1814 -et
784 1750 918 1830 οοθεῑοοοο
940 1744 1175 1813 incommodam
1201 1755 1233 1814 et
1260 1743 1442 1811 indecoram

253 1851 630 1938 sedemaeaupavi13et
658 1873 773 1939 nragna
807 1864 856 1920 est
891 1853 1001 1919 talium
1028 1853 1131 1941 eopia.
1181 1851 1299 1918 italum
1328 1849 1387 1916 hoo
1412 1851 1445 1915 iu

252 1956 345 2024 liltris
375 1958 538 2025 crescebat
571 1961 604 2025 iu
635 1959 742 2037 dieru,
774 1969 804 2027 et
832 1968 862 2025 ut
891 1961 1029 2048 quisque
1052 1967 1100 2025 est
1126 1957 1370 2025 recentissimus
1399 1957 1446 2022 ita

255 2062 521 2131 mendosissimus
545 2084 614 2131 esse
639 2066 738 2144 salet,
764 2065 819 2131 setl
841 2065 948 2132 trullus
969 2072 1017 2132 est
1037 2067 1179 2153 scriptus
1202 2062 1283 2130 liber
1307 2072 1373 2129 tam
1394 2082 1447 2129 ne·

253 2178 325 2249 tus,
352 2177 418 2235 tam
444 2169 564 2250 bouus,
582 2171 660 2258 quin
682 2169 815 2237 eattdem
839 2171 941 2238 labem
963 2172 1039 2237 olim
1062 2170 1218 2246 senserit,
1242 2166 1446 2256 quam-vide·

253 2295 326 2340 mus
351 2275 382 2341 in
408 2276 612 2363 sequioribus
636 2296 763 2365 semper
787 2277 988 2364 gliscentem.
1037 2277 1102 2344 liae
1128 2279 1233 2364 ipsum
1258 2285 1364 2343 autem
1395 2286 1446 2342 est

252 2382 471 2449 certissimum
491 2382 747 2471 interpolationis
768 2384 922 2452 intlieium
935 2435 943 2462 ,
957 2403 1056 2472 quum
1070 2382 1144 2449 libri
1158 2383 1356 2469 antiquiores
1367 2401 1445 2448 aum

253 2487 486 2555 recentioribus
514 2489 682 2576 compositi
707 2489 911 2556 manifestam
936 2485 1080 2556 fraudem
1113 2487 1238 2555 iaoiunt
1262 2497 1294 2554 et
1317 2486 1446 2553 allita-

252 2601 358 2660 nneuta
384 2593 506 2662 insulsa
539 2604 571 2662 et
595 2596 732 2682 puerilia
764 2597 950 2682 sequiorum
976 2603 1157 2682 temporum
1182 2593 1361 2661 amittenda
1392 2612 1446 2659 ar·

250 2709 367 2787 guuut.
426 2701 530 2782 Quam
565 2702 668 2768 multa
705 2702 896 2768 ernlrlemata
932 2701 1033 2769 Codex
1079 2703 1289 2769 lienosraems
1322 2699 1445 2766 Porioi·

250 2828 309 2873 nar
332 2806 374 2887 S,
408 2817 488 2896 quat
519 2807 783 2895 interpolationes
807 2811 916 2895 argmt
940 2807 1049 2874 solusi
1074 2827 1170 2895 quam
1198 2807 1299 2874 multa
1322 2806 1443 2873 lsocna·

250 2933 297 2978 ms
325 2913 460 2980 Urbinas
485 2925 540 2979 aut
562 2915 699 2981 urosrsn
730 2913 834 2980 Home.
863 2913 944 2982 liber
972 2914 1163 2982 Vaticanus?
1200 2912 1442 3002 utplurimum

250 3018 359 3098 abest,
387 3028 421 3084 ut
447 3021 507 3106 ipsi
541 3020 605 3086 sint
634 3023 704 3087 sine
735 3022 821 3086 vitiis
853 3019 1101 3087 eiusdemmodi:
1134 3021 1276 3107 optimus
1302 3016 1354 3084 ille
1377 3027 1443 3095 est,

249 3125 306 3213 qui
332 3127 476 3191 minimis
500 3137 651 3211 urgetur:
678 3125 736 3192 hoa
772 3125 908 3204 habeut,
935 3135 971 3192 ut
1001 3126 1193 3193 emblemata
1226 3123 1379 3212 indagare
1410 3132 1443 3192 et

250 3229 377 3295 odorari
409 3231 564 3296 eluentis
596 3233 739 3318 vestigiis
770 3231 1010 3319 deprehendere
1040 3239 1071 3298 et
1104 3231 1303 3317 deprehensa
1328 3229 1439 3298 tollere

251 3335 386 3401 doceant
409 3344 441 3402 et
464 3337 590 3403 animos
611 3335 731 3404 addant
754 3338 810 3413 iis,
832 3340 886 3426 qui
908 3337 1046 3425 ineptias
1066 3357 1267 3424 eattaoqnere
1288 3357 1348 3402 non
1372 3355 1440 3422 pas·

249 3442 326 3508 siut.
375 3441 481 3507 Palam
506 3441 629 3536 iaeiunt
655 3442 925 3531 quemadmodum
950 3446 1011 3510 ista
1034 3443 1253 3512 additamenta
1276 3443 1440 3520 oriantur,

251 3569 312 3636 qua
337 3547 411 3614 sede
435 3547 588 3615 libentius
613 3547 781 3625 haereant,
807 3561 842 3617 ut
866 3571 936 3618 sese
962 3551 1124 3616 insinuent
1145 3559 1177 3616 et
1195 3547 1378 3616 clanculum
1399 3549 1441 3613 ir-

249 3664 383 3742 repant,
408 3663 441 3720 et
465 3675 581 3742 magua
606 3657 697 3743 eopia
721 3655 863 3723 locorum
889 3656 1133 3724 emendatorum
1157 3664 1253 3722 nauto
1277 3664 1309 3720 et
1332 3655 1440 3741 sagaci

251 3760 374 3828 Critiuo
392 3771 483 3826 notas
501 3762 656 3848 quasdam
679 3771 710 3828 et
733 3762 852 3830 indicia
875 3763 1064 3829 tenuissima
1086 3761 1140 3830 setl
1162 3771 1250 3829 certa
1266 3770 1441 3840 monstrat,

250 3868 368 3953 quibus
393 3876 499 3935 teneat
525 3866 669 3935 irarttlem
695 3877 726 3936 et
751 3868 865 3936 saiolos
890 3870 1071 3936 convineat.
1110 3868 1200 3934 [laeti
1227 3867 1373 3934 hmniues
1394 3867 1442 3933 ni·

251 3975 352 4040 urium
388 3976 548 4060 patienter
579 3974 729 4062 pleraque
762 3978 822 4042 ista
853 3975 939 4042 lerre
964 3974 1084 4042 solent:
1110 3974 1193 4062 quud
1220 3972 1377 4060 frigidum
1410 3981 1443 4040 et

249 4078 409 4146 insulsum
434 4089 484 4147 est
515 4081 622 4148 verbis
653 4083 826 4169 mitigant,
860 4083 956 4149 etium
988 4082 1064 4148 alilti
1091 4103 1151 4148 non
1185 4081 1354 4148 dissimilia
1379 4079 1440 4166 legi

249 4185 464 4263 contendunt,
484 4197 516 4254 et
536 4186 686 4254 attruibus
700 4188 804 4254 tnadis
817 4189 848 4254 iu
862 4188 1124 4277 praeclarissimo
1142 4209 1270 4275 quoque
1282 4187 1442 4274 scriptura

248 4292 372 4360 elevant
398 4300 430 4358 et
449 4303 623 4372 excusant,
648 4315 729 4381 quae
755 4297 785 4359 iu
805 4297 874 4361 suis
891 4296 1026 4382 quisque
1047 4295 1178 4382 seriptis
1199 4313 1376 4381 numquam
1392 4302 1441 4359 tn·

249 4399 383 4478 iissent,
408 4410 465 4464 aut
489 4399 595 4487 inepte
628 4402 763 4487 repetita
795 4411 851 4468 aut
881 4401 1049 4489 pueriliter
1080 4400 1249 4488 explicata.
1301 4397 1340 4466 Ut
1364 4405 1442 4465 sunt

250 4503 409 4592 cuiusque
439 4505 553 4572 Graeci
585 4505 754 4593 scriptoris
782 4506 914 4574 Codices
938 4506 1134 4594 antiquitate
1157 4516 1190 4573 et
1214 4503 1276 4572 ute
1300 4503 1439 4572 multum
