3204 4978
723 355 795 426 839

162 549 279 618 ίταιαα
302 547 471 628 dicebant,
503 557 536 616 et
566 549 693 628 τλήξω,
726 546 863 628 ἔτληξα,
896 555 928 612 ot
958 548 1064 629 τύψας
1096 557 1126 614 et
1158 545 1348 624 τετυμμένος

164 656 326 746 (descura.
358 653 491 720 dumea.
517 659 593 722 609.
616 655 763 740 ξυμφορᾷ
787 652 989 742 τετυμμένος)
1022 662 1054 720 et
1086 671 1180 739 saepe
1215 652 1349 726 ε’τύαννι

162 767 320 840 τιννήναι
346 769 377 825 et
402 761 544 840 ,τλήνείς
568 767 601 828 et
626 759 818 839 τέτννμμαι
842 757 927 846 aprud
958 778 1012 824 eos
1036 760 1148 826 orelrra
1174 765 1267 834 susat,
1293 755 1349 824 sed

163 865 284 939 addant
309 866 462 940 ταισίείς.
513 864 674 934 Enernroas
705 862 816 932 ἔτυτιν
839 864 959 932 dixisse
989 863 1117 934 videtur
1141 870 1172 932 in
1201 863 1277 936 loos
1301 883 1349 931 vs.

164 976 248 1052 767,
274 970 329 1040 uti
353 979 418 1041 tres
442 979 518 1038 sard
544 968 704 1038 dochmii:

297 1109 450 1181 διανταῖος
475 1104 586 1174 ἔτυπεν
610 1106 701 1173 ύδύνα
724 1131 766 1188 με
791 1103 964 1186 πνευμόνων
987 1107 1074 1174 τῶνδ’
1099 1105 1167 1173 ἔσω.

161 1358 209 1418 est
234 1350 265 1415 in
291 1348 457 1416 Sontrocers
481 1349 633 1437 Λαύρωνα
658 1369 703 1415 rs.
732 1351 828 1415 1308.

436 1485 576 1554 alatores
598 1484 699 1569 φίβῳ.
725 1485 758 1552 τί
779 1487 815 1563 μ’
839 1487 892 1552 ιύιι
916 1484 1049 1552 ἀνταίαν

435 1589 561 1659 ἔπαισεν
581 1614 628 1666 τις
652 1591 840 1674 ἀμφιθήκτῳ
861 1589 959 1674 ξίφει.

163 1710 224 1781 Sed
252 1711 333 1779 nrale
354 1709 497 1779 deseruit
519 1732 613 1780 arsum
638 1710 787 1799 loquendi
809 1719 845 1778 nt
865 1710 1009 1780 fallacem
1030 1710 1210 1797 analogiam
1226 1711 1355 1776 incaute

164 1827 371 1904 sequeretur:
401 1817 520 1886 ἔπαισα
551 1819 685 1886 ἀνταίαν
719 1826 751 1884 et
786 1819 920 1884 ἀνταίαν
955 1818 1069 1895 έτύτνν
1098 1816 1177 1883 berre
1212 1816 1353 1896 habent,

163 1920 274 1990 έτντνν
304 1922 383 1990 oilril
412 1934 462 1992 est
493 1934 525 1991 et
558 1943 630 1990 eam
659 1922 797 1989 lornram
823 1924 969 2010 analogia
996 1925 1118 2011 pariter
1141 1934 1173 1991 et
1200 1943 1279 1990 usus
1303 1941 1357 1989 re·

163 2037 296 2115 struunt.
346 2029 491 2096 Peccavit
518 2031 637 2116 igitur,
672 2036 708 2096 ut
737 2031 920 2098 descernere
952 2029 1094 2098 vidimus
1117 2031 1151 2096 in
1180 2031 1255 2104 κίεις
1281 2049 1355 2116 pec·¹

164 2145 313 2212 cantero,
332 2145 364 2201 et
376 2137 563 2223 saepissime
577 2134 685 2204 videre
703 2145 753 2203 est
768 2144 945 2222 poetastros
959 2136 1191 2204 Alexandrinos
1204 2154 1355 2223 peccare,

163 2242 219 2326 qui
246 2241 414 2327 antiquam
440 2241 584 2327 linguam
609 2250 718 2308 vatum
741 2242 920 2309 lonicorum
947 2243 1104 2310 laboriose
1130 2241 1252 2314 referre
1271 2249 1357 2308 sata-

148 2343 300 2442 poliant,
322 2345 379 2414 sed
403 2348 434 2412 in
459 2367 496 2414 ea
522 2367 555 2413 re
581 2346 754 2414 identidem
788 2349 995 2435 impingunt,
1023 2357 1058 2415 ut
1081 2347 1291 2415 Gaecrsncnns
1320 2347 1354 2414 io

164 2451 304 2518 Dianam
329 2473 373 2520 rs.
405 2457 445 2518 61
477 2453 656 2534 dederatis
687 2455 870 2528 τετύτνιτες
895 2457 1033 2542 pessime
1057 2464 1090 2522 et
1114 2452 1202 2521 nullo
1223 2461 1356 2520 anctore

163 2559 298 2645 scripsit
321 2579 379 2645 pro
401 2560 580 2633 τύπτοντες.
617 2560 709 2647 Aprud
732 2561 880 2627 Honeoes
901 2561 1028 2632 τύπτειν
1047 2571 1078 2630 et
1097 2561 1233 2658 βάιιιιειν
1247 2560 1290 2626 ita
1306 2561 1357 2625 in-

164 2671 213 2730 ter
232 2683 270 2754 se
286 2674 511 2750 opponuntur,
534 2675 569 2734 ut
590 2665 648 2732 lroc
667 2667 709 2732 sit
728 2665 867 2740 eoa'nar.
893 2665 971 2733 illud
992 2667 1134 2734 eominus
1148 2666 1266 2754 scrire,-
1281 2673 1355 2731 nota

163 2778 240 2838 sunt
268 2771 351 2858 apud
386 2791 460 2838 ιιιιιιι
489 2772 597 2854 τύψας
628 2774 661 2850 ήὲ
688 2772 813 2851 βαλών,
844 2772 999 2851 βλήμενος
1024 2774 1057 2848 ήέ
1081 2771 1209 2848 τυπείς,
1233 2771 1251 2848 ή
1275 2770 1352 2852 δευρί

162 2876 272 2955 renale
297 2877 314 2954 ή
338 2877 495 2963 βιιήμενας
522 2880 572 2962 ici,
596 2878 709 2957 simil„
733 2877 804 2944 vide
837 2879 994 2946 Lenssrmr
1021 2878 1060 2945 de
1092 2876 1267 2944 Aristarchi
1292 2888 1354 2942 ειν·

161 2988 224 3070 diis
246 2983 424 3052 Homericis
448 3004 478 3070 p.
510 2987 564 3050 62.
613 2984 705 3071 dpnd
739 2984 925 3050 llenooormr
956 2981 1053 3064 ἔτυψε
1083 2982 1201 3069 legitur
1221 2981 1276 3049 ΙΙΙ.
1300 2985 1354 3057 64,

162 3089 347 3173 Καμβύσεα
377 3089 474 3173 ἔτυψε
506 3091 687 3170 ήάλήύνίν
719 3097 777 3158 τῶν
804 3088 928 3169 λύγων,
965 3099 995 3156 et
1032 3098 1101 3176 post
1134 3108 1235 3175 pauca
1259 3085 1297 3162 ύς
1329 3089 1355 3155 cl

163 3199 264 3284 καιρίῃ
289 3195 370 3274 tiele
401 3196 575 3278 τετύφθαι,
616 3197 648 3261 in
681 3216 744 3282 quo
775 3194 844 3262 loco
871 3193 1077 3270 manifestum
1104 3196 1217 3262 virtum
1250 3195 1355 3270 inest,

165 3302 251 3391 quod
275 3322 340 3389 quo
364 3299 479 3368 melius
501 3307 656 3390 appareat
678 3309 711 3368 et
734 3301 872 3368 certiore
895 3300 1119 3368 emendatione
1150 3300 1283 3368 tollatur
1308 3321 1359 3368 res

166 3407 340 3498 repetenda
361 3415 409 3472 est
431 3405 525 3493 paulo
546 3405 654 3474 altius.
703 3407 864 3474 Graecum
888 3417 936 3474 est
960 3407 1068 3475 τύττω
1089 3409 1160 3474 τινά
1180 3408 1307 3486 ranerio
1326 3415 1359 3474 et

165 3514 317 3597 τννμάς,
339 3522 373 3579 ut
399 3512 482 3578 νύσνν
506 3519 593 3590 νοσῶ,
618 3514 728 3597 φεύγω
752 3515 878 3596 φυγήν,
906 3533 1061 3600 namque.
1083 3521 1119 3580 nt
1143 3533 1240 3600 supra
1264 3513 1360 3580 rerlro

164 3621 327 3698 diximus,
353 3639 414 3684 narr
447 3627 497 3684 est
525 3637 639 3686 nomen
672 3619 821 3687 οτύττω
848 3629 978 3696 ιννιιιιιι,
1002 3619 1086 3708 quod
1112 3621 1209 3690 verbo
1232 3640 1360 3706 respon·

162 3729 258 3812 ptem,
284 3724 340 3794 secl
370 3723 502 3794 aliunde
532 3733 733 3805 aeserniam,
761 3735 796 3792 ut
819 3726 884 3800 ἀδίς
906 3736 939 3792 ot
962 3727 1139 3814 composita
1163 3726 1260 3794 verbo
1283 3726 1360 3796 ίὲναι

165 3845 199 3908 el
221 3831 411 3920 compositis
429 3826 621 3918 respondent
642 3832 674 3900 in
697 3831 774 3900 ἰέναι
793 3831 875 3906 tito.
896 3831 994 3910 έξνδιν
1014 3831 1141 3910 ἐξιέναι.
1164 3832 1287 3908 rooth
1307 3855 1362 3900 τε·

165 3941 277 4026 pedicae
301 3938 484 4020 περιελθεῖν,
508 3956 612 4023 neque
640 3936 717 4023 quid
744 3939 785 4003 sit
810 3937 933 4017 μέθοδος
957 3938 1094 4024 intelligi
1120 3939 1213 4026 [νίιιιιω
1237 3947 1361 4025 potest,

168 4047 231 4113 nisi
254 4045 352 4126 ,scias
384 4043 424 4108 ad
460 4043 616 4113 amussim
649 4061 764 4110 nornen
801 4043 831 4110 id
862 4044 959 4112 verbe
986 4044 1127 4124 μετιέναι
1160 4043 1361 4133 respondere.

169 4153 283 4239 ltaque
307 4150 427 4217 Graece
448 4148 621 4216 dicendum
646 4157 715 4227 est,
742 4157 777 4215 ut
802 4152 955 4216 Aaronom
979 4149 1062 4218 dixit
1086 4172 1116 4238 p.
1145 4157 1224 4232 127,
1251 4157 1287 4218 13
1311 4151 1364 4219 rte

170 4255 275 4340 ἀνδρα
298 4259 455 4338 rpoream
482 4256 612 4323 -τύττειν
632 4256 702 4329 ’τάς
734 4255 866 4336 τλννάς
899 4254 933 4335 ἐξ
963 4252 1001 4324 ὧν
1024 4257 1191 4336 ἀτίύανεν,
1216 4265 1248 4325 et
1274 4262 1366 4326 dors·

169 4363 383 4432 roensnesin
410 4359 491 4428 Poco
516 4381 563 4427 vs.
588 4365 668 4428 644.

253 4559 256 4570 Ι
308 4469 332 4532 ol
356 4467 389 4533 δὲ
412 4468 471 4542 τάς
495 4469 624 4548 starioc
648 4467 786 4554 ipsimae,
810 4459 849 4544 ἀς
876 4467 1039 4546 έτύατεύ,
1063 4470 1089 4535 ri
1113 4469 1210 4549 ξέναι,
1299 4537 1303 4545 ,
