3204 4978
752 311 821 382 295

190 526 316 582 ρονσεο,
342 506 386 570 ita
411 502 542 572 deinum
566 505 699 578 retineri
721 505 838 591 poterit
857 503 996 584 οίνίνινν,
1022 505 1049 570 si
1069 525 1150 591 quas
1170 505 1377 588 aliasrirper

190 609 333 688 γονίμους
362 629 433 676 esse
466 611 636 686 constabo.
674 609 755 680 Nota
777 620 852 678 sunt
878 611 1043 698 proverbia
1069 613 1154 678 κοινοὶ
1178 614 1267 678 nitor
1291 615 1379 680 οπεί·

188 739 267 796 ρειν,
296 717 383 782 ιιοιποὶ
413 723 528 798 πετρῶν
561 717 712 798 σπείρειν,
748 717 832 782 nord
861 715 1025 784 Odoacrem
1048 719 1200 800 corripere,
1231 719 1379 798 οιίγιοιλὸν

189 822 299 902 οίροῦν,
325 821 443 908 quibus
463 823 537 909 quis
557 843 709 910 umquam
729 821 866 901 οίγίνιον,
893 823 940 890 rel
953 823 1082 902 οίνονον,
1107 825 1381 911 adiiciatpraater

189 926 387 994 Graeculos?
424 932 485 1006 68,
519 933 576 1022 150.
612 927 732 1014 legitur
765 927 801 994 πὸ
834 937 889 1005 τῆς
921 932 1027 1010 κυνὸς,
1060 929 1077 1006 ἢ
1109 930 1180 998 οὔτε
1212 929 1292 1006 edelr
1322 936 1381 996 τῶν
1444 995 1447 1002 ,

189 1035 291 1115 ιιριίῶν
315 1033 404 1100 ἐσθίει
427 1033 496 1100 οὔτε
520 1037 562 1117 σῷ
585 1031 670 1116 ίππιρ
696 1033 866 1120 [δυναμένῳ
890 1035 1022 1124 poyeio]
1050 1035 1217 1118 ἐπιτρέπει.
1243 1039 1303 1114 69,
1329 1039 1379 1100 15.

188 1140 273 1214 ἐνίοις
296 1141 326 1208 δὲ
351 1140 403 1206 nat
428 1143 445 1218 ιί
470 1141 592 1208 δονλείοι
616 1135 698 1222 βὀιρὺ
719 1141 770 1206 nal
800 1138 912 1229 [ὥσπερ
937 1139 986 1208 οὖν
1006 1142 1082 1229 ἐςίν]
1108 1142 1261 1225 ἀφόρητον
1285 1142 1380 1223 ε’Φοιί-

132 1245 139 1253 ’
188 1269 272 1322 νεοο,
305 1256 390 1312 recte
423 1245 475 1312 ille
506 1244 634 1334 quidem
668 1245 789 1312 iudicat
815 1247 963 1333 quisquis
986 1257 1055 1326 est,
1080 1247 1133 1313 sed
1161 1267 1222 1314 non
1248 1257 1283 1313 ut
1307 1248 1378 1312 eins

189 1350 285 1434 rerba
317 1351 488 1418 aniaoeis
521 1353 730 1418 misceantur.
766 1355 825 1428 70,
850 1357 904 1419 56.
936 1354 1147 1432 οίνοιμνιίοίνσι
1172 1355 1223 1420 σὸν
1248 1351 1378 1432 Ἰξίονοι,

136 1451 143 1462 ’
188 1453 219 1531 ir
255 1454 419 1546 [ιἰξιιοίείς]
453 1465 551 1534 κοινῆς
584 1455 736 1560 σροοπέζνρς
766 1455 894 1535 οίξίιομοι
916 1457 979 1524 ίοσν
1001 1458 1083 1540 ἔχων
1107 1461 1198 1539 ὑμῖν,
1224 1477 1264 1524 ue
1288 1457 1379 1522 dubi-

188 1570 238 1629 tes
261 1583 444 1648 expungere
469 1563 590 1650 inspice
616 1563 771 1640 boninus
799 1561 926 1630 Oresten
957 1584 1003 1631 vs.
1029 1570 1060 1630 9.
1109 1565 1143 1630 ln
1170 1563 1380 1632 haecomnia

188 1667 328 1753 digitum
355 1667 530 1737 intendisse
554 1670 633 1736 satis
656 1677 715 1736 est.
764 1667 898 1734 Mirifice
918 1669 1039 1736 arridet
1060 1669 1144 1756 quod
1167 1689 1217 1736 me
1240 1669 1380 1750 Hrnscm-

189 1793 256 1840 oms
282 1793 373 1840 meus
396 1773 565 1842 admonuit
590 1781 649 1854 10,
680 1781 737 1856 15,
764 1781 796 1842 l.
823 1776 876 1842 ubi
900 1775 1028 1863 copulat
1047 1776 1248 1854 Aristoteles
1273 1794 1379 1841 nrona·

190 1878 287 1946 cllum
312 1881 538 1968 nescioquem
564 1891 620 1948 aut
647 1881 839 1949 Graeculum
866 1881 1077 1969 adscripsisse
1101 1883 1157 1962 ἐμὲ
1180 1883 1269 1962 μόνον
1293 1879 1382 1946 ίοσον

188 1987 231 2053 σοὶ
264 1986 472 2069 Ἀρισοπέλονε
504 1987 633 2066 είδίνοιι,
664 2007 746 2074 quae
778 1987 874 2054 verbo
904 2009 990 2056 uuile
1015 1989 1094 2054 satis
1117 1987 1256 2055 absurde
1280 1986 1319 2052 ab
1345 2006 1382 2052 eo

190 2092 361 2171 dicuntur,
386 2093 441 2179 qni
466 2092 616 2166 omnibus
636 2092 816 2181 opprobriis
839 2094 1045 2162 Aristotelem
1066 2093 1169 2182 palam
1193 2096 1381 2165 insectatur.

192 2198 321 2266 Videbis
352 2201 449 2266 etiam
481 2199 556 2266 alibi
590 2200 765 2268 Graeculos
791 2200 996 2269 Aristotelem
1021 2209 1053 2266 et
1078 2209 1222 2268 caeteros
1248 2199 1381 2286 philoso-

192 2304 271 2393 pbos
302 2305 342 2371 ab
375 2305 499 2372 Lucrum
528 2306 607 2372 iocis
639 2315 672 2372 et
701 2305 847 2373 dicteriis
872 2305 1082 2374 vindicantes.
1131 2307 1258 2392 Insigne
1283 2305 1381 2372 buius

191 2411 238 2484 rei
261 2411 442 2498 enernplum
468 2421 518 2478 est
542 2413 574 2476 io
600 2410 730 2478 scholiis
751 2433 781 2500 p.
802 2418 857 2480 91.
881 2413 934 2479 ubi
956 2415 1060 2479 iratus
1081 2411 1257 2480 Graeculus
1277 2412 1381 2479 bocru·

192 2537 253 2584 uon
276 2519 413 2604 castigat
438 2516 619 2584 Stoicorum
644 2519 753 2606 spinas
777 2529 809 2585 et
832 2521 867 2586 rb
892 2518 1056 2600 σίμβοιμοι
1079 2520 1131 2584 κοί
1155 2517 1192 2584 πὸ
1215 2517 1381 2598 ποιροισιίμ·

190 2623 456 2704 {daea-suaviter
479 2622 649 2691 ridentem.
674 2626 749 2690 riun'
772 2625 980 2706 ἐπιτριβείης,
1008 2622 1028 2689 ὦ
1053 2623 1232 2706 κοιποίροιπε,
1258 2624 1381 2712 inquit,

191 2730 299 2801 ποίιποι
332 2731 460 2812 ρελοίιοο
492 2731 549 2796 ὑπὸ
581 2733 636 2808 τίνι
667 2737 815 2812 γλῶσσαν
846 2731 964 2815 ςρίφιον
996 2733 1048 2796 nul
1080 2731 1123 2796 σοὶ
1154 2730 1241 2813 σοφοὶ
1271 2728 1381 2796 ποίντιι

190 2845 254 2910 σοῖο
281 2837 481 2917 πιιιννιοίδεσι
505 2837 743 2919 παραβάλλων,
770 2836 885 2905 deinde
909 2857 945 2903 ee
970 2835 1058 2902 addit
1083 2857 1165 2924 quae
1189 2856 1230 2901 ne
1254 2835 1382 2902 Stoicus

191 2941 322 3030 quidem
354 2943 425 3010 sine
456 2963 575 3011 nausea
604 2943 697 3030 legat.
745 2943 780 3010 ln
807 2949 848 3026 1,
874 2948 904 3010 8.
929 2944 1009 3010 elice
1033 2941 1130 3010 λοίλον
1152 2941 1255 3024 ὄρνεον.
1282 2949 1320 3020 6,
1346 2949 1377 3010 t.

195 3047 377 3138 [οίιιίλοιιίοι]
401 3057 456 3124 ric
480 3049 630 3134 ρ’ροίυμίοις
654 3049 831 3133 ποὶπίχειροι
854 3048 984 3131 κομίζει.
1011 3055 1040 3116 b.
1063 3055 1125 3128 35,
1149 3048 1213 3116 οίοιν
1230 3074 1271 3129 με
1288 3045 1381 3116 odrae

189 3156 358 3238 ιίπολείψιι
382 3156 533 3244 [abrutin]
557 3154 719 3238 σίνερρον,
744 3166 777 3222 et
801 3155 966 3222 simillima
992 3161 1030 3232 8,
1056 3161 1093 3232 4,
1120 3161 1152 3222 4.
1179 3165 1211 3222 et
1236 3161 1298 3232 66,
1326 3161 1379 3222 13.

193 3259 258 3331 illic
289 3256 347 3338 οἶοι
377 3258 408 3328 εί
434 3261 473 3328 σοί
506 3259 595 3350 [οὕτω
627 3262 761 3350 candel,
795 3261 847 3330 hio
879 3258 937 3328 olor
961 3263 1000 3330 ίιν
1028 3263 1078 3352 [ὡς
1103 3263 1285 3352 soraterra]
1312 3263 1381 3342 βίον

191 3367 368 3448 ἒπεβίιισοιι
400 3365 516 3434 deinde
547 3374 566 3434 b
600 3374 617 3456 §
643 3373 686 3442 66
716 3377 748 3434 el
780 3375 834 3435 67.
865 3369 991 3448 μοίλιςοι
1025 3369 1120 3454 (adde
1150 3371 1220 3459 μὲν)
1253 3373 1296 3444 είς
1326 3369 1382 3444 πίον

191 3473 358 3541 ίοίλοιτσσι
391 3473 546 3552 ἕμβοιλιίς
577 3476 727 3542 οιύσίν-
742 3477 767 3542 εί
792 3474 823 3541 δὲ
846 3478 890 3556 μίν
919 3475 1021 3564 [sobre
1046 3475 1193 3566 βούλει]ι
1219 3481 1258 3556 9,
1284 3481 1322 3554 2,
1348 3480 1379 3542 4.

194 3589 325 3647 auctore
362 3579 595 3646 linusrmousro
631 3579 759 3646 tandem
795 3581 1000 3669 expellantur
1046 3582 1093 3671 [rb
1129 3582 1233 3665 σώζειν
1269 3583 1381 3656 οοίποὺς

194 3686 247 3752 nul
271 3685 460 3776 ἄπολλιίιοιι]
487 3695 519 3753 et
548 3691 604 3764 10,
629 3690 668 3765 6,
694 3691 724 3752 2.
753 3686 920 3776 [πολλοίιιις
940 3688 1089 3776 ε’κφὲρει].
1137 3689 1173 3755 lu
1198 3695 1237 3767 9,
1266 3694 1323 3766 15,
1352 3697 1380 3756 i.

194 3792 249 3861 κοιί
280 3792 330 3861 διὰ
359 3798 449 3862 τοῦτο
479 3802 629 3876 παρεῖχεν
664 3793 822 3883 [inerim.
868 3795 985 3862 Notum
1020 3805 1069 3862 est
1101 3797 1134 3862 in
1167 3817 1201 3862 re
1225 3796 1383 3862 amatoria

193 3897 343 3983 ποιρίχειν
373 3901 579 3988 ιιοοιίρονονί,
604 3901 723 3966 omisso
747 3903 955 3987 pronomine,
987 3910 1023 3967 ul
1047 3907 1111 3982 67,
1137 3909 1179 3981 6,
1205 3907 1236 3970 l.
1261 3901 1383 3984 ποίρεχε

192 4011 279 4088 γοῦν.
328 4005 495 4074 Praeterea
527 4005 677 4088 πορίχειν
705 4005 828 4080 dicitur
860 4010 915 4094 qui
948 4007 1071 4078 medion
1102 4028 1220 4096 corpus
1253 4007 1383 4096 praebet

190 4110 367 4210 secandum
394 4112 441 4180 vel
465 4112 623 4180 urendum
648 4111 696 4180 vel
716 4112 856 4200 qualibet
880 4113 1038 4182 medicina
1059 4115 1261 4194 curandum,
1288 4116 1382 4182 cuins

193 4220 241 4296 rei
273 4219 403 4306 egregia
435 4218 580 4307 exempla
612 4241 629 4286 e
662 4219 798 4288 Pmronn
828 4219 957 4306 collegit
992 4221 1143 4290 Heusmus
1179 4223 1210 4287 in
1248 4221 1383 4307 Speeim.

197 4325 274 4397 Cn‘t.
306 4326 341 4392 in
372 4325 536 4395 Platonem
567 4347 598 4415 p.
624 4331 680 4394 or.
714 4345 955 4413 nonnumquam
989 4327 1314 4408 recuperandum,
1350 4334 1385 4392 ut
1437 4349 1440 4355 ·

196 4431 230 4500 in
254 4429 397 4503 Νιιίίίιιιι
419 4451 466 4502 vs.
490 4435 566 4500 llo.
