3178 4972
742 389 787 460 el

159 575 255 648 libris
284 579 451 649 coniusius
474 589 506 648 et
531 580 716 671 absurdius)
741 581 797 650 sed
821 582 1004 670 aequalium
1030 584 1177 654 vitiosam
1201 581 1352 674 loquendi

161 686 433 756 consuetudinem
456 687 501 754 ita
522 696 683 776 arguunt,
708 696 744 755 ut
763 689 859 768 Attici
876 690 1036 756 sermonis
1050 692 1270 782 incorruptam
1284 713 1357 760 nor·

161 811 252 860 mam
282 802 455 880 opponant.
503 792 556 861 Sic
584 794 680 862 tiebat
710 805 744 861 ut
769 793 855 862 docti
879 795 940 862 alia
965 795 1076 883 lingua
1098 800 1187 866 inter
1210 819 1265 876 se,
1291 797 1355 866 alia

161 897 205 967 ad
241 897 404 966 indoctam
441 899 563 988 piebem
601 910 634 968 et
665 901 810 969 servolos
844 910 1033 979 uterentur,
1072 903 1160 990 plebs
1190 901 1356 973 eruditum

163 1003 254 1072 istud
276 1004 438 1091 eloquium
465 1025 527 1072 non
551 1015 679 1074 tantum
704 1027 767 1074 non
792 1007 1003 1094 intelligeret,
1038 1008 1237 1091 sedetiam,
1270 1011 1357 1099 quod

164 1129 262 1181 nemo
295 1111 485 1189 mirabitur,
519 1115 663 1181 suaviter
694 1113 824 1181 rideret.
872 1114 1074 1203 Quamquam
1099 1125 1148 1182 est
1171 1116 1266 1204 paulo
1287 1117 1358 1183 lon·

163 1219 255 1305 gior,
287 1215 469 1286 adscribam
501 1217 607 1286 locum
631 1240 670 1288 ex
695 1220 795 1288 Sexro
820 1220 967 1287 Eurrmco
989 1221 1060 1288 odo.
1084 1221 1236 1291 Moibcm.
1263 1222 1288 1292 1.
1317 1229 1358 1290 lt)

164 1345 198 1413 p.
224 1327 291 1390 256
315 1324 427 1401 Fano..
456 1345 520 1412 qno
543 1346 605 1392 noo
631 1336 679 1394 est
703 1327 787 1394 alius
811 1326 851 1392 ad
877 1326 907 1392 id
932 1327 1016 1413 quod
1042 1327 1112 1394 volo
1135 1326 1357 1396 demonstran·

165 1428 246 1497 dum
273 1433 377 1516 magis
401 1431 550 1499 idoneos:
575 1431 620 1502 ise
639 1433 691 1512 lt,
717 1433 841 1519 inquit,
866 1433 996 1511 βιοτιιιή
1016 1457 1064 1506 τις
1084 1437 1359 1519 desciscentium

164 1545 226 1606 τῶν
251 1539 372 1607 ἰδιωτῶν
397 1539 482 1605 aurci
506 1537 611 1614 τδλεις
636 1539 689 1606 uni
715 1539 781 1615 dion
805 1538 993 1622 διαφέροντα
1012 1577 1058 1590 -
1077 1577 1120 1590 --
1143 1542 1178 1606 τὸ
1199 1542 1277 1607 eriri
1296 1544 1358 1624 cip·

165 1645 360 1730 τοφδριον
383 1645 435 1710 xci
459 1645 653 1727 τιινοὶριον
676 1645 808 1724 λέγεται
832 1646 885 1710 nel
911 1643 1006 1712 τοὶλιν
1031 1647 1066 1712 τδ
1091 1648 1167 1713 edri
1190 1648 1359 1726 ςοομνίον

166 1751 222 1819 nai
249 1751 410 1832 ιὶμίδιον
434 1751 486 1818 eal
511 1751 621 1830 iriae
640 1752 694 1817 uei
716 1752 851 1828 insin,
876 1753 965 1818 οὶλλοδ
977 1751 1180 1834 ςοχοοζδμενοι
1192 1758 1245 1819 τοῦ
1258 1759 1359 1826 νιιιλῶς
1450 1806 1457 1818 .
1581 1741 1583 1816 i

164 1857 293 1940 ἔχοντος
325 1855 377 1924 sal
411 1863 521 1941 σοφῶς
552 1857 604 1924 nei
636 1863 689 1923 τοῦ
721 1859 765 1936 μὴ
796 1858 951 1936 γελᾶσθαι
984 1857 1041 1923 deri
1065 1865 1125 1926 τῶν
1147 1859 1360 1926 διακονούντων

167 1969 244 2044 ἡμῖν
264 1963 444 2045 metiamini
464 1964 516 2030 κιοδ
529 1963 652 2030 ἰδιωτῶν
673 1964 871 2045 τιινοδριον
892 1964 1034 2044 ἐροῦμεν,
1059 1966 1091 2030 εἰ
1115 1966 1181 2032 ael
1201 1965 1359 2046 βάρβα-

166 2071 232 2154 ρον
252 2071 332 2146 ἕσιν,
357 2071 433 2136 ἀλλ’
449 2073 503 2137 οὐκ
522 2068 774 2152 ιδρτοφόιιον,
794 2068 848 2134 nel
868 2071 1036 2149 reunion
1056 2072 1197 2137 ἀλλὀὐκ
1215 2071 1360 2152 ciuile,

167 2177 222 2244 eal
243 2175 384 2243 testeo
403 2180 526 2255 μᾶλλον
545 2176 563 2252 ἢ
582 2175 712 2255 tylis,
737 2175 789 2240 uni
809 2173 905 2241 πάλιν
926 2177 956 2240 ἑν
973 2174 1107 2254 διαλέξει
1126 2177 1361 2257 ἀποβλέποντες

167 2288 244 2370 epis
271 2285 344 2359 τοὺς
372 2281 527 2365 rapimur
558 2282 618 2355 τὰς
641 2283 701 2362 μὲν
724 2281 938 2355 ἰδιιοτικδς
962 2281 1360 2364 λέξειςτιιροιτέμψομεν,

169 2395 227 2469 τὴν
258 2393 290 2458 δὲ
322 2389 567 2470 ecstasim
596 2387 650 2452 eei
679 2385 912 2470 φιλόλογον
935 2389 1094 2465 συνήθειαν
1116 2388 1360 2468 μετοιδιῶξομεν·

170 2493 1361 2580 ὧιγὰρἡφιλδλογοιγελιῖτοιιτιορδτοῖςἱδιώτιοις,οὕτως

171 2608 191 2682 ἦ
222 2604 407 2678 ἱδιοιτιιιδι
438 2601 543 2682 sape
572 2607 658 2676 τοῖς
681 2597 943 2683 Φιλολάγοιι.
994 2599 1145 2688 Utrique,
1169 2603 1214 2667 ita
1240 2603 1287 2668 uti
1309 2599 1361 2678 fit,

169 2709 370 2778 excedebant
402 2705 544 2774 modum.
593 2706 744 2772 Homines
778 2703 897 2770 indocti
932 2703 971 2770 de
1004 2705 1094 2791 plebe
1116 2709 1264 2772 excusari
1290 2725 1362 2793 pos·

170 2823 268 2894 sunt,
293 2814 350 2902 qui
375 2813 447 2880 istis
465 2811 664 2899 temporibus
684 2811 823 2878 nativam
846 2810 975 2896 linguae
999 2813 1121 2896 patriae
1141 2812 1361 2880 sinceritatem

169 2941 302 2990 servare
325 2939 387 2986 non
414 2919 596 3005 potuerint;
623 2917 709 2983 docti
736 2937 797 2982 non
824 2924 978 3003 possunt,
1003 2917 1058 3003 qui
1084 2916 1124 2984 ad
1145 2937 1362 3003 omncgenus

171 3029 370 3116 ineptiarum
392 3034 469 3090 svrnt
493 3023 631 3110 dolapsi,
657 3032 692 3089 ut
716 3021 845 3108 linguae
870 3023 1103 3089 intermortuae
1128 3023 1285 3090 rationem
1310 3043 1362 3111 po·

169 3133 248 3222 pulo
279 3143 312 3200 et
337 3131 418 3219 plebi
443 3127 672 3206 obtruderent,
706 3149 801 3216 quom
823 3128 886 3214 ipsi
907 3151 968 3194 nou
991 3128 1067 3194 sctis
1090 3129 1258 3216 diligenter
1281 3139 1361 3195 tene·

170 3241 256 3308 bont.
305 3237 522 3307 Grammatico
555 3255 609 3302 ars
638 3243 671 3301 et
695 3234 809 3300 critica
833 3235 878 3301 ita
902 3245 980 3301 sunt
1004 3245 1119 3301 natura
1143 3246 1363 3322 comparatae,

170 3355 231 3424 nt,
255 3345 283 3410 si
308 3363 402 3410 secus
423 3343 547 3421 utaris,
573 3343 604 3407 in
628 3339 767 3408 absurda
792 3340 898 3406 omnia
924 3349 1039 3408 exeant
1059 3351 1091 3408 et
1114 3341 1309 3428 degenerent
1330 3343 1362 3408 in

170 3449 258 3520 male
285 3469 396 3516 sanam
422 3447 594 3536 quarundam
616 3447 769 3530 ιὶτεχνιιιν
793 3456 825 3512 et
850 3447 999 3528 οἱνιιιιιιι.
1048 3447 1132 3513 Bona
1156 3456 1264 3514 autem
1289 3468 1364 3535 pars

171 3576 307 3632 eorum,
332 3557 387 3642 qui
408 3555 528 3622 seriore
547 3562 653 3620 aetate
677 3553 890 3620 Grammatici
911 3552 1125 3632 dicebantur,
1151 3562 1240 3630 arte,
1265 3553 1363 3641 quam

172 3661 426 3753 profitebantur,
457 3679 625 3748 perperam
657 3668 690 3726 et
719 3668 924 3746 praepostere
956 3659 1148 3732 utebantur,
1182 3658 1307 3726 molesti
1332 3668 1366 3724 et

171 3768 276 3836 odiosi
300 3767 472 3836 verborum
497 3785 646 3834 censores
669 3773 702 3834 et
725 3763 877 3832 dictionis
901 3763 1053 3852 probatae
1076 3772 1261 3842 exactores;
1286 3763 1364 3830 dum

173 3877 236 3943 toti
257 3883 352 3942 erant
372 3877 403 3940 in
424 3873 530 3942 verbis
550 3879 582 3940 et
602 3871 733 3961 syllabis
752 3880 784 3938 et
802 3871 949 3958 apicibus
963 3871 1129 3950 notandis,
1153 3869 1365 3957 idquoderct

174 3982 225 4050 rei
256 3990 374 4068 caput.
408 3990 443 4048 nt
471 3989 560 4046 recte
580 3980 780 4064 cogitaretur
804 3989 836 4046 et
857 3977 942 4065 quod
969 3985 1056 4045 recte
1077 3985 1164 4054 essct
1188 3978 1365 4063 cogitatum

175 4087 284 4156 verbis
308 4086 392 4174 aptis
416 4095 448 4154 et
471 4085 595 4152 idoneis
617 4085 802 4162 diceretur,
835 4083 943 4150 nescio
967 4082 1126 4170 quomodo
1150 4081 1367 4169 praetervide·

174 4201 255 4262 runt
287 4202 319 4260 et
343 4195 391 4260 sio
414 4189 543 4260 tandem
569 4193 761 4257 amiserunt.
811 4189 929 4256 ilerum
955 4191 1056 4275 igitur
1077 4196 1109 4256 et
1132 4189 1367 4256 sententiarum

178 4301 292 4387 inopes
322 4309 354 4364 et
387 4297 573 4364 ioculariter
608 4297 712 4383 ignari
742 4295 801 4361 lroc
834 4315 934 4362 unmn
968 4293 1168 4374 retinebant,
1205 4302 1241 4361 ut
1272 4292 1367 4360 verba

178 4411 351 4494 carperent
374 4411 406 4472 et
433 4423 508 4471 cnm
530 4403 741 4471 barbarismis
760 4411 792 4469 et
811 4401 1007 4469 soloecismis
1027 4400 1107 4467 bella
1128 4408 1279 4487 gererent
1298 4397 1368 4464 nul·

179 4512 228 4584 los
257 4509 408 4580 babitura
439 4509 632 4600 triumphos.
680 4509 824 4596 castigat
854 4509 991 4575 istorum
1015 4508 1154 4593 ineptias
1176 4525 1271 4591 saepe
1291 4503 1369 4570 osr-
