3178 4972
709 393 990 488 xxv-¹·

154 611 222 678 dnm
245 613 277 676 in
296 633 370 681 uno.
419 613 509 693 Quod
531 613 571 678 de
593 611 734 678 humano
756 633 871 700 genere
895 617 1010 680 cecinit
1032 615 1202 684 Horatius:

462 740 544 802 cete
559 739 721 818 parcntrm
737 735 826 818 μὴν
847 735 914 802 avis
936 737 1008 802 tabit

462 877 516 920 ace
538 855 692 941 macerer
713 878 779 920 moa
802 857 925 922 dolorm

146 1026 150 1034 .
581 1058 586 1065 ἱ
593 975 765 1060 progeniem
786 976 983 1057 alienorae,
1324 1043 1328 1049 .

152 1100 232 1166 idem
261 1099 327 1165 dici
360 1103 464 1184 potest
496 1097 535 1165 de
569 1101 705 1182 quatuor
734 1099 891 1164 aetatibus
925 1095 1080 1166 Codicum
1113 1100 1202 1200 Man
1225 1105 1341 1189 quibus

152 1219 319 1316 lnnnmcm
340 1219 405 1284 cito
426 1219 611 1304 Pythcporcc
633 1220 822 1284 continetur.
858 1220 1109 1305 Antiquissimus
1140 1227 1172 1288 et
1194 1226 1340 1293 omnium

152 1341 339 1429 unhetppus
361 1339 563 1406 Florentinus
585 1343 633 1404 est
660 1337 775 1406 multis
805 1343 837 1404 et
867 1341 935 1425 ipse
958 1343 1047 1408 vitiis
1070 1346 1102 1408 et
1124 1343 1253 1414 mendis
1272 1365 1341 1412 coo

151 1467 253 1547 partus
278 1465 322 1546 et
335 1460 537 1530 emblematis
560 1459 786 1546 interpolatus,
811 1461 866 1532 aed
889 1483 963 1528 cum
986 1463 1118 1548 reliquis
1141 1472 1340 1552 comparatus

151 1582 239 1672 longe
270 1585 507 1670 integerrimus.
555 1579 663 1648 socen
692 1587 800 1648 autem
835 1583 992 1650 scribendi
1021 1585 1217 1670 compendiis
1247 1607 1341 1655 omne

150 1723 245 1791 genus
267 1703 439 1789 *perplexis
462 1707 494 1768 et
524 1703 699 1779 intricatio,
723 1707 756 1768 et
779 1707 827 1768 cst
850 1705 978 1770 omnino
1006 1703 1091 1774 lectu
1115 1705 1338 1787 difficillimus,

148 1826 207 1891 uisi
228 1825 292 1892 hoc
314 1845 391 1912 agne
413 1828 445 1888 et
467 1821 546 1890 beno
568 1819 688 1890 Graece
714 1826 795 1890 scias
818 1828 850 1890 et
873 1823 951 1908 quid
978 1845 1091 1891 sanum
1114 1828 1157 1890 sit
1179 1826 1257 1912 quid
1277 1848 1341 1894 non

149 1947 189 2010 sit
208 1947 332 2031 ubique
353 1947 437 2012 inter
454 1943 628 2032 legendum
651 1945 771 2032 cogites
793 1949 826 2010 ct
848 1946 973 2012 sentias.
1020 1945 1113 2012 Nihil
1135 1947 1251 2014 horum
1272 1955 1341 2016 erat

149 2069 180 2132 in
200 2069 256 2146 iis,
284 2067 341 2151 qui
363 2065 462 2162 libros
483 2062 620 2132 Graecos
643 2070 716 2130 tum
746 2065 974 2132 describebant.
1021 2065 1131 2152 Itaque
1156 2074 1270 2135 natum
1292 2077 1341 2138 est

149 2187 371 2276 apographum
392 2185 567 2252 secundum
590 2187 729 2252 centenis
753 2188 844 2251 novis
874 2185 998 2254 mendis
1021 2193 1054 2253 ot
1075 2188 1198 2254 lacrmis
1220 2193 1340 2277 passim

148 2311 316 2386 vitiatum,
340 2307 424 2373 unde
445 2311 668 2394 propagatum¹
689 2311 736 2374 est
758 2309 891 2375 tertium
918 2307 1022 2374 multo
1053 2312 1151 2375 ctiam
1173 2312 1338 2390 vitiosius,

147 2451 184 2496 cx
211 2451 277 2516 quo
313 2433 462 2514 quartum
495 2433 544 2494 eat
575 2429 780 2516 progenitum
815 2427 910 2516 longe
939 2429 1097 2517 longeque
1130 2431 1341 2500 deterrimum

147 2555 295 2618 omnium
329 2571 364 2616 ac
397 2549 627 2616 foedissimum.
672 2547 745 2622 ¹Iam
777 2549 852 2615 vide
883 2549 967 2616 mihi
1000 2551 1077 2637 quid
1111 2573 1172 2618 usu
1205 2556 1338 2621 venerit.

146 2672 275 2740 Primus
294 2670 405 2738 Editor
433 2689 514 2736 auno
538 2667 794 2736 lastemarico
816 2669 938 2737 lhisius
961 2679 1098 2757 quartam
1121 2676 1340 2762 apographum

145 2799 256 2859 nactus
290 2789 389 2856 telem
422 2789 596 2872 editionem
629 2789 718 2856 dedit
750 2796 788 2856 ut
820 2793 890 2856 iure
922 2791 1034 2867 Editor
1070 2794 1225 2862 secundus
1259 2816 1339 2862 anno

148 2911 232 2980 1707
268 2910 459 2997 liudolphus
488 2909 645 2976 Kusterus
676 2912 810 2978 seribere
838 2914 979 3000 potuerit
1008 2933 1041 2980 se
1077 2961 1093 2990 „
1104 2915 1216 2980 mactra
1246 2939 1286 2980 cn
1320 2940 1340 2980 a

146 3035 258 3100 rosade
281 3032 382 3096 luem
408 3031 492 3096 aaa
511 3031 687 3115 wicmanno
712 3037 841 3096 ceteram
856 3033 998 3116 placidae
1027 3035 1141 3098 madh
1169 3043 1284 3102 accim
1305 3038 1340 3102 ic

145 3155 237 3222 lacem
258 3175 399 3240 amquam
421 3150 556 3218 abac?
590 3149 661 3238 lpse
679 3152 800 3218 tertiana
819 3155 1039 3242 apographum
1061 3161 1172 3222 nactus
1193 3164 1339 3226 centenos

146 3297 263 3344 errores
288 3275 440 3351 correxit,
464 3272 603 3338 sednon
626 3275 733 3338 minus
755 3272 876 3340 multos
895 3277 1030 3342 intactos
1048 3275 1188 3362 reliquit.
1213 3277 1339 3350 Tertius

145 3399 279 3464 accessit
301 3395 413 3462 Editor
434 3386 650 3482 lliseslingius
672 3414 754 3460 mmo
778 3392 883 3475 1815,
915 3398 968 3462 cui
997 3397 1217 3485 apographum
1238 3422 1339 3466 cecca-

145 3520 213 3582 darc
236 3518 376 3603 reperire
397 3516 551 3602 contigit,
575 3514 658 3580 unde
680 3535 763 3580 nova
785 3515 1043 3582 emendationum
1065 3539 1157 3606 seges
1177 3522 1338 3606 provenit,

143 3639 197 3706 sed
220 3646 334 3705 tamen
354 3655 474 3724 magna
494 3655 567 3720 pars
591 3635 778 3700 mendorum
796 3641 829 3701 et
850 3635 1037 3704 lacunarum
1059 3645 1235 3724 supererat,
1259 3662 1339 3728 quac

143 3783 182 3830 ει
203 3763 278 3847 ipso
300 3756 471 3843 archetypo
493 3757 611 3844 corrigi
632 3761 764 3840 possunt
786 3760 818 3822 et
840 3756 975 3844 expleri,
999 3778 1135 3844 quorum
1157 3766 1283 3846 partem
1305 3765 1340 3829 in

144 3881 194 3948 bis
212 3881 432 3948 mamertinus
451 3878 486 3942 in
504 3874 650 3942 medium
668 3875 787 3964 protuli
804 3875 927 3944 caetera
947 3881 975 3944 si
992 3899 1055 3964 qua
1073 3879 1207 3954 facultas
1227 3882 1340 3967 edendi

144 4003 278 4071 dabitur
307 3999 369 4064 alio
391 4003 533 4082 tempore
563 3996 716 4064 editurus.
763 3997 848 4086 Ergo
880 4001 935 4084 qui
965 3998 1135 4088 aliquando
1164 4003 1256 4068 aram
1280 4006 1339 4092 Pp-

143 4125 289 4206 ttaqcrac
317 4120 356 4186 ab
381 4118 561 4186 himmerio
590 4120 741 4204 scriptam
772 4125 925 4206 apparatu
954 4121 1063 4188 critico
1094 4129 1263 4190 omaturus
1291 4131 1339 4192 ast

144 4247 320 4331 scripturas
335 4241 474 4326 hrcerii,
492 4237 636 4316 Kustcri,
655 4237 844 4328 Kieselingii
861 4261 971 4309 omncs
990 4243 1119 4309 obiiciat
1137 4246 1260 4330 necesse
1276 4251 1337 4328 cst,

144 4371 177 4432 et
208 4362 299 4451 quod
326 4367 374 4428 cst
402 4361 522 4448 ubique
549 4362 583 4425 in
612 4361 794 4450 Archetypo
824 4364 979 4450 scriptum
1013 4385 1140 4432 summa
1170 4366 1340 4456 diligentia

145 4505 221 4552 cnm
243 4481 426 4570 pulvisculo
443 4481 625 4549 exhauriat:
649 4484 683 4548 in
704 4503 767 4570 qua
788 4505 822 4550 re
839 4484 929 4551 nulla
947 4505 1038 4566 cura,
1062 4485 1152 4554 nulla
1170 4485 1340 4576 diligentia
