3208 4972
795 383 867 456 262

240 579 296 665 qul
321 569 434 646 xxiv.
466 583 495 644 1.
526 579 559 644 οθ
590 583 707 645 πολλοῦ
735 577 789 645 δέοι
817 577 911 662 χοίριν
941 577 1027 660 ἔχειν
1057 581 1099 663 τῷ
1123 578 1284 662 κατηγόρῳ
1309 577 1428 645 dixisse

241 694 393 772 putatur,
423 693 456 751 at
490 703 582 749 nemo
618 683 701 751 dixit
735 705 888 771 nmquarn
920 686 953 751 οθ
984 690 1101 753 rotant
1134 685 1200 752 δθιο.
1249 685 1283 751 lo
1314 683 1429 752 Codioa

243 792 338 857 nnieo
365 799 414 856 est
438 795 553 858 πολλοῦ
574 789 638 856 δίον.
688 791 864 858 Graeculus
887 793 942 876 qni
967 792 1084 859 Lrsrorr
1107 789 1313 878 interpolavit
1332 791 1365 856 οθ
1389 789 1429 857 da

241 915 301 963 suo
324 895 458 970 addidit:
483 908 604 983 qoaoto
628 899 751 964 rectius
774 898 882 977 ὀλίγον
906 898 961 964 δέοι
985 899 1190 965 restituisset.
1232 896 1303 978 Qua
1325 897 1427 963 iorma

239 1002 367 1070 dieeodi
391 1012 576 1071 constanter
600 1023 711 1070 omnes
733 1005 765 1069 io
790 1024 827 1070 ea
854 1025 887 1070 re
911 1014 1050 1072 utuntur
1075 1003 1305 1081 Athenienses,
1329 1004 1369 1069 ab
1390 1023 1427 1070 ea

237 1109 356 1176 isson
386 1111 482 1176 romei
517 1109 689 1177 descivisse
719 1111 793 1197 quis
827 1109 956 1176 credetl·
1004 1112 1039 1177 lo
1077 1113 1175 1195 §ta
1208 1110 1426 1194 detexerant

237 1217 362 1298 σοισρίδι
386 1217 457 1282 θέσιν
491 1215 647 1298 ποορέξεινε
687 1220 718 1281 io
751 1215 868 1302 vulgos
899 1224 1010 1282 notoni
1043 1225 1092 1282 est
1120 1215 1269 1282 librarios
1304 1215 1427 1294 verbis,

237 1322 356 1409 quibos
379 1331 493 1409 suapte
516 1331 632 1390 natura
654 1323 805 1388 infinitivi
826 1323 974 1388 loturum
998 1313 1234 1388 subiicieodnor
1256 1331 1320 1398 est,
1343 1321 1428 1389 aori·

235 1439 302 1495 stos
325 1428 427 1496 solere
458 1429 618 1496 subiicere
651 1449 708 1495 sua
742 1427 855 1494 irande
885 1436 917 1494 et
949 1429 1194 1515 interpolatione
1221 1429 1369 1508 relictos,
1395 1435 1428 1495 in

234 1555 298 1622 qua
322 1555 358 1602 re
382 1541 475 1623 saepe
500 1537 653 1602 irornaois
678 1535 898 1601 barbarismus
924 1533 1154 1602 homunciones
1178 1537 1307 1622 arguit,
1333 1545 1370 1602 ut
1394 1537 1427 1601 in

235 1641 295 1709 lroo
320 1643 402 1709 loon:
423 1642 694 1731 praestantissimi
715 1649 812 1707 testes
830 1639 962 1724 σοιρέξοοι
982 1639 1140 1717 afferunt,
1167 1662 1251 1718 unns
1271 1640 1428 1724 νιοιριίξοοι,

237 1747 320 1835 quod
350 1767 461 1815 omnes
493 1758 668 1836 respuunt,
702 1756 735 1813 at
773 1747 872 1813 oilrilo
905 1747 1020 1814 arelius
1051 1758 1098 1814 est
1123 1749 1155 1813 io
1182 1749 1273 1814 Lisia
1299 1749 1342 1816 ll.
1372 1753 1428 1814 δι.

236 1853 369 1937 ἐλπίζων
390 1855 621 1933 δονλθισοισθοοι,
651 1854 720 1920 Xll.
752 1853 1123 1937 inportaverunt.
1153 1854 1240 1921 lllll.
1280 1859 1310 1920 6.
1342 1855 1428 1934 νομί-

236 1961 338 2045 ζοντες
361 1963 622 2040 κιοσοοςιίσοισθοιι,
650 1965 667 2045 §
699 1967 735 2025 ld
762 1969 793 2025 et
818 1966 872 2026 47.
901 1961 954 2026 οὐκ
979 1959 1105 2042 taam
1128 1961 1304 2042 ε’σισρίψοιι.
1331 1963 1348 2046 §
1374 1967 1429 2028 53.

235 2069 291 2153 θον
315 2067 560 2151 διοισροίξοισίοιι,
581 2076 612 2133 et
637 2064 755 2131 sirnilia
779 2067 910 2152 passim.
944 2065 1006 2147 Qoi
1026 2065 1119 2132 libris
1140 2065 1261 2152 aliquid
1280 2066 1428 2132 tribuunt

235 2174 379 2260 cogitent
399 2174 493 2240 veliin
519 2173 640 2240 noerio
667 2172 766 2239 lilrros
789 2173 957 2260 aliquanto
981 2173 1129 2239 meliores
1154 2184 1304 2254 exstare,
1329 2193 1428 2261 quarn

234 2288 284 2346 est
308 2280 361 2348 ille
383 2299 467 2346 nous
498 2280 695 2347 deterrimus
723 2279 844 2345 lisine.
875 2283 892 2366 §
918 2285 972 2345 51.
1006 2281 1089 2346 οὐδὲν
1120 2281 1221 2362 τρίτον
1247 2280 1429 2365 nepotati-

235 2408 362 2464 σοονσοι,
399 2394 486 2452 rente
513 2386 658 2453 llroooor.
702 2385 784 2451 οὐδέν
819 2409 849 2450 σι
884 2389 949 2451 σοῦ.
997 2384 1158 2452 Bennsons
1194 2387 1276 2454 osale
1311 2407 1427 2454 sannio

235 2493 336 2575 τρίτον
366 2493 530 2574 servavit3
566 2491 660 2579 paulo
695 2501 764 2577 post
795 2490 889 2556 ambo
922 2491 1062 2558 retinent
1087 2492 1150 2566 δέος
1174 2494 1218 2572 μίν
1241 2493 1430 2571 trientinae

237 2617 294 2685 pro
317 2599 355 2664 δῶ
375 2607 406 2664 el
429 2597 531 2666 εἵπετο
556 2599 591 2665 τὸ
610 2603 729 2682 φεῦγον
747 2617 804 2684 pro
824 2595 928 2663 είπεσο
949 2599 1112 2680 φεύγοντι.
1150 2601 1242 2683 §td
1267 2602 1300 2666 ori
1323 2601 1431 2684 φθείρῃ

235 2706 294 2772 airr’
318 2707 412 2785 ἐρεοῦς
444 2705 523 2790 ἔφη,
561 2705 640 2772 nihil
669 2704 831 2790 significat
862 2705 896 2770 ori
920 2706 1047 2787 φθείρῃ
1084 2705 1110 2770 si
1143 2725 1238 2791 qoem
1268 2704 1430 2774 lacessere

236 2811 385 2879 iuberent
408 2823 465 2877 ant
496 2813 618 2894 φθείρου
648 2811 799 2877 dicebant
829 2819 885 2876 aut
916 2811 1094 2893 adstiterat,
1131 2820 1164 2876 ιιι
1190 2811 1275 2900 apud
1300 2816 1429 2880 dorson-

236 2939 355 2986 rnnnsn
372 2923 426 2986 οὐκ
447 2921 478 2993 ἐς
505 2917 639 3002 κθροινιοις
665 2920 855 3001 θνιοφθερεῖς
882 2915 966 2984 Νιιίι.
994 2919 1071 2983 798.
1095 2917 1177 3005 qu.
1203 2923 1279 2986 892.
1305 2923 1352 2985 sio
1376 2923 1430 2987 οὐκ

236 3024 332 3106 liorem
359 3027 412 3092 οὐκ
440 3025 532 3105 irem
558 3029 591 3092 ιθ
621 3025 786 3103 orontem
822 3023 883 3090 alia
916 3033 1066 3090 sexcenta
1101 3025 1272 3111 imperioso
1303 3035 1361 3092 aut
1390 3027 1431 3094 alr

238 3133 330 3198 iratis
353 3129 441 3196 dieta
465 3140 519 3196 aot
542 3130 582 3197 ad
607 3131 751 3197 servulos
772 3139 964 3208 occurrunt,
991 3129 1193 3216 adquorum
1216 3133 1374 3199 rationein
1395 3133 1429 3200 οθ

236 3239 344 3321 φθερεῖ
362 3235 598 3303 emendandum
623 3255 694 3303 esse
720 3236 903 3303 lironoorrns
934 3255 1061 3323 quoqne
1087 3237 1185 3317 vidit,
1210 3246 1244 3304 at
1267 3237 1430 3306 Bsnrsnns

237 3353 294 3410 aut
319 3363 380 3409 ooo
400 3341 629 3410 animadvertit
653 3343 767 3408 vitiorn
794 3352 851 3409 aot
875 3343 958 3430 sarri
978 3363 1068 3429 porse
1092 3343 1212 3409 iniuria
1233 3348 1368 3431 putavit.

283 3449 321 3517 ln
353 3447 427 3517 Iove
456 3454 613 3538 confutato
650 3455 713 3526 43,
746 3454 777 3516 6.
816 3449 869 3515 nal
901 3446 981 3522 θοι-ως
1012 3448 1227 3532 orneoscopos
1260 3451 1427 3534 οίσοκρίνρ,

238 3567 326 3626 reete
350 3555 472 3625 norro
496 3562 658 3640 ἀποκρινῇ,
685 3557 800 3623 melius
825 3558 982 3637 ιθσοκρινεῑ
1006 3555 1156 3624 dedisset.
1201 3558 1236 3623 lo
1261 3578 1323 3624 noo
1345 3558 1430 3624 libro

239 3662 293 3750 θροι
316 3665 348 3731 δὲ
371 3665 424 3732 sal
449 3661 547 3744 θσνιο,
570 3667 603 3731 in
629 3685 692 3751 qno
712 3663 879 3730 falsarium
906 3669 1070 3757 tenemus
1090 3666 1152 3750 §il
1178 3663 1259 3746 φοισί
1277 3663 1430 3732 δουλεύειν

239 3775 321 3852 ὑμᾶς
357 3771 458 3856 ciro-sp
490 3773 577 3855 σοιρθι
615 3773 657 3854 σῷ
690 3769 836 3852 Ἀδμήτῳ
875 3768 927 3834 riv
961 3767 1162 3847 Ἀπθιιιιοινοο,
1198 3770 1229 3835 in
1267 3770 1352 3836 aliis.
1378 3771 1431 3837 σίν

239 3879 403 3958 Ἀσθλλω,
430 3888 466 3946 ut
496 3899 589 3965 saepe
621 3877 696 3944 alilri
724 3876 845 3942 videbis
877 3877 1049 3943 Ποσειδῶνοι
1081 3885 1112 3942 et
1142 3876 1274 3942 Ποσειδῶ
1297 3875 1336 3942 de
1361 3876 1431 3944 loco

236 3992 416 4052 certantes:
443 3984 515 4051 ride
540 3989 580 4064 8,
610 3988 644 4062 2,
670 3989 700 4049 i.
733 3987 879 4061 52,15‚
904 3987 959 4050 45.
988 3987 1048 4060 45,
1072 3987 1103 4049 8.
1132 3982 1185 4048 obi
1211 3983 1284 4050 iibri
1303 3985 1431 4051 variant

240 4092 273 4158 in
298 4091 427 4160 οίπθλλιο
457 4099 488 4159 et
518 4091 688 4157 οίπθλιιιινοι
712 4099 743 4155 el
774 4094 813 4168 8,
846 4093 900 4168 19,
930 4096 958 4156 1.
986 4091 1016 4154 in
1043 4088 1169 4156 ποσειδοί
1193 4097 1225 4155 et
1249 4089 1429 4158 σοσειδῶνοο.

241 4199 320 4266 llilri
346 4199 425 4266 satis
455 4206 581 4265 eertum
616 4206 665 4263 est
698 4196 887 4263 ’Antandro
909 4205 941 4262 et
966 4196 1137 4262 Ποσειδῶνοι
1170 4204 1227 4260 ant
1260 4197 1431 4264 retinenda

241 4307 361 4392 ubique
393 4325 463 4372 esse
494 4311 549 4370 out
581 4301 774 4378 r·evooanda‚
804 4300 949 4370 Ἀσίνιον
974 4312 1006 4370 et
1037 4303 1170 4370 Ποσειδῶ
1203 4311 1276 4368 nata
1311 4323 1381 4370 esse
1412 4323 1431 4370 e

239 4411 428 4499 compendio
453 4411 654 4496 negligenter
682 4409 774 4474 lecto.
822 4409 941 4496 Nempe
964 4409 1174 4488 Ἀπόλλωνος,
1199 4409 1377 4478 'Aristone
1397 4417 1431 4478 et

238 4518 426 4588 Ἀνιθιιοιιονοο
438 4519 629 4586 scribuntur
642 4535 704 4583 noa
720 4514 824 4581 forma
837 4517 944 4583 θσθιιιι
956 4519 1177 4605 suprascripto
1189 4519 1274 4593 n.'et
1287 4514 1431 4586 secundo
