3160 4972
611 383 613 388 ·
714 351 786 422 439

143 542 266 623 μθννςοο
291 553 350 610 ΔΗ
374 544 497 627 imolen,
524 565 580 631 pro
605 545 764 628 Δῖεφοὶνν.
814 544 871 609 Est
890 543 975 610 enim
997 543 1198 632 Thucydidei
1224 547 1338 624 moris,

145 649 300 736 aliquid
327 650 550 736 significanter
575 651 655 719 dicit
677 663 709 718 et
733 655 935 733 ῖμφαπνκοῖς,
960 671 1056 716 suum
1082 660 1139 716 ΔΗ
1163 671 1338 737 apponere,

143 755 266 834 μέμνςα
289 757 346 834 tt,
377 766 496 825 πλεῖςα
521 757 574 834 δή,
603 758 730 837 μοθλοςα
754 758 809 836 td,
842 755 922 822 πολὺ
953 756 1009 833 δή,
1034 763 1066 822 et
1090 755 1209 822 similia
1233 756 1338 842 plura.

144 859 258 946 ltaque
283 861 553 947 quemadmodum
579 862 704 930 dixerat
730 864 770 930 ll.
794 867 834 928 64
859 861 948 942 μόνον
968 870 1026 928 ΔΗ
1046 867 1105 940 τοῖν
1129 861 1270 938 πθνπον,
1290 863 1338 928 sio

145 963 177 1031 ir.
204 965 223 1030 l.
251 967 332 1032 οὐδὲν
365 976 423 1032 ΔΗ
454 965 566 1050 imolen.
614 968 649 1033 ln
684 989 747 1034 uno
772 988 841 1054 cap.
868 971 920 1033 64.
946 975 1060 1054 quater
1085 968 1131 1032 sic
1158 977 1215 1034 ΔΗ
1240 989 1338 1055 appo-

143 1071 243 1138 situm
270 1071 413 1138 ridelis:
445 1072 534 1152 μθνου
559 1072 594 1152 δὴ
621 1082 653 1140 et
673 1077 809 1155 μεμῖςνν
833 1075 868 1150 δή
895 1085 926 1140 et
950 1075 1084 1142 πλεῖςυν
1108 1074 1143 1149 δή
1167 1083 1198 1140 et
1223 1075 1337 1156 ὑπῆρξε

142 1176 189 1252 δή.
226 1177 396 1244 Praeterea
421 1179 664 1261 ΔΙΑφαθνεσθαν
690 1181 933 1267 promeruerim
958 1178 1110 1244 substitui
1132 1199 1194 1246 non
1216 1191 1336 1267 potest,

140 1291 173 1350 et
199 1282 282 1368 quod
310 1281 438 1350 tamlem
467 1284 599 1351 verbum
627 1287 730 1372 magis
754 1294 801 1352 est
827 1283 1021 1366 μυρνθλεντον
1048 1305 1144 1370 quam
1168 1271 1334 1368 φαίνεσθαι

141 1389 173 1453 in
201 1389 307 1454 Attica
332 1389 501 1456 oratione?

188 1492 335 1581 Thuept.
363 1495 405 1563 ll.
430 1501 482 1560 tt.
514 1497 620 1562 θνεῖλε
651 1498 738 1564 κατὰ
770 1497 879 1580 κράτος
913 1503 1081 1576 πολεμοῦσι
1105 1496 1188 1572 νίκαν
1211 1497 1332 1565 ἔσεσθαι

138 1599 194 1665 καῖ
217 1598 311 1672 αὐτὸς
325 1597 416 1687 [ἔφη]
441 1602 676 1682 ξυλλήψεοθαο,
703 1623 763 1668 non
785 1603 1007 1688 intelligebam
1031 1603 1200 1688 magistelli
1223 1601 1285 1688 ἔφη
1300 1604 1333 1670 in

137 1711 261 1772 ἀνεῖλεν
288 1707 405 1774 inesse.

187 1809 332 1899 Thucyd.
366 1812 408 1879 ll.
444 1817 496 1878 56.
530 1813 598 1896 πρὶν
617 1797 658 1888 Ιἐς
689 1817 744 1890 τὴν
775 1814 934 1896 παραλίαν
958 1814 1043 1906 [γῆν]
1078 1815 1187 1883 ἐλθεῖν.
1235 1815 1333 1882 ttecte

137 1917 303 2005 praecedit
326 1939 396 2004 cap.
424 1926 478 1986 55.
505 1921 612 1998 ἕςπῖρν
636 1920 777 2003 πάραλον
801 1928 880 2000 piot
910 1930 996 1986 necte
1019 1921 1168 2007 seqnitur
1191 1941 1262 2008 cap.
1278 1927 1331 1988 56.

135 2025 167 2090 ἐν
191 2034 231 2106 τῇ
255 2024 410 2110 παραλθρι.

182 2129 331 2220 Thucyd.
357 2131 397 2197 ll.
423 2135 479 2198 60.
505 2133 667 2214 προσόντος
691 2134 722 2199 δὲ
746 2133 907 2200 ualentes
929 2135 1071 2213 χρήμασι
1089 2133 1121 2199 dl
1144 2131 1330 2210 νοκοομένΟΤ

135 2234 179 2300 τοὶ
205 2233 379 2313 ξύμπαντα
401 2240 510 2305 τούτου
542 2240 604 2314 ἑνὸς
632 2239 672 2304 θον
690 2248 834 2306 ’πωλοῖτο
868 2239 934 2327 (alii
964 2239 1135 2326 οῖπολοῖπο).
1160 2237 1330 2304 ‘Nondum

138 2344 280 2425 pnemtet
322 2345 508 2412 emendasse
548 2349 691 2426 χρήμασι
729 2347 761 2412 δὲ
794 2347 975 2426 νικώμενοί
992 2381 1037 2394 --
1056 2345 1164 2410 τούτου
1196 2346 1257 2417 ἑνὸς
1293 2343 1331 2410 θον

135 2445 307 2514 οῖπθΔονπο.
357 2450 512 2518 Videmus
544 2452 732 2539 gliscentem
768 2453 888 2519 labem:
918 2449 1078 2532 προσόντος
1103 2452 1225 2538 peperit
1244 2474 1331 2518 νικα-

134 2553 229 2633 μθνου
251 2564 283 2621 et
307 2557 354 2622 sic
388 2559 549 2640 οῖπθδοοτο,
583 2568 618 2625 ut
642 2559 750 2646 eliqua
780 2569 862 2625 esset
897 2559 1078 2634 sententia,
1110 2557 1140 2622 in
1168 2559 1329 2644 passivum

134 2668 271 2728 πωλοῖτο
298 2661 397 2728 llusis
422 2665 514 2731 iretis
540 2675 712 2734 rnutatum.

182 2767 330 2856 Tlrucyrl.
366 2769 406 2836 ll.
433 2775 488 2838 m.
518 2773 615 2854 χρεὼν
646 2773 698 2838 καὶ
730 2769 905 2854 ξυμφοραῖς
936 2775 1007 2840 ταῖς
1038 2769 1187 2847 respirare
1220 2767 1330 2834 liltore

132 2873 324 2957 ὑφθςοοοθαο,
349 2893 388 2941 ne
412 2877 452 2942 sit
479 2879 600 2944 soloeca
634 2878 736 2943 oratio
759 2875 923 2959 ξυμφοραῖς
947 2875 1007 2946 τοὶς
1031 2876 1168 2953 respiras
1200 2893 1328 2959 repone.

179 2979 329 3068 Thircytl.
354 2981 394 3046 ll.
420 2987 474 3050 65.
498 3021 541 3034 -
559 2983 691 3050 κινδύνου
715 2980 808 3070 niolio
827 2992 866 3065 τῇ
889 2985 974 3061 ἀρχῇ
994 2980 1202 3062 ἀπήχθεσθε,
1224 2997 1330 3046 emen·

130 3085 279 3152 dandum
304 3095 352 3151 cst
376 3089 595 3170 οῖπθχθΗοθε,
630 3109 702 3155 nam
737 3091 813 3174 qnia
848 3089 1016 3152 inveterato
1050 3085 1126 3152 lreec
1159 3083 1229 3150 odia
1254 3092 1332 3150 sunt

127 3199 163 3259 et
185 3191 310 3258 animis
340 3193 429 3278 fixo,
462 3205 629 3282 propterea
657 3198 796 3284 perfeeto
826 3192 1028 3272 θπηχθνῖνθαο
1057 3211 1138 3278 opus
1168 3200 1235 3267 est,
1268 3209 1330 3256 non

126 3297 248 3364 aorioto
272 3299 477 3381 οῖπεχθέοθαν.
527 3302 718 3368 Rectissime
740 3299 859 3386 legitur
885 3299 918 3362 in
943 3297 1052 3364 eadem
1080 3317 1115 3362 re
1139 3297 1163 3362 1.
1190 3301 1242 3362 75.
1267 3303 1330 3368 τοῖς

126 3411 261 3478 πολλοῖς
285 3405 531 3488 ansprando,
557 3408 638 3474 etl.
664 3410 719 3474 m.
745 3407 796 3473 tm
818 3405 935 3478 παντὸς
957 3401 1162 3486 θπθχθΗσθε.
1211 3401 1330 3468 liecen-

127 3511 232 3576 tiores
258 3509 406 3577 Graeculi
434 3521 466 3580 et
487 3513 639 3598 poetastri
664 3516 696 3578 in
721 3511 818 3578 huius
838 3509 925 3578 rerbi
941 3508 1052 3575 lorrnis
1067 3507 1166 3574 multa
1180 3515 1331 3592 peccant:

127 3615 248 3681 Graeci
271 3627 445 3683 constanter
465 3619 515 3685 lois
535 3618 611 3685 solis
633 3617 746 3686 tonnis
770 3625 925 3684 utuntur:
951 3616 983 3682 in
1005 3613 1162 3702 praesenti
1183 3612 1330 3694 οῖποχθθ·

127 3746 242 3803 νομαν,
270 3724 300 3789 in
322 3727 436 3792 ooristo
453 3722 661 3807 οῖπνρχθθμνρν,
687 3723 802 3790 deinde
825 3722 1048 3806 circumitionem
1072 3730 1105 3786 et
1126 3719 1329 3800 οῖπθχθνμαο.

176 3829 328 3917 Thucyd.
354 3831 392 3897 ll.
418 3835 473 3898 et.
497 3835 548 3896 νῦν
570 3854 606 3895 νε
630 3832 674 3908 μὶν
698 3830 729 3894 ἐν
753 3829 825 3908 ὑμῖν
849 3829 1007 3911 annolfi,
1032 3826 1126 3892 unice
1147 3845 1258 3892 rerum
1280 3834 1329 3892 est

124 3937 352 4020 ΚΑΤΑλνθῇ,
376 3936 461 4023 quod
485 3937 561 4003 olim
588 3943 751 4023 repertum
776 3936 809 4000 in
834 3933 980 4000 ordinem
1008 3940 1173 4019 receptum
1206 3931 1328 3998 dudum

127 4041 293 4130 oportuit.

173 4147 327 4236 Thucyd.
352 4149 391 4216 ll.
420 4154 471 4216 71.
504 4151 592 4229 ὑμεῖς
623 4148 654 4214 δὲ
678 4147 767 4214 πθλνν
790 4147 847 4226 μὲν
872 4145 923 4212 καὶ
950 4145 1047 4216 ciulac
1079 4147 1151 4224 θμῖυ
1174 4143 1330 4225 septenes

122 4253 204 4341 [τοῖς
228 4254 515 4340 mercimoniam}
563 4252 769 4344 interstrepit
799 4250 929 4318 sciolus.
977 4253 1085 4329 Ἡμεῖς
1116 4253 1142 4316 οῖ
1171 4250 1330 4317 nocetur·

122 4361 245 4444 μθννοο,
272 4358 327 4425 ubi
355 4380 405 4426 res
430 4359 573 4437 itatem,
598 4361 717 4445 optime
739 4357 879 4432 dicitur;
901 4355 955 4424 sed
975 4356 1055 4422 nilril
1077 4366 1127 4424 est
1147 4353 1198 4423 hic
1222 4364 1330 4428 tantae

121 4465 330 4536 acrimoniae
355 4464 414 4532 loci
441 4473 473 4532 et
498 4463 610 4530 dirimi
635 4463 713 4531 tneo
737 4481 800 4528 uon
828 4471 973 4552 possunt.
