3208 4972
796 348 867 422 260

238 551 338 637 βοᾷς,
361 547 447 637 qnod
475 550 579 616 iocose
606 544 758 614 Comicus
785 545 893 612 nescio
924 549 997 635 quis
1030 547 1154 617 attinxit
1187 569 1225 615 ex
1263 549 1432 636 proverbio

240 657 317 724 αύτύ
337 659 414 744 βοᾷ.

284 764 321 832 ln
355 763 509 830 Toaeoride
534 767 596 843 tr,
625 765 676 828 ta.
700 760 767 828 ortt
791 760 842 826 ἐπὶ
866 761 937 836 τοὺς
961 758 1080 842 νόμους
1104 764 1230 844 ἀπῆγεν
1255 761 1300 829 ἔτι
1322 764 1430 843 αὐτόν,

238 869 334 957 panto
367 869 482 938 metius
514 870 547 936 in
573 867 645 936 aliis
669 869 786 948 ἐπῆγεν
818 867 873 934 sed
905 870 1083 955 genuinum
1116 878 1165 938 est
1188 871 1343 950 ἐπήγετο,
1368 890 1430 938 nco

238 977 325 1044 enim
350 975 445 1043 aliter
459 995 556 1063 quam
581 972 756 1056 ἐπάγεσθαι
782 983 814 1041 et
835 975 1038 1056 περιάγεσθαι
1062 974 1212 1044 dicebant
1235 977 1274 1044 de
1297 997 1351 1057 eo,
1374 979 1430 1064 qui

239 1085 381 1150 amicum
406 1091 462 1149 aut
482 1083 621 1148 amicam
638 1083 790 1148 comitem
809 1082 880 1148 viae
903 1091 936 1148 et
959 1083 1086 1148 itineris
1103 1102 1213 1150 secum
1238 1083 1344 1163 dueit,
1367 1104 1430 1151 non

238 1187 638 1271 cooperimentum.
664 1188 736 1256 vide
767 1194 824 1270 ts,
853 1193 904 1258 12.
953 1190 1058 1255 torem
1076 1188 1116 1255 ud
1141 1209 1272 1256 coenatu
1298 1198 1429 1258 euntem

238 1296 432 1377 ἐπαγόμενοι
458 1297 530 1371 τοὺς
558 1294 674 1370 ineam
703 1295 805 1372 ύεούς,
840 1304 872 1362 et
904 1295 951 1361 sic
984 1315 1078 1383 saepe
1112 1295 1197 1382 apud
1224 1317 1345 1364 omnes.
1391 1299 1427 1364 ln

239 1407 256 1491 §
284 1409 335 1472 16.
360 1410 467 1487 Κρῆτα
486 1404 640 1480 νεανίσκον
660 1399 738 1468 God.
758 1401 794 1468 Α.
811 1401 953 1480 ,νεανικόν
973 1411 1005 1469 et
1026 1403 1214 1489 saepissime
1237 1403 1314 1471 alibi
1333 1403 1429 1479 donoc

238 1518 270 1577 et
294 1509 369 1584 σιούς
395 1509 657 1588 contunduntur,
678 1517 715 1575 ut
735 1515 774 1585 o,
795 1513 849 1575 ct.
870 1509 1051 1593 σωφρονιιοός
1072 1517 1103 1576 et
1119 1511 1343 1593 σινφρονόσιιος,
1369 1516 1429 1590 ts,

238 1621 293 1683 20.
317 1617 434 1690 κυνικός
458 1624 491 1683 et
512 1617 661 1689 κοιόσιιος.
710 1612 874 1681 bdmoneo
895 1615 1107 1682 Xanornoorrs
1130 1618 1255 1701 gratia,
1281 1619 1312 1684 in
1335 1619 1430 1684 euius

238 1723 412 1790 Hetteoicic
444 1721 500 1790 tu.
532 1743 576 1788 ιιι.
601 1727 632 1788 t.
664 1740 831 1808 perperam
857 1720 977 1806 iegitur
997 1718 1082 1796 οὗτος
1108 1722 1134 1787 δ’
1156 1720 1190 1800 rto
1214 1723 1267 1790 καὶ
1292 1723 1327 1789 τὸ
1352 1719 1429 1802 εἶδος

238 1830 391 1904 νεανίσκος
416 1829 467 1896 ιια)
493 1831 547 1907 τὴν
569 1828 677 1911 ψυχὴν
701 1827 841 1909 εύρωτος,
868 1827 922 1893 ubi
943 1838 1032 1895 certa
1053 1828 1275 1896 emendatione
1288 1830 1431 1897 rescribo

237 1935 381 2012 ιεανιιιύς.
428 1933 569 2003 Cinadon
594 1943 663 2001 crat
686 1953 821 2020 corpore
845 1932 978 2010 robusto
1002 1943 1034 2003 et
1059 1943 1169 2014 vasto,
1198 1944 1234 2002 ut
1257 1935 1296 2002 de
1321 1957 1357 2003 eo
1375 1956 1431 2023 per

238 2045 302 2112 vim
337 2041 564 2131 prehendendo
591 2040 840 2127 diligentissime
875 2040 995 2128 Ephori
1028 2044 1173 2110 caverint
1209 2051 1241 2109 et
1279 2044 1433 2118 νεανίσκος

239 2149 280 2217 ad
304 2159 441 2216 aetatem
468 2147 608 2216 retertur
632 2147 699 2237 (rio
724 2145 876 2235 ἡλικίαν),
902 2167 964 2214 non
991 2147 1030 2215 ad
1056 2147 1193 2216 sormam
1215 2148 1359 2236 corporis
1384 2150 1432 2240 (ri

238 2254 344 2344 εἶδος).
390 2255 478 2322 idem
499 2256 615 2322 vitium
638 2255 827 2336 iubentem
844 2251 961 2322 Λαοού.
986 2255 1011 2322 1.
1034 2276 1065 2342 p.
1082 2260 1167 2334 5611,
1189 2260 1221 2323 8.
1243 2257 1431 2336 ούιιμαΐοςε

236 2365 409 2442 νεανόσιιος,
432 2369 591 2446 capnon:
628 2360 799 2427 dubitasne
830 2357 964 2434 νεανιοιός
997 2361 1171 2447 reponere?
1208 2362 1245 2430 iu
1277 2366 1294 2448 §
1323 2367 1376 2430 42.
1405 2365 1431 2431 ri

236 2471 290 2537 καὶ
333 2469 449 2543 ἄλλους
492 2492 538 2534 σοι
582 2466 657 2534 δέκα
697 2467 759 2542 δοίη
802 2491 849 2540 τις
892 2464 1184 2549 καταριθμήσασθαι
1231 2467 1430 2548 ἀνωμότους,

236 2576 365 2663 corrige
399 2571 566 2659 ανονμότςο,
608 2574 744 2640 iniurato
775 2573 843 2640 tibi.
893 2577 911 2658 ς
948 2578 1002 2640 ct.
1036 2569 1094 2648 oica
1130 2573 1212 2644 ποόνν
1251 2576 1430 2654 ἐπονοῦντο,

238 2685 395 2751 usitatum
416 2691 463 2750 est
486 2681 618 2748 ἐπόνουν.
654 2684 746 2767 §55⁸
779 2679 973 2747 ὑποτελέσειν
995 2719 1036 2732 ·-·
1054 2679 1278 2764 χειρώσασθαι,
1302 2683 1431 2770 corrige
1496 2713 1501 2722 ·

236 2791 395 2858 ὑποτελεῖν
426 2828 468 2838 -
493 2790 702 2873 χειρώσεσθαι.
744 2791 839 2874 560.
871 2785 1177 2866 cotmprensae
1211 2794 1264 2856 τοῦ
1288 2789 1431 2872 τραύμα·

237 2923 287 2974 τος
319 2907 352 2964 et
381 2905 453 2985 post
485 2915 586 2983 pauca
616 2893 720 2976 χωλός
753 2895 814 2964 ε’ςιν
845 2891 909 2965 cirri
940 2898 994 2959 τοῦ
1026 2895 1224 2975 πραύματοςς
1260 2895 1431 2985 utrobique

237 3002 374 3072 emenda
393 3002 449 3068 ὑπὸ
469 3007 523 3068 τοῦ
545 3001 744 3082 τραύματος,
769 3001 855 3066 utin
883 3003 900 3086 §
925 3004 980 3066 61.
1000 3001 1066 3068 οὐδὲ
1088 3001 1196 3072 iscium
1217 3001 1344 3068 ἐδύνατο
1372 3003 1431 3069 ὑπό

235 3119 291 3188 τῆς
316 3109 429 3183 ὀδύνης.
467 3106 565 3173 Sedet
583 3108 661 3173 viris
681 3105 785 3172 doctis
804 3104 934 3190 perinde
954 3123 1023 3172 esse
1045 3115 1155 3173 utrum
1174 3106 1240 3175 ύπό
1257 3127 1297 3174 an
1318 3107 1378 3174 ὑπό
1398 3108 1430 3173 in
1538 3187 1544 3212 Ι

236 3215 355 3283 tatibus
379 3211 556 3288 scribatur,
589 3231 728 3299 namque
759 3209 820 3277 ὑπό
843 3213 875 3277 in
902 3211 1014 3278 multis
1037 3211 1129 3279 libris
1152 3221 1219 3292 est,
1246 3213 1277 3279 in
1308 3214 1432 3300 optimo

235 3323 273 3389 n.
298 3318 459 3405 inpriore
483 3318 551 3384 ioco
571 3320 634 3384 ύπὸ
658 3323 711 3384 τοῦ
734 3319 912 3399 τραύματος
944 3315 1077 3404 iegitur,
1105 3319 1136 3385 in
1162 3319 1263 3386 altero
1287 3320 1344 3388 ὑπὸ
1375 3325 1431 3387 τοῦ

233 3424 426 3509 τραύματος.
474 3423 583 3492 Nostri
607 3433 655 3492 est
681 3425 799 3511 ubique
823 3423 950 3491 arbitrii
974 3443 1012 3490 ex
1038 3423 1230 3492 Graecitatis
1255 3427 1381 3492 ratione
1398 3434 1431 3494 et

233 3554 294 3603 usu
310 3532 456 3618 singulos
476 3532 562 3599 tocos
579 3533 795 3608 constituere,
821 3551 920 3617 quum
946 3549 983 3596 ea
1008 3532 1051 3597 sit
1075 3530 1327 3599 describentium
1354 3532 1430 3598 tevi·

233 3651 301 3722 tas,
326 3640 381 3708 sed
406 3639 444 3708 de
467 3660 505 3708 ea
531 3658 564 3706 re
590 3659 662 3704 mox
688 3638 792 3726 ptura.
840 3637 920 3719 Quis
944 3635 1083 3725 denique
1108 3641 1247 3706 miretur
1271 3637 1431 3718 διεξέπεσε

232 3750 334 3817 sotere
358 3748 501 3834 irrepere
523 3745 798 3834 predestinatos,
825 3743 878 3810 ubi
904 3742 1021 3811 viderit
1046 3758 1064 3831 p
1090 3749 1143 3812 61.
1169 3765 1226 3833 pro
1248 3743 1325 3827 ἔφύιρ
1351 3747 1431 3812 διεκ-

231 3854 351 3929 ταόσας
376 3854 409 3919 in
430 3853 561 3940 optimis
584 3860 617 3920 et
637 3851 876 3938 antiquissimis
900 3869 969 3916 esse
993 3849 1179 3931 διεκτέσας,
1202 3851 1287 3919 unde
1311 3851 1432 3918 sciolos

228 3961 262 4030 in
289 3957 369 4029 God.
397 3959 433 4025 b.
460 3957 669 4032 irrepentem
690 3956 800 4024 etieeit
824 3957 1005 4023 sententiae
1030 3977 1176 4025 securos.

276 4065 481 4151 Quicumque
516 4065 648 4153 scripsit
691 4043 826 4130 Ludiom
857 4063 922 4130 cive
961 4064 1094 4132 Asinum
1128 4063 1293 4151 atiquantc
1325 4065 1433 4132 serius

230 4193 329 4263 qnam
361 4171 511 4238 Lucrinus
542 4172 623 4237 vixit
653 4179 686 4238 et
715 4171 898 4238 Graecitate
932 4171 1038 4239 utitur·
1061 4168 1227 4257 aliquanto
1251 4169 1432 4248 deteriore,

227 4280 334 4348 multa
359 4276 560 4364 negligenter
583 4287 617 4344 et
641 4277 773 4366 ptebeiis
798 4276 964 4343 erroribus
993 4278 1203 4364 scriptitans,
1228 4297 1266 4344 ert
1290 4297 1354 4365 quc
1378 4297 1432 4363 ge·

227 4405 306 4452 nere
333 4403 435 4450 unum
461 4383 624 4469 specimen
650 4403 735 4449 nunc
764 4381 913 4450 attutisse
934 4383 997 4450 erit
1015 4385 1094 4451 satis
1117 4404 1157 4451 ex
1189 4387 1257 4470 §b
1283 4382 1372 4465 ἤρετό
1388 4407 1432 4464 με

227 4491 275 4565 τίς
299 4489 356 4570 μὲν
389 4487 457 4558 ἔται
490 4490 509 4565 ἡ
541 4493 591 4554 νῦν
621 4512 671 4567 μοι
702 4489 767 4561 ὁδὸς
798 4488 851 4555 καὶ
884 4489 909 4554 st
942 4488 1061 4563 πόσαις
1091 4491 1234 4580 (ὁπόσαις
1268 4480 1434 4571 Rsffltus)
