3160 4972
743 363 815 434 374

198 563 291 646 τούτῳ
321 563 477 644 ςραπννὸς
509 557 610 624 tultus
643 559 674 623 ἒν
704 557 772 640 ton
797 558 891 624 corais
913 556 1004 640 άρπον
1027 557 1045 634 ἢ
1072 593 1117 608 -
1141 558 1231 638 ἔργον
1255 565 1393 642 συνεφα-

200 670 361 750 πτόμενος.
409 666 547 732 Cuilibet
572 665 667 730 militi
695 663 968 730 iucundissimum
1003 661 1034 729 id
1069 663 1288 750 spectaculum
1320 677 1391 744 est,

201 776 345 864 opinor-,v
362 781 395 840 et
425 775 456 838 in
491 770 567 838 solis
600 772 752 838 Romanis
783 769 814 835 id
840 770 993 848 laudare,
1018 766 1104 855 quod
1128 773 1279 838 omnibus
1302 790 1393 836 com·

201 900 299 948 roune
323 888 391 960 est,
417 879 570 946 Romanis
601 875 815 964 scriptoribus
841 879 1006 963 proprium
1031 888 1096 958 est,
1121 887 1157 944 ut
1181 877 1312 945 Graccis
1332 897 1392 943 sua

202 987 299 1054 unice
329 986 467 1074 placent.
514 985 585 1072 ipsa
611 984 781 1050 verborum
809 980 975 1050 collocatio
997 986 1101 1073 aperit
1125 983 1283 1051 fraudem.
1330 985 1393 1066 Qui

201 1093 342 1178 Ῥωμαίῳ
366 1093 470 1174 lianc
501 1091 654 1175 ερατιύπῳ
678 1098 735 1156 aut
759 1088 1129 1178 Romano‘cpcctcoulcm
1154 1091 1249 1156 osilits'
1274 1093 1306 1156 iu
1332 1091 1393 1157 bac

200 1200 360 1266 sententia
385 1199 465 1265 bene
492 1196 644 1266 collocata
670 1215 740 1262 esse
766 1203 876 1282 putat,
901 1198 930 1263 el
955 1197 1089 1265 Graecia
1113 1209 1144 1265 et
1170 1197 1262 1263 ltalia
1289 1217 1394 1284 usquc

202 1314 305 1372 maier
328 1317 378 1372 est
399 1325 502 1392 neque
533 1323 680 1371 noverca.
730 1302 765 1368 lu
792 1301 957 1388 Lysandro
988 1325 1057 1391 cap.
1084 1311 1115 1371 a.
1148 1305 1162 1370 l
1187 1305 1394 1384 Ἀλκιβιάδης

202 1411 260 1478 ύπὸ
283 1417 342 1480 τῶν
366 1413 397 1477 ἐν
421 1410 522 1495 Σάμῳ
547 1408 746 1497 [sparseras]
774 1407 999 1491 ἀτιμαζόμενος
1026 1410 1224 1478 ἀπέπλευσεν
1248 1412 1290 1485 εἰς
1317 1421 1393 1492 Χερ-

200 1517 331 1602 ρύνιισον.
378 1517 444 1584 Nou
471 1518 591 1582 milites
615 1514 673 1582 soli
707 1514 761 1582 scd
796 1534 907 1580 omues
934 1516 1130 1584 Alcibiadem
1166 1527 1234 1582 tum
1259 1515 1395 1583 oderant

202 1627 227 1692 ol
252 1628 282 1692 ἐν
305 1625 416 1708 Σάμῳ.
466 1623 661 1710 Saepissime
693 1629 800 1686 autem
831 1621 981 1688 dicebaut
1004 1625 1029 1689 oi
1055 1625 1085 1689 ἕν
1109 1623 1228 1706 Σάμῳ,
1254 1630 1290 1689 ut
1313 1624 1339 1689 oi
1362 1624 1394 1689 ἐν

201 1729 290 1807 άςει,
322 1733 348 1796 ol
380 1731 415 1795 ἐκ
447 1735 607 1811 Πειραιῶς,
639 1729 664 1794 οἱ
698 1725 732 1804 ἐξ
759 1725 869 1807 risam,
902 1729 985 1815 quod
1019 1729 1130 1796 brsms
1161 1749 1259 1796 causa
1291 1729 1392 1806 addo,

201 1834 286 1923 apud
311 1854 407 1921 quem
433 1834 659 1921 turpissimum
686 1832 843 1900 emblema
868 1836 1061 1902 seutentiam
1088 1835 1148 1900 loci
1174 1835 1391 1924 pessumdedit

204 1941 302 2008 XXV.
326 1945 379 2008 53.
413 1940 575 2020 ἡγούμενοι
599 1945 650 2004 νῦν
681 1941 738 2020 μὲν
762 1940 813 2008 διά
835 1941 906 2016 ποὺς
930 1943 965 2007 ἐκ
994 1948 1141 2024 Πειραιῶς
1165 1942 1315 2015 κινδύνους
1339 1944 1392 2010 αύ-

202 2055 266 2122 ποῖς
297 2045 410 2126 ἐξεῖναι
441 2055 536 2113 ποιεῖν
567 2043 634 2112 dra
667 2045 705 2112 άν
735 2046 929 2127 βούλωνται,
961 2049 1015 2114 ε’άν
1039 2051 1066 2115 δ’
1090 2047 1192 2130 ύςερον
1215 2050 1252 2116 δι’
1277 2048 1393 2130 ἒπέροος

203 2154 335 2235 sarapta
364 2153 494 2231 γένηται
526 2155 591 2220 κπὲ.
646 2151 776 2238 Corrige
807 2154 858 2220 διά
888 2156 959 2228 πούς
989 2156 1023 2220 ἐκ
1055 2161 1201 2236 Πειραιῶς
1233 2163 1394 2241 expuncto

202 2258 371 2338 κινδύνους,
395 2257 478 2346 quod
504 2277 542 2324 ex
567 2258 634 2344 ipsa
659 2263 859 2346 oppositione
884 2263 1066 2328 necessario
1090 2261 1287 2346 requiritur,
1312 2271 1344 2326 et
1366 2261 1392 2326 cl

202 2368 236 2433 ἐκ
262 2372 410 2448 Πειραιῶς
434 2363 559 2431 κίνδυνοι
593 2365 688 2432 rerba
714 2375 791 2432 suut
816 2385 913 2432 seusu
940 2385 1051 2433 vacua.
1101 2365 1222 2432 tudam
1248 2385 1349 2433 uuum
1375 2388 1391 2432 a

202 2472 321 2539 Sosium
341 2470 577 2558 deprehensum
603 2472 635 2536 in
657 2473 722 2537 rita
745 2471 865 2549 Ονοιοί,
895 2472 971 2558 quia
997 2481 1061 2538 tam
1086 2473 1212 2558 insigne
1235 2482 1267 2538 et
1293 2475 1392 2539 mani·

202 2576 320 2644 lestum
345 2585 395 2644 est
418 2576 693 2655 additamentum,
720 2586 755 2644 ut
778 2579 821 2644 sit
845 2579 899 2644 καὶ
918 2580 1029 2663 monci
1052 2580 1154 2655 δῆλον.
1191 2579 1226 2644 lu
1248 2581 1352 2667 capite
1373 2585 1392 2646 3

203 2689 316 2751 narrat
335 2681 374 2750 de
393 2683 573 2750 Alexandro
595 2682 733 2770 quodam
757 2683 943 2771 philosopho
968 2685 1191 2772 peripatetico,
1211 2685 1266 2771 qul
1280 2687 1393 2751 Crasso

202 2791 307 2858 amico
329 2797 408 2856 risus
427 2791 459 2856 iu
481 2810 608 2857 summa
628 2808 738 2858 rerum
759 2793 902 2856 omnium
931 2792 1064 2878 penuria
1086 2791 1174 2856 vixit.
1211 2790 1394 2878 adscripsit

201 2896 393 2966 Graeculus:
419 2901 482 2980 φεύ
504 2898 749 2976 siscionensis,
774 2897 838 2963 οὐδὲ
863 2896 918 2972 τὴν
948 2897 1057 2963 πενίαν
1077 2899 1091 2962 l
1115 2897 1241 2976 τλάμων
1263 2896 1392 2981 άδιάφο·

201 3028 248 3089 ριν
272 2995 456 3082 ἡγούμεναι
484 3022 566 3088 quae
594 3011 668 3071 ante
701 3003 842 3068 Socmuu
874 3023 932 3089 pro
959 3003 1160 3069 Plutarclreis
1187 3001 1392 3088 legebanturl

246 3108 294 3176 bd
319 3127 391 3194 pag.
418 3111 494 3173 294.
543 3107 627 3174 lllud
660 3110 765 3196 ipsum
793 3107 1040 3195 compendium,
1073 3128 1139 3194 quo
1166 3111 1271 3190 ύραῒον
1295 3107 1393 3174 scribi

202 3214 299 3290 solet,
326 3210 408 3276 male
432 3213 602 3300 irrepsisse
626 3218 773 3302 suspicor
797 3216 828 3280 in
854 3215 951 3280 rerba
976 3215 1142 3280 Srmooms
1167 3214 1226 3282 lll.
1252 3235 1284 3302 p.
1313 3221 1393 3293 tt'l,

201 3320 256 3408 qui
283 3325 450 3404 postquam
483 3318 588 3385 locum
621 3323 772 3387 l'osroouu
805 3321 914 3387 attulit
939 3322 1044 3408 opima
1071 3320 1245 3406 Hispaniae
1266 3321 1393 3388 metalla

202 3427 250 3492 sic
274 3423 453 3489 laudantis:
485 3428 559 3507 παρ’
592 3427 713 3502 ἐκείνοις
741 3431 779 3501 ύς
803 3431 923 3504 άλιιύῶς
946 3429 998 3494 τὸν
1022 3426 1196 3507 ύποχύύνιον
1220 3425 1312 3494 τύπον
1336 3428 1395 3506 ούχ

203 3529 365 3607 Veledae,
399 3533 474 3598 ἀλλ’
505 3533 519 3598 d
551 3533 697 3600 Πλούτων
727 3541 884 3610 κατοικεῖ,
917 3533 1006 3598 addit
1037 3537 1171 3598 τοιαῦτα
1200 3531 1258 3612 μὲν
1289 3530 1337 3600 ούν
1365 3532 1395 3597 ἐν

202 3639 299 3722 ύροάῳ
323 3639 467 3719 οχύμαπι
497 3639 596 3721 εἴρηκε
627 3640 693 3722 περὶ
718 3641 842 3707 πούποον.
894 3641 954 3705 Pro
976 3639 1073 3722 ύραύιρ
1099 3639 1131 3704 lu
1157 3639 1248 3706 libris
1272 3648 1321 3706 esi
1346 3639 1394 3705 ού-

202 3749 301 3828 ρανῳτ
328 3745 383 3810 alii
421 3745 535 3829 ύραύῳ,
569 3745 623 3812 alii
653 3748 792 3829 ῥητορικῷ
832 3745 1069 3813 subsilueruut.
1120 3745 1236 3812 Srmoo
1270 3745 1397 3813 dixerat

203 3852 234 3916 ε’ν
257 3851 422 3931 πχύμαπι,
448 3861 483 3916 ut
508 3851 610 3918 solent
638 3853 763 3929 dicere,
789 3853 896 3918 nescio
928 3854 1002 3939 quis
1028 3849 1208 3918 admiratus
1240 3852 1396 3918 Posrooutr

205 3956 345 4043 lepidum
374 3956 497 4023 dictum
523 3959 669 4046 appinxit
695 3961 820 4040 ύραΐον,
846 3959 1071 4046 compendium
1098 3959 1181 4025 male
1205 3957 1324 4024 lectum
1349 3959 1396 4025 ού·

203 4065 281 4149 ρανῷ
305 4065 442 4149 peperit,
467 4071 499 4130 et
519 4075 595 4131 sunt
614 4065 669 4151 qui
695 4065 833 4131 urultum
858 4066 1002 4132 tribuant
1021 4064 1085 4132 illis
1107 4063 1394 4144 homuncionibm,

80 4203 90 4222 ·
205 4169 262 4257 qui
286 4168 317 4233 ἐν
339 4169 450 4250 ούρανῷ
475 4170 622 4252 σχήματι
647 4172 731 4236 serio
755 4171 898 4238 scribere
921 4181 1107 4259 potueruut.

253 4273 302 4340 lu
328 4295 400 4361 pag.
426 4281 503 4343 511.
551 4277 752 4364 Quamquam
785 4277 819 4342 cl
851 4277 946 4357 ὄνομα
976 4279 1034 4344 ὑπὸ
1065 4283 1119 4346 πού
1149 4278 1266 4361 πατρὸς
1297 4285 1397 4347 κεῖται

205 4383 325 4469 ορῑίιιιο
348 4379 484 4462 dicitur,
513 4403 573 4449 ooo
599 4392 648 4450 est
673 4393 780 4450 tamen
804 4401 841 4450 ea
867 4404 901 4450 re
925 4383 1122 4452 abutendum
1150 4394 1185 4452 ut
1211 4383 1332 4452 tuearis
1354 4382 1397 4449 lo·

205 4505 299 4564 cum,
334 4485 440 4572 qualis
479 4495 529 4554 est
569 4487 741 4556 Paurmcur
775 4489 813 4556 dc
852 4491 947 4557 Genio
982 4489 1119 4558 Socratis
1159 4511 1232 4579 pag.
1270 4495 1334 4559 583
1370 4509 1397 4554 c.
