3208 4972
805 339 875 413 ltu

237 552 402 622 apparere.
449 531 555 620 lpslus
587 534 683 602 verlra
717 535 886 603 subiiciam
903 536 937 620 ¹).
986 533 1096 601 [licam
1121 531 1199 620 quid
1223 531 1271 599 rei
1292 533 1345 598 sit.
1393 529 1431 597 ln

237 637 354 709 Codice
383 638 564 707 luculenter
594 651 771 729 apparete
796 643 901 730 prima
926 660 1024 707 manu
1049 641 1118 707 sine
1142 638 1206 706 ulla
1230 638 1431 706 correctione

237 731 288 812 rel
318 746 564 832 interpolatione
598 749 756 834 scriptum
788 767 874 814 esse:
907 747 987 828 νέμω
1020 747 1051 814 dl
1082 743 1217 828 τράγους
1240 751 1298 812 τῶν
1320 743 1430 812 τούτου

238 852 317 932 βοῶν
348 853 502 934 μείζονας.
534 850 591 930 ἔξω
623 851 656 919 δέ
678 855 696 939 ΙΙ
719 852 800 921 οὐδὲν
831 857 890 921 ἀπ’
923 855 1035 921 αὐτῶν.
1061 855 1093 919 in
1116 859 1177 919 τῶν
1200 848 1431 918 circumflexus

238 977 313 1027 cum
338 959 440 1024 rncali
465 977 528 1024 uno
548 956 649 1026 ductu
670 960 898 1038 continuatur,
924 963 956 1025 in
975 957 1085 1026 radron
1104 957 1246 1026 secunda
1259 956 1430 1045 diphthon·

239 1083 300 1151 gns
324 1073 398 1130 nota
420 1063 521 1131 lorma
542 1063 680 1152 implexa
702 1065 907 1153 praecedenti
930 1065 1059 1132 litterae
1072 1064 1295 1152 suprascripta
1308 1072 1373 1140 est,
1398 1063 1430 1129 in

238 1168 381 1252 μείζονας
414 1170 537 1258 liquido
568 1181 700 1258 apparet
730 1173 786 1253 psl
817 1171 939 1259 reliqua
973 1173 1026 1236 vis
1058 1180 1257 1248 cernuntur,
1286 1169 1428 1237 sednon

239 1286 288 1345 est
311 1276 350 1344 de
374 1297 411 1344 eo
428 1276 581 1344 vocabulo
600 1280 835 1357 controuersia,
854 1287 925 1344 tum
952 1277 1009 1356 ἔξω
1031 1277 1119 1344 ηηΙΙο
1142 1277 1267 1364 negotio
1288 1273 1430 1341 discerni

240 1391 343 1471 potest
364 1390 397 1450 et
421 1382 453 1449 dd
477 1380 511 1448 in
535 1390 680 1450 extremo
705 1405 808 1452 uersu.
857 1385 1116 1472 interpolationis
1134 1401 1196 1450 non
1217 1389 1266 1449 est
1286 1381 1354 1448 nola
1369 1399 1428 1448 nec

240 1491 425 1575 vestigium.
474 1488 579 1571 Quum
617 1487 695 1556 haec
731 1501 954 1578 perscrutarer
989 1490 1145 1560 Gounrcnu
1185 1487 1328 1578 Epistola
1358 1493 1428 1555 erat

240 1594 280 1662 ad
317 1614 465 1672 manum.
498 1615 634 1682 eamque
669 1595 709 1662 ad
746 1597 872 1684 singula
908 1596 1087 1683 erigebam.
1143 1596 1237 1662 Lecta
1271 1593 1429 1665 Gouurcnn

239 1695 466 1769 criminatione
489 1699 594 1770 locum
619 1701 658 1768 de
683 1722 763 1769 rrovo
788 1704 1005 1771 intentissima
1029 1722 1108 1771 cura
1131 1702 1237 1788 relego
1260 1701 1430 1788 investigo-

240 1827 302 1894 quc
333 1807 455 1894 ecquod
484 1817 567 1874 esset
599 1807 696 1874 holus
727 1809 868 1888 frondic,
893 1829 989 1897 quam
1014 1810 1180 1894 arguerit,
1206 1806 1254 1874 rel
1280 1807 1432 1873 tenuissi-

240 1933 331 1980 mum
368 1914 535 1980 indicium.
583 1913 671 1996 Quod
709 1925 787 1982 tunc
821 1917 853 1982 io
885 1914 1135 1985 Commentariis
1168 1911 1430 1998 indignabundus

240 2019 414 2108 adscripsi:
447 2019 717 2106 impudentissime
747 2025 912 2100 mentitur,
944 2041 1029 2087 nunc
1063 2028 1099 2086 ut
1129 2020 1161 2084 in
1194 2038 1229 2085 re
1253 2028 1343 2085 certa
1368 2038 1430 2086 non

241 2126 354 2194 dubito
386 2125 489 2214 palam
516 2127 740 2212 pronunciare.
764 2127 820 2207 ὅξω
844 2129 1001 2215 scriptum
1027 2133 1076 2193 est
1099 2145 1118 2191 o
1142 2126 1253 2212 stipite
1277 2145 1335 2212 pro
1356 2123 1430 2207 ὄζω,

242 2243 278 2299 nt
300 2251 395 2320 saepe
411 2229 440 2332 ,ζ
459 2239 491 2299 ct
515 2229 535 2309 ξ
555 2229 740 2313 contundit,
764 2235 888 2314 ἐξήτηων
907 2233 1053 2302 scribens
1073 2249 1132 2318 pro
1150 2232 1291 2314 ἐζήτουν,
1314 2240 1347 2298 ot
1360 2252 1431 2320 pas·

242 2339 303 2407 sim
338 2338 492 2425 absurda⁸
509 2345 541 2404 et
570 2337 705 2406 barbara
737 2342 916 2427 scriptitat,
944 2360 983 2407 ex
1013 2337 1132 2426 quibus
1155 2335 1357 2404 simillimum
1381 2347 1431 2406 cst

242 2465 271 2532 p.
307 2449 361 2510 37.
393 2441 535 2522 ἐξώννυτο
566 2453 598 2511 el
634 2448 707 2511 156.
743 2446 911 2526 ἕξωσμένηω
943 2463 1001 2533 pro
1028 2443 1169 2527 lidorum
1193 2453 1223 2510 el
1249 2443 1429 2527 ἐζωσμένον.

242 2549 324 2618 Vero
350 2551 451 2637 igitur·
482 2551 645 2638 scriptura
676 2560 744 2629 est,
777 2571 872 2639 qnam
906 2551 1002 2619 linum
1028 2553 1155 2639 primus
1178 2549 1326 2618 dederet:
1350 2551 1429 2631 νέμω

241 2658 272 2724 δὲ
303 2656 436 2740 τράγους
467 2663 525 2724 τῶν
554 2657 662 2725 τούτων
690 2659 771 2738 βοῶν
802 2657 962 2741 μείζονας,
994 2657 1049 2739 ὄζω
1078 2657 1110 2723 δὲ
1133 2657 1216 2723 οὐδὲν
1239 2659 1297 2724 ἀπ’
1320 2658 1429 2725 αὐτῶν.

240 2761 385 2832 Gounrrn.
422 2764 550 2831 censuit
584 2773 654 2852 post
690 2766 797 2830 omnia
834 2764 939 2831 locum
971 2765 1018 2830 sic
1050 2783 1119 2830 esse
1148 2763 1430 2833 constituendum:

240 2871 320 2950 νέμω
356 2871 387 2937 δὲ
421 2870 575 2953 τράγους,
605 2867 636 2942 ὅς
667 2872 702 2949 γ’
726 2870 839 2944 αὐτοὺς
869 2871 947 2951 βοῶν
977 2871 1121 2948 spateae
1152 2868 1283 2952 παρέξω.
1314 2870 1370 2954 ὄζω
1397 2871 1430 2938 dd

239 2976 323 3045 οὐδὲν
353 2979 410 3043 rlrr’
442 2978 559 3055 adroic,
583 2975 760 3043 admonens
784 2977 922 3043 'l'ounruu
945 2976 1093 3042 docuisse
1116 2971 1148 3050 te
1171 3001 1211 3056 γε
1234 2986 1266 3042 et
1288 2973 1347 3048 dics
1370 2975 1430 3044 ali·

240 3081 369 3171 quando
389 3081 520 3148 coniusa
544 3081 653 3150 luisse.
697 3081 757 3163 Qui
783 3081 862 3150 haec
887 3083 965 3150 lrene
988 3081 1109 3149 Graece
1129 3080 1217 3149 dicto
1241 3101 1311 3149 esse
1334 3091 1430 3170 puta-

241 3188 305 3268 lrit,
336 3208 397 3254 nou
423 3208 536 3255 recuso
559 3207 623 3274 quo
648 3190 756 3256 rninus
779 3189 809 3256 ei
834 3188 873 3256 de
895 3190 1050 3256 chnrran
1080 3187 1272 3256 Graecitatis
1292 3189 1430 3256 seientia

240 3295 377 3376 nimium
402 3293 613 3362 inclementer
636 3294 754 3362 dixisse
782 3304 815 3362 et
840 3297 948 3383 inique
973 3295 1070 3362 nimis
1093 3293 1215 3362 sentire
1238 3294 1356 3363 ridear.
1393 3295 1429 3362 ln

242 3419 437 3437 “mn-—

277 3489 302 3554 i)
321 3485 420 3549 arvip-
437 3486 470 3538 δὲ
488 3489 604 3559 τράγους
622 3455 656 3550 r'rr
672 3491 789 3551 celsoue
805 3491 1089 3557 βηόωμείζονης....
1108 3491 1209 3549 ξι...
1228 3489 1321 3543 cdddv.
1340 3489 1432 3544 c'erair

239 3571 265 3622 le
286 3571 404 3624 l'endroit
425 3574 457 3624 de
481 3581 537 3626 tous
562 3577 588 3626 le
608 3576 664 3641 plus
686 3577 812 3628 mssoslte
833 3578 896 3628 dans
917 3574 1044 3640 l’originsl
1068 3576 1154 3640 qncnd
1169 3589 1232 3626 noas
1249 3577 1274 3627 le
1290 3575 1429 3642 ceptrum,

239 3653 305 3716 moi,
328 3653 397 3705 MM.
420 3655 498 3708 Furia
518 3665 544 3709 er
568 3657 683 3709 Bencin'u
715 3657 785 3710 Nous
806 3674 823 3723 y
846 3660 972 3709 rerlnmes
988 3658 1110 3722 plusieurs
1126 3658 1174 3708 loir
1187 3663 1212 3709 st
1229 3655 1273 3722 n’y
1292 3660 1379 3722 pdmes
1392 3656 1431 3722 js·

239 3737 303 3786 meis
324 3737 465 3802 distinguer
485 3755 535 3804 que
559 3755 588 3792 ce
609 3755 659 3806 quc
677 3739 727 3806 ssi
746 3742 830 3792 donae
852 3739 950 3791 lotidem
967 3740 1059 3791 litteris
1074 3741 1137 3790 dena
1153 3755 1214 3790 mon
1233 3739 1336 3790 edition.
1370 3739 1431 3790 d'eu

239 3817 309 3868 aveir
330 3819 376 3870 solt
395 3820 456 3870 troia
472 3823 570 3886 cupies,
588 3830 747 3876 exactement
762 3823 872 3889 figurem
889 3839 931 3873 sur
946 3837 998 3873 une
1015 3823 1098 3874 meme
1114 3821 1207 3873 tesino.
1242 3820 1314 3872 Cotto
1331 3819 1431 3882 eante.

238 3901 345 3966 depones
366 3902 432 3952 ele
455 3903 625 3970 bibliotheque
648 3912 673 3956 et
686 3905 768 3970 joinre
784 3919 816 3956 ao
832 3905 981 3966 merucesc,
997 3919 1091 3970 moure
1107 3903 1183 3970 qu'cn
1200 3919 1218 3969 y
1234 3903 1302 3954 lissit
1319 3903 1386 3954 alors
1402 3919 1431 3956 ce

238 3996 288 4048 que
307 3981 355 4048 j'ei
379 3983 477 4047 public:
503 3987 522 4036 it
547 3993 585 4038 cst
607 3988 661 4036 rrsi
677 3986 755 4053 qu'on
775 4003 793 4052 y
815 3988 845 4038 lit
867 3987 1037 4048 maimonem,
1059 4001 1157 4038 commo
1180 3987 1258 4037 ledit
1276 3987 1314 4036 Μ.
1338 3985 1430 4039 Furia:

239 4063 294 4113 cuis
320 4063 423 4114 τούτου
449 4065 524 4126 βοῦν
548 4069 693 4133 μείζονας,
716 4069 784 4120 aussi
808 4069 954 4120 cleiremcut
975 4081 1024 4132 que
1044 4071 1108 4119 dane
1125 4081 1205 4118 meon
1222 4067 1286 4118 livre
1302 4067 1431 4133 imprlmd3

237 4149 302 4200 meir
324 4147 385 4199 c'est
406 4163 458 4200 one
474 4153 613 4203 correction
634 4151 748 4212 rmonle,
767 4151 827 4202 loire
843 4149 941 4215 d'apres
957 4165 1000 4202 mo
1016 4151 1169 4203 trudocriona
1187 4149 1242 4210 cui,
1254 4150 1285 4216 js
1300 4149 1380 4216 pardo
1396 4150 1433 4201 lor

238 4229 335 4280 oteres
352 4239 376 4280 ct
393 4229 429 4281 leo
444 4231 518 4282 rendr
533 4233 670 4284 meillesrer
687 4249 734 4298 qne
750 4249 780 4283 ne
796 4241 878 4282 serent
895 4233 987 4293 innuis
1000 4231 1036 4283 les
1048 4231 1137 4283 enodes
1150 4231 1180 4282 dr
1194 4231 1299 4284 celui-cl.
1318 4231 1366 4284 cst
1388 4247 1431 4284 οη·

237 4313 304 4364 droit
328 4329 344 4364 s
369 4313 409 4366 dte
432 4315 551 4368 retouclrd
573 4317 594 4366 sl
609 4316 839 4376 vmclcdroiremnnt
860 4315 924 4367 dona
947 4316 971 4368 le
990 4316 1139 4378 manuscrit,
1156 4327 1205 4382 qua
1222 4313 1378 4381 limpostnrc
1395 4323 1433 4370 en

238 4395 355 4448 rislble.”

272 4479 392 4532 Eiusdem
409 4485 446 4532 sat
463 4481 499 4531 ric
515 4478 618 4533 mentiri
635 4485 661 4531 et
677 4478 797 4532 codicem
816 4479 849 4530 ds
866 4478 989 4532 industrie
1004 4491 1173 4545 comumpere.
