3150 4972
778 337 848 412 tto

229 537 365 609 triticam.
413 537 504 621 Quod
536 535 656 622 iegitur
687 539 746 614 39,
782 544 811 602 d.
841 537 933 602 ἐκείνω
956 535 1015 616 μέν
1037 561 1076 616 γε
1099 536 1153 605 οὐκ
1174 535 1358 620 ἐξερήσομαί
1379 563 1415 606 σε

228 650 253 715 εί
284 649 340 722 τὴν
369 643 549 723 Καλάμιδος
577 639 761 723 Σωσσίνδραν
783 641 948 723 τείέασαι,
975 663 1037 708 non
1065 645 1170 709 estin
1196 664 1256 711 usu
1281 643 1414 728 ίξεριίσσ-

227 778 286 835 ριαι
319 761 375 818 aut
399 751 547 832 ἐξηρίμιιν
572 750 634 814 nisi
659 747 744 834 apud
770 755 889 835 poetas.
938 749 1106 816 Soruoccns
1129 750 1212 816 dixit
1235 751 1414 834 ε’ξεριίσσμαι

226 858 337 926 eadem
368 857 408 924 de
431 875 548 933 causa,
571 853 780 941 quamobrem
805 853 996 935 ἐξεπίςαμαι
1020 865 1085 923 tant
1111 877 1205 944 saepe
1227 857 1320 925 dicit:
1345 879 1414 925 sen·

226 955 346 1032 tentiae
370 960 504 1050 perinde
527 970 595 1041 est,
623 971 725 1026 metro
750 981 812 1026 non
839 962 928 1027 item.
965 963 1114 1028 Lucienus
1132 973 1163 1028 ct
1183 983 1295 1030 omncs
1314 966 1414 1046 ε’ριίσι-

226 1096 285 1152 porr
310 1069 469 1136 dicebant.
518 1067 607 1134 Unde
630 1066 731 1154 igitur
755 1066 888 1134 molesta
908 1069 1126 1155 praepositio?
1150 1068 1314 1156 intelliges
1331 1092 1414 1138 com·

227 1189 340 1265 parato
368 1176 436 1241 loco
467 1174 633 1240 simillimo
664 1179 727 1253 20,
753 1178 807 1241 te.
836 1175 1003 1257 Χρυσίππῳ
1027 1174 1059 1240 δέ
1084 1200 1124 1255 γε
1144 1175 1244 1242 ωἰκίτι
1269 1177 1415 1259 ἐριίσσμαί

226 1307 261 1350 σε
284 1284 379 1350 πίσα.
426 1281 546 1368 Nempe
571 1281 603 1345 in
627 1279 721 1346 codd.
746 1303 777 1347 rr
801 1290 832 1347 ct
856 1305 891 1363 τρ
915 1280 1106 1348 scribuntur
1129 1302 1194 1349 uno
1216 1281 1336 1361 ductu,
1358 1283 1413 1370 qui

226 1400 291 1458 tam
320 1389 435 1457 sirniiis
466 1397 515 1454 est
548 1388 674 1454 litterae
697 1385 717 1463 ξ
742 1394 777 1451 ut
800 1386 902 1454 oeulis
925 1387 1066 1454 discerni
1092 1408 1154 1453 non
1180 1392 1280 1475 possit
1303 1399 1412 1455 utrum

223 1523 269 1566 ετι
294 1517 335 1563 an
359 1494 395 1573 εξ
418 1497 462 1560 sit
485 1495 663 1581 scripturn,
688 1491 724 1570 εξ
748 1512 788 1558 an
813 1517 874 1576 ετρ.
911 1493 945 1560 Si
972 1495 1045 1580 quis
1065 1493 1124 1561 hoc
1145 1494 1242 1562 semei
1266 1495 1346 1561 ridit
1357 1505 1413 1562 aut

224 1603 304 1671 mihi
333 1600 442 1669 credet
475 1599 561 1665 natio
594 1601 721 1685 negotio
744 1599 976 1666 emendaturus
1000 1609 1049 1667 est
1074 1601 1177 1668 iucurn
1204 1601 1413 1667 Xrnoraonrrs

223 1712 256 1777 in
290 1706 459 1797 (ipropocd.
492 1705 547 1772 111.
578 1726 605 1785 r,
639 1709 694 1772 21.
728 1707 742 1770 ί
773 1707 824 1779 τίς
858 1710 962 1786 πατὴρ
986 1707 1143 1789 ἐψεύσατο
1163 1707 1215 1773 καί
1240 1709 1293 1773 οὐκ
1318 1706 1413 1786 ἐξημ-

222 1818 314 1885 πίδσιι
338 1815 397 1886 τὰς
416 1812 486 1894 πρὸς
510 1815 594 1891 ἡμᾶς
614 1815 784 1889 συνθήκαις,
808 1812 941 1878 rerhurn
963 1811 1150 1893 ὲξεμπεδσῦν
1172 1833 1232 1880 non
1253 1823 1300 1879 est
1317 1815 1412 1882 Grae·

222 1945 293 1990 cum
323 1932 354 1987 et
381 1919 440 1986 hoc
466 1920 561 1985 unico
585 1920 669 1998 ioco,
695 1920 823 1986 infirmo
847 1920 996 1996 tibicine,
1023 1923 1151 1988 nititur.
1197 1919 1341 1987 Eruenda
1364 1922 1412 1986 σύ-

222 2029 287 2096 κέτι
313 2027 462 2107 ἠμπέδου.
490 2026 583 2112 Apud
609 2026 805 2092 Taucrnrnrnr
826 2025 886 2104 tv,
912 2029 965 2094 28.
986 2026 1040 2092 οὐκ
1062 2024 1143 2108 ἔχων
1159 2023 1240 2100 ίπως
1255 2033 1315 2092 τῶν
1333 2027 1412 2108 ripr-

222 2137 319 2218 μένων
342 2134 387 2200 ἔτι
412 2135 628 2216 ἑξαπαλλανρῑ
640 2183 648 2212 ,
673 2131 802 2198 Ionibus
825 2141 857 2198 et
878 2133 1024 2218 Tragicis
1045 2133 1291 2219 relinquendum
1311 2132 1410 2211 ἐξαπ-

220 2241 410 2321 αλλιίσσειν,
445 2241 612 2305 Taucrmm
645 2247 677 2304 et
711 2239 821 2304 Atticis
852 2243 1084 2319 tretraptota
1119 2239 1152 2304 in
1176 2257 1212 2305 ea
1237 2259 1272 2306 re
1297 2259 1411 2326 perpe·

221 2356 313 2416 tumn
346 2355 411 2425 est,
443 2345 711 2434 praepositionem
737 2346 861 2432 peperit
885 2343 1112 2431 dittographia.
1162 2344 1252 2411 Haud
1277 2347 1344 2411 scio
1368 2365 1408 2412 an

220 2475 374 2541 umquem
400 2473 435 2519 ea
461 2452 548 2518 laires
574 2450 643 2537 ptus
667 2452 814 2517 attulerit
837 2450 1025 2517 detrimenti
1048 2471 1143 2538 quam
1166 2453 1198 2516 in
1218 2455 1410 2518 suavissimo

218 2561 287 2630 ioco
316 2562 464 2626 Punrorus
492 2559 524 2622 in
553 2557 719 2623 Phaedone
743 2577 813 2643 pag,
836 2561 891 2625 60.
918 2557 954 2623 Β.
979 2558 993 2622 ί
1017 2556 1049 2623 δὲ
1074 2557 1239 2640 Σωκριίτιρς
1263 2559 1410 2624 ιίνακαίι-

218 2667 341 2752 ζίρκενσς
371 2666 420 2732 ἐπί
453 2667 508 2741 etp
539 2664 643 2741 κλίνιρν
674 2662 855 2744 συνέκαμψέ
878 2687 914 2729 τε
937 2663 973 2730 τδ
996 2662 1104 2738 σκέλος
1128 2663 1180 2729 καί
1204 2661 1343 2747 ίξίτριψε
1369 2674 1408 2748 τῇ

216 2775 297 2858 χειρί
322 2772 374 2839 καί
398 2769 665 2854 eriperentur
690 2769 824 2850 νίτσπσν,
850 2770 929 2852 ἔφη,
955 2767 976 2835 ὦ
999 2768 1126 2851 ἄνδρες,
1146 2771 1212 2836 κτὲ.
1251 2770 1345 2836 ntind
1359 2780 1409 2836 est

215 2883 353 2965 τρίβειν,
386 2878 472 2944 atiud
505 2877 676 2960 ἐκτρίβειν,
710 2887 743 2942 ιιι
767 2879 890 2962 opinor.
939 2876 1065 2942 Dicitur
1088 2897 1106 2942 a
1132 2875 1350 2943 'suronaarsro
1375 2877 1407 2942 in

219 2989 374 3054 Gdoractt.
408 2985 478 3050 xil.
504 2988 534 3050 ί.
560 2985 574 3048 ί
598 2981 853 3067 μικρσΦιλίτιμσς
879 2981 1002 3055 ἀναθείς
1027 2981 1190 3049 δακτύλων
1211 2987 1353 3063 χαλκοῦν
1377 2983 1408 3048 ἔν

216 3098 258 3178 τῷ
291 3092 499 3173 Ἀσκληπιείων
534 3095 640 3157 τοῦτον
675 3091 827 3172 ἐκτρίβειν
863 3095 1024 3173 στεφανῶν
1060 3090 1112 3155 καί
1148 3090 1292 3173 είλείφειν
1324 3087 1408 3174 (iege

213 3201 369 3283 ἀλείφων)
403 3198 562 3278 ίσιρμίραι.
612 3200 652 3262 tt
676 3195 828 3263 Socnnrus
851 3197 886 3262 τδ
910 3195 1017 3269 σκέλος
1042 3194 1164 3279 ίτριψε,
1188 3195 1273 3283 quod
1294 3195 1407 3276 τρίβων

215 3303 286 3386 etna
318 3305 397 3370 satis
428 3301 608 3369 confirmat.
658 3302 770 3370 Scriba
796 3302 949 3369 dubitans
972 3311 1099 3368 essetne
1122 3303 1281 3388 scriptum
1307 3297 1342 3378 εξ
1365 3320 1405 3367 an

214 3436 265 3495 ετρ
289 3409 405 3476 maluit
431 3419 605 3495 utrumque
630 3429 759 3496 ponere.

260 3517 360 3585 Neruo
391 3536 544 3603 uinquam
577 3515 704 3582 codices
732 3516 864 3581 Graecos
888 3515 979 3580 trivit
1003 3524 1059 3580 aut
1083 3514 1231 3580 codicum
1254 3513 1407 3580 lectiones

214 3627 374 3701 excussit,
407 3624 462 3710 qui
499 3643 561 3688 non
594 3622 781 3709 saepissime
813 3619 930 3687 viderit
961 3647 983 3687 α
1016 3629 1048 3686 et
1079 3646 1112 3687 ευ
1138 3641 1199 3686 non
1223 3619 1327 3688 oculis
1350 3619 1407 3686 sed

214 3742 322 3799 mente
353 3740 384 3797 et
417 3730 546 3815 linguae
575 3731 690 3815 peritia
715 3727 854 3794 discerni
879 3736 1035 3814 oportere.
1083 3727 1120 3792 ln
1146 3725 1304 3814 plerisque
1328 3725 1406 3793 iocis

212 3839 241 3904 is
264 3857 355 3904 error
375 3837 565 3922 scriptorem
591 3833 683 3921 pirae
702 3835 903 3900 contrarium
926 3832 1002 3900 iacit
1023 3832 1182 3899 dicentem
1201 3852 1298 3920 quam
1319 3830 1405 3919 quod

210 3944 336 4010 dixerat
375 3949 406 4008 et
432 3943 571 4006 iucosorrr
598 3948 647 4006 cst
673 3941 780 4007 ridere
803 3960 899 4027 quant
926 3938 1005 4005 nihii
1030 3938 1089 4006 hoc
1114 3938 1236 4004 scribas
1260 3947 1404 4016 moreat,

210 4071 305 4137 quarn
338 4047 417 4114 nitrii
450 4046 508 4112 hoc
537 4045 675 4112 editores
709 4056 835 4113 curent.
884 4045 944 4127 Qui
969 4044 1122 4129 εὔμορφος
1146 4044 1252 4113 iuerat
1278 4054 1404 4132 reperte

208 4155 347 4239 ἄμορφος
381 4154 435 4232 tit,
469 4153 613 4232 σίξίνετσς
647 4152 734 4218 nullo
765 4151 872 4220 labore
896 4151 1053 4229 εὒξιίνετσς
1080 4151 1246 4230 redditur,
1271 4152 1404 4231 εὐσεβής

209 4262 297 4329 nulio
321 4281 379 4327 suo
403 4258 520 4326 delicto
544 4261 664 4340 ιίσεβιίς
694 4259 891 4346 perhibetur.
928 4259 1070 4346 Turpius
1088 4260 1185 4325 etiarn
1208 4267 1255 4324 est
1278 4257 1404 4345 siquod

208 4377 257 4436 cst
286 4367 403 4446 ιίιεβίς
428 4375 541 4433 contra
570 4365 618 4432 ies
642 4367 770 4447 εὐσεβές
795 4386 864 4432 csse
889 4365 1067 4452 putabitur.
1115 4364 1161 4432 Ne
1184 4364 1243 4432 hoc
1268 4364 1322 4432 fiat
1347 4385 1404 4432 ca·

205 4473 346 4544 rendum
371 4483 419 4540 est
443 4472 528 4559 apud
553 4472 707 4540 Lucrinum
736 4478 793 4549 13,
821 4477 873 4538 13.
899 4471 933 4538 τί
957 4473 1014 4552 μὲν
1037 4469 1235 4556 πρίνραριμιί
1259 4477 1336 4557 φησι
1356 4473 1402 4554 μίν
