<?xml version="1.0" encoding="UTF-8"?>
<!DOCTYPE html PUBLIC "-//W3C//DTD XHTML 1.0 Transitional//EN"
    "http://www.w3.org/TR/xhtml1/DTD/xhtml1-transitional.dtd">
<html xmlns="http://www.w3.org/1999/xhtml" xml:lang="en" lang="en">
 <head>
  <title>
</title>
<meta http-equiv="Content-Type" content="text/html;charset=utf-8" />
  <meta name='ocr-system' content='tesseract 3.04.00' />
  <meta name='ocr-capabilities' content='ocr_page ocr_carea ocr_par ocr_line ocrx_word'/>
</head>
<body>
  <div class='ocr_page' id='page_1' title='image "./variaelectiones04cobegoog_0157.png"; bbox 0 0 3150 4972; ppageno 0'>
   <div class='ocr_carea' id='block_1_1' title="bbox 806 355 878 426">
    <p class='ocr_par' dir='ltr' id='par_1_1' title="bbox 806 355 878 426">
     <span class='ocr_line' id='line_1_1' title="bbox 806 355 878 426; baseline -0.028 0"><span class='ocrx_word' id='word_1_1' title='bbox 806 355 878 426; x_wconf 90' lang='grc'><em>116</em></span> 
     </span>
    </p>
   </div>
   <div class='ocr_carea' id='block_1_2' title="bbox 198 547 1431 4574">
    <p class='ocr_par' dir='ltr' id='par_1_2' title="bbox 254 547 1422 746">
     <span class='ocr_line' id='line_1_2' title="bbox 254 547 1422 641; baseline -0.009 -19"><span class='ocrx_word' id='word_1_2' title='bbox 254 563 304 622; x_wconf 83' lang='lat' dir='ltr'><strong>est</strong></span> <span class='ocrx_word' id='word_1_3' title='bbox 325 553 383 630; x_wconf 83' lang='grc' dir='ltr'><em>πόας</em></span> <span class='ocrx_word' id='word_1_4' title='bbox 405 551 522 628; x_wconf 84' lang='grc' dir='ltr'><em>εἰκόνας</em></span> <span class='ocrx_word' id='word_1_5' title='bbox 543 551 752 634; x_wconf 66' lang='grc' dir='ltr'><em>παραδιδόναι.</em></span> <span class='ocrx_word' id='word_1_6' title='bbox 789 553 905 619; x_wconf 82' lang='lat' dir='ltr'><strong>Veram</strong></span> <span class='ocrx_word' id='word_1_7' title='bbox 927 552 1095 620; x_wconf 82' lang='lat' dir='ltr'><strong>lectionem</strong></span> <span class='ocrx_word' id='word_1_8' title='bbox 1118 549 1328 641; x_wconf 74' lang='lat' dir='ltr'><strong>suppeditabit</strong></span> <span class='ocrx_word' id='word_1_9' title='bbox 1345 547 1422 614; x_wconf 84' lang='lat' dir='ltr'><strong>Gon·</strong></span> 
     </span>
     <span class='ocr_line' id='line_1_3' title="bbox 254 660 668 746; baseline -0.007 -19"><span class='ocrx_word' id='word_1_10' title='bbox 254 663 363 727; x_wconf 86' lang='lat' dir='ltr'><strong>cusin</strong></span> <span class='ocrx_word' id='word_1_11' title='bbox 390 660 557 746; x_wconf 78' lang='lat' dir='ltr'><strong>Equitibue</strong></span> <span class='ocrx_word' id='word_1_12' title='bbox 586 665 668 724; x_wconf 85' lang='lat'>1109</span> 
     </span>
    </p>

    <p class='ocr_par' dir='ltr' id='par_1_3' title="bbox 254 766 1344 959">
     <span class='ocr_line' id='line_1_4' title="bbox 390 766 1104 848; baseline -0.001 -15"><span class='ocrx_word' id='word_1_13' title='bbox 390 767 486 847; x_wconf 82' lang='grc' dir='ltr'><em>τούτῳ</em></span> <span class='ocrx_word' id='word_1_14' title='bbox 510 767 679 848; x_wconf 73' lang='grc' dir='ltr'><em>παραδώσω</em></span> <span class='ocrx_word' id='word_1_15' title='bbox 702 775 758 842; x_wconf 79' lang='grc' dir='ltr'><em>τῖς</em></span> <span class='ocrx_word' id='word_1_16' title='bbox 783 767 897 840; x_wconf 84' lang='grc' dir='ltr'><em>Πνκνδς</em></span> <span class='ocrx_word' id='word_1_17' title='bbox 921 767 980 838; x_wconf 76' lang='grc' dir='ltr'><em>τώς</em></span> <span class='ocrx_word' id='word_1_18' title='bbox 1005 766 1104 842; x_wconf 81' lang='grc' dir='ltr'><em>ἡνίας.</em></span> 
     </span>
     <span class='ocr_line' id='line_1_5' title="bbox 254 871 1344 959; baseline -0.004 -19"><span class='ocrx_word' id='word_1_19' title='bbox 254 873 376 940; x_wconf 88' lang='lat' dir='ltr'><strong>iustius</strong></span> <span class='ocrx_word' id='word_1_20' title='bbox 400 875 497 938; x_wconf 88' lang='lat' dir='ltr'><strong>etiam</strong></span> <span class='ocrx_word' id='word_1_21' title='bbox 524 872 706 938; x_wconf 89' lang='lat' dir='ltr'><strong>medebitur</strong></span> <span class='ocrx_word' id='word_1_22' title='bbox 731 873 825 939; x_wconf 80' lang='lat' dir='ltr'><strong>Poeta</strong></span> <span class='ocrx_word' id='word_1_23' title='bbox 850 875 918 959; x_wconf 89' lang='lat' dir='ltr'><strong>ipse</strong></span> <span class='ocrx_word' id='word_1_24' title='bbox 942 873 1003 938; x_wconf 87' lang='lat' dir='ltr'><strong>sibi</strong></span> <span class='ocrx_word' id='word_1_25' title='bbox 1028 875 1059 938; x_wconf 91' lang='lat' dir='ltr'><em>in</em></span> <span class='ocrx_word' id='word_1_26' title='bbox 1087 871 1260 939; x_wconf 77' lang='grc' dir='ltr'><em>Ετοόεεόαε.</em></span> <span class='ocrx_word' id='word_1_27' title='bbox 1288 875 1344 938; x_wconf 84' lang='grc'><em>107</em></span> 
     </span>
    </p>

    <p class='ocr_par' dir='ltr' id='par_1_4' title="bbox 390 979 1225 1060">
     <span class='ocr_line' id='line_1_6' title="bbox 390 979 1225 1060; baseline 0.001 -15"><span class='ocrx_word' id='word_1_28' title='bbox 390 979 424 1055; x_wconf 72' lang='grc' dir='ltr'><em>ἦν</em></span> <span class='ocrx_word' id='word_1_29' title='bbox 448 1004 511 1052; x_wconf 86' lang='grc' dir='ltr'><em>πως</em></span> <span class='ocrx_word' id='word_1_30' title='bbox 535 979 735 1059; x_wconf 76' lang='grc' dir='ltr'><em>παραλαβεῖν</em></span> <span class='ocrx_word' id='word_1_31' title='bbox 758 988 813 1054; x_wconf 79' lang='grc' dir='ltr'><em>τῆς</em></span> <span class='ocrx_word' id='word_1_32' title='bbox 838 979 954 1052; x_wconf 82' lang='grc' dir='ltr'><em>πόλεως</em></span> <span class='ocrx_word' id='word_1_33' title='bbox 976 981 1019 1046; x_wconf 78' lang='grc' dir='ltr'><em>τώ</em></span> <span class='ocrx_word' id='word_1_34' title='bbox 1044 983 1225 1060; x_wconf 71' lang='grc' dir='ltr'><em>πράγματα</em></span> 
     </span>
    </p>

    <p class='ocr_par' dir='ltr' id='par_1_5' title="bbox 252 1084 1424 1384">
     <span class='ocr_line' id='line_1_7' title="bbox 391 1084 1147 1166; baseline 0.003 -16"><span class='ocrx_word' id='word_1_35' title='bbox 391 1086 531 1165; x_wconf 78' lang='grc' dir='ltr'><em>δυνώμεθ’</em></span> <span class='ocrx_word' id='word_1_36' title='bbox 556 1084 609 1153; x_wconf 72' lang='grc' dir='ltr'><em>ὅς’</em></span> <span class='ocrx_word' id='word_1_37' title='bbox 634 1087 752 1164; x_wconf 76' lang='grc' dir='ltr'><em>ώγαθόν</em></span> <span class='ocrx_word' id='word_1_38' title='bbox 774 1110 803 1150; x_wconf 94' lang='grc' dir='ltr'><em>τι</em></span> <span class='ocrx_word' id='word_1_39' title='bbox 828 1084 945 1166; x_wconf 79' lang='grc' dir='ltr'><em>πρώξαι</em></span> <span class='ocrx_word' id='word_1_40' title='bbox 969 1089 1024 1162; x_wconf 77' lang='grc' dir='ltr'><em>τῖςν</em></span> <span class='ocrx_word' id='word_1_41' title='bbox 1050 1087 1147 1153; x_wconf 83' lang='grc' dir='ltr'><em>πόλιν.</em></span> 
     </span>
     <span class='ocr_line' id='line_1_8' title="bbox 254 1187 1423 1279; baseline 0.002 -23"><span class='ocrx_word' id='word_1_42' title='bbox 254 1191 309 1256; x_wconf 89' lang='lat' dir='ltr'><em>ubi</em></span> <span class='ocrx_word' id='word_1_43' title='bbox 334 1192 360 1258; x_wconf 91' lang='lat' dir='ltr'><em>si</em></span> <span class='ocrx_word' id='word_1_44' title='bbox 385 1192 459 1279; x_wconf 93' lang='lat' dir='ltr'><strong>quis</strong></span> <span class='ocrx_word' id='word_1_45' title='bbox 484 1211 545 1256; x_wconf 92' lang='lat' dir='ltr'><em>non</em></span> <span class='ocrx_word' id='word_1_46' title='bbox 570 1190 700 1256; x_wconf 76' lang='lat' dir='ltr'>audebit</span> <span class='ocrx_word' id='word_1_47' title='bbox 723 1211 848 1257; x_wconf 85' lang='lat' dir='ltr'><strong>meeum</strong></span> <span class='ocrx_word' id='word_1_48' title='bbox 872 1212 1025 1278; x_wconf 81' lang='lat' dir='ltr'><strong>reponere</strong></span> <span class='ocrx_word' id='word_1_49' title='bbox 1044 1200 1099 1267; x_wconf 79' lang='grc' dir='ltr'><em>τῆς</em></span> <span class='ocrx_word' id='word_1_50' title='bbox 1120 1194 1237 1266; x_wconf 86' lang='grc' dir='ltr'><em>πόλεας</em></span> <span class='ocrx_word' id='word_1_51' title='bbox 1258 1191 1315 1263; x_wconf 82' lang='grc' dir='ltr'><em>τόιι</em></span> <span class='ocrx_word' id='word_1_52' title='bbox 1336 1187 1423 1263; x_wconf 73' lang='grc' dir='ltr'><em>ἡνίαν,</em></span> 
     </span>
     <span class='ocr_line' id='line_1_9' title="bbox 252 1296 1424 1384; baseline -0.009 -19"><span class='ocrx_word' id='word_1_53' title='bbox 252 1318 326 1365; x_wconf 87' lang='lat' dir='ltr'><em>eum</em></span> <span class='ocrx_word' id='word_1_54' title='bbox 352 1297 488 1364; x_wconf 80' lang='lat' dir='ltr'><strong>tortasse</strong></span> <span class='ocrx_word' id='word_1_55' title='bbox 511 1297 706 1384; x_wconf 73' lang='lat' dir='ltr'>expugnabit</span> <span class='ocrx_word' id='word_1_56' title='bbox 733 1297 865 1364; x_wconf 75' lang='lat' dir='ltr'><strong>Correus</strong></span> <span class='ocrx_word' id='word_1_57' title='bbox 890 1299 957 1384; x_wconf 79' lang='lat' dir='ltr'><strong>ipse</strong></span> <span class='ocrx_word' id='word_1_58' title='bbox 982 1299 1014 1362; x_wconf 94' lang='lat' dir='ltr'><em>in</em></span> <span class='ocrx_word' id='word_1_59' title='bbox 1036 1297 1146 1364; x_wconf 89' lang='lat' dir='ltr'><strong>eadem</strong></span> <span class='ocrx_word' id='word_1_60' title='bbox 1170 1297 1277 1364; x_wconf 83' lang='lat' dir='ltr'><strong>tabula</strong></span> <span class='ocrx_word' id='word_1_61' title='bbox 1297 1296 1424 1362; x_wconf 64' lang='lat' dir='ltr'><strong>veneo:</strong></span> 
     </span>
    </p>

    <p class='ocr_par' dir='ltr' id='par_1_6' title="bbox 434 1405 1178 1486">
     <span class='ocr_line' id='line_1_10' title="bbox 434 1405 1178 1486; baseline 0 -16"><span class='ocrx_word' id='word_1_62' title='bbox 434 1408 478 1484; x_wconf 72' lang='grc' dir='ltr'><em>μὴ</em></span> <span class='ocrx_word' id='word_1_63' title='bbox 503 1406 750 1486; x_wconf 80' lang='grc' dir='ltr'><em>παραλαβοῦσαι</em></span> <span class='ocrx_word' id='word_1_64' title='bbox 776 1413 832 1478; x_wconf 75' lang='grc' dir='ltr'><em>τῆς</em></span> <span class='ocrx_word' id='word_1_65' title='bbox 857 1405 973 1478; x_wconf 81' lang='grc' dir='ltr'><em>πόλεως</em></span> <span class='ocrx_word' id='word_1_66' title='bbox 997 1405 1055 1478; x_wconf 82' lang='grc' dir='ltr'><em>ταὶς</em></span> <span class='ocrx_word' id='word_1_67' title='bbox 1082 1405 1178 1480; x_wconf 78' lang='grc' dir='ltr'><em>ἡνίας.</em></span> 
     </span>
    </p>

    <p class='ocr_par' dir='ltr' id='par_1_7' title="bbox 198 1506 1430 3812">
     <span class='ocr_line' id='line_1_11' title="bbox 296 1506 1425 1597; baseline -0.004 -22"><span class='ocrx_word' id='word_1_68' title='bbox 296 1509 375 1590; x_wconf 82' lang='lat' dir='ltr'><strong>Quis</strong></span> <span class='ocrx_word' id='word_1_69' title='bbox 411 1531 564 1597; x_wconf 90' lang='lat' dir='ltr'><strong>umquam</strong></span> <span class='ocrx_word' id='word_1_70' title='bbox 601 1511 759 1593; x_wconf 77' lang='lat' dir='ltr'><strong>intelligat</strong></span> <span class='ocrx_word' id='word_1_71' title='bbox 792 1509 1061 1596; x_wconf 81' lang='lat' dir='ltr'><strong>quemadmodum</strong></span> <span class='ocrx_word' id='word_1_72' title='bbox 1100 1511 1214 1578; x_wconf 84' lang='lat' dir='ltr'><strong>Graece</strong></span> <span class='ocrx_word' id='word_1_73' title='bbox 1247 1511 1310 1577; x_wconf 93' lang='lat' dir='ltr'><strong>dioi</strong></span> <span class='ocrx_word' id='word_1_74' title='bbox 1338 1506 1425 1594; x_wconf 85' lang='lat' dir='ltr'><strong>possit</strong></span> 
     </span>
     <span class='ocr_line' id='line_1_12' title="bbox 249 1614 1423 1702; baseline -0.006 -20"><span class='ocrx_word' id='word_1_75' title='bbox 249 1615 398 1696; x_wconf 74' lang='grc' dir='ltr'><em>ἔγκλημα</em></span> <span class='ocrx_word' id='word_1_76' title='bbox 418 1619 546 1693; x_wconf 77' lang='grc' dir='ltr'><em>παθεῖν,</em></span> <span class='ocrx_word' id='word_1_77' title='bbox 571 1616 656 1702; x_wconf 93' lang='lat' dir='ltr'><strong>quod</strong></span> <span class='ocrx_word' id='word_1_78' title='bbox 677 1614 796 1702; x_wconf 83' lang='lat' dir='ltr'><strong>legitur</strong></span> <span class='ocrx_word' id='word_1_79' title='bbox 816 1623 877 1694; x_wconf 78' lang='lat'><em>55,</em></span> <span class='ocrx_word' id='word_1_80' title='bbox 905 1623 936 1683; x_wconf 88' lang='grc'><em>9.</em></span> <span class='ocrx_word' id='word_1_81' title='bbox 951 1618 1015 1682; x_wconf 81' lang='grc' dir='ltr'><em>οὐδὲ</em></span> <span class='ocrx_word' id='word_1_82' title='bbox 1033 1618 1067 1683; x_wconf 84' lang='grc' dir='ltr'><em>τό</em></span> <span class='ocrx_word' id='word_1_83' title='bbox 1088 1623 1140 1682; x_wconf 84' lang='grc' dir='ltr'><em>ταῖν</em></span> <span class='ocrx_word' id='word_1_84' title='bbox 1154 1619 1331 1700; x_wconf 70' lang='grc' dir='ltr'><strong><em>Σωκράτους</em></strong></span> <span class='ocrx_word' id='word_1_85' title='bbox 1344 1615 1423 1678; x_wconf 87' lang='grc' dir='ltr'><em>εἰιεῖνν</em></span> 
     </span>
     <span class='ocr_line' id='line_1_13' title="bbox 248 1719 1425 1804; baseline -0.008 -16"><span class='ocrx_word' id='word_1_86' title='bbox 248 1721 398 1802; x_wconf 73' lang='grc' dir='ltr'><em>ἔγκλημα</em></span> <span class='ocrx_word' id='word_1_87' title='bbox 421 1723 529 1788; x_wconf 90' lang='grc' dir='ltr'><em>παθεῖν</em></span> <span class='ocrx_word' id='word_1_88' title='bbox 550 1721 588 1787; x_wconf 85' lang='grc' dir='ltr'><em>θεν</em></span> <span class='ocrx_word' id='word_1_89' title='bbox 607 1725 644 1794; x_wconf 83' lang='grc' dir='ltr'><em>ώς</em></span> <span class='ocrx_word' id='word_1_90' title='bbox 665 1725 844 1804; x_wconf 79' lang='grc' dir='ltr'><em>διαφθείρων</em></span> <span class='ocrx_word' id='word_1_91' title='bbox 856 1725 898 1790; x_wconf 80' lang='grc' dir='ltr'><em>τόν</em></span> <span class='ocrx_word' id='word_1_92' title='bbox 910 1723 1065 1804; x_wconf 84' lang='grc' dir='ltr'><em>μειρώκια.</em></span> <span class='ocrx_word' id='word_1_93' title='bbox 1092 1722 1196 1790; x_wconf 80' lang='lat' dir='ltr'><strong>facilis</strong></span> <span class='ocrx_word' id='word_1_94' title='bbox 1218 1734 1268 1791; x_wconf 82' lang='lat' dir='ltr'><strong>est</strong></span> <span class='ocrx_word' id='word_1_95' title='bbox 1282 1719 1425 1788; x_wconf 84' lang='lat' dir='ltr'><strong>medicine</strong></span> 
     </span>
     <span class='ocr_line' id='line_1_14' title="bbox 248 1829 1426 1916; baseline -0.006 -22"><span class='ocrx_word' id='word_1_96' title='bbox 248 1831 275 1894; x_wconf 90' lang='lat' dir='ltr'><em>si</em></span> <span class='ocrx_word' id='word_1_97' title='bbox 300 1829 489 1894; x_wconf 87' lang='lat' dir='ltr'><strong>memineris</strong></span> <span class='ocrx_word' id='word_1_98' title='bbox 509 1829 675 1913; x_wconf 88' lang='lat' dir='ltr'><strong>quomodo,</strong></span> <span class='ocrx_word' id='word_1_99' title='bbox 698 1829 750 1894; x_wconf 85' lang='lat' dir='ltr'><strong>uiri</strong></span> <span class='ocrx_word' id='word_1_100' title='bbox 766 1831 891 1916; x_wconf 89' lang='lat' dir='ltr'><strong>passiva</strong></span> <span class='ocrx_word' id='word_1_101' title='bbox 906 1831 993 1896; x_wconf 78' lang='lat' dir='ltr'><strong>verini</strong></span> <span class='ocrx_word' id='word_1_102' title='bbox 1008 1830 1108 1895; x_wconf 85' lang='lat' dir='ltr'><strong>inrnra</strong></span> <span class='ocrx_word' id='word_1_103' title='bbox 1123 1841 1178 1894; x_wconf 91' lang='lat' dir='ltr'><em>aut</em></span> <span class='ocrx_word' id='word_1_104' title='bbox 1195 1851 1256 1894; x_wconf 91' lang='lat' dir='ltr'><em>non</em></span> <span class='ocrx_word' id='word_1_105' title='bbox 1270 1829 1361 1895; x_wconf 85' lang='lat' dir='ltr'><strong>estin</strong></span> <span class='ocrx_word' id='word_1_106' title='bbox 1374 1841 1426 1890; x_wconf 85' lang='lat' dir='ltr'><em>usu</em></span> 
     </span>
     <span class='ocr_line' id='line_1_15' title="bbox 247 1933 1426 2020; baseline -0.007 -20"><span class='ocrx_word' id='word_1_107' title='bbox 247 1943 303 2001; x_wconf 88' lang='lat' dir='ltr'><em>aut</em></span> <span class='ocrx_word' id='word_1_108' title='bbox 322 1934 556 2020; x_wconf 81' lang='lat' dir='ltr'><strong>infrequentior</strong></span> <span class='ocrx_word' id='word_1_109' title='bbox 578 1945 644 2012; x_wconf 83' lang='lat' dir='ltr'><strong>est,</strong></span> <span class='ocrx_word' id='word_1_110' title='bbox 666 1937 736 2001; x_wconf 90' lang='lat' dir='ltr'><strong>eius</strong></span> <span class='ocrx_word' id='word_1_111' title='bbox 760 1937 860 2002; x_wconf 83' lang='lat' dir='ltr'><strong>vicem</strong></span> <span class='ocrx_word' id='word_1_112' title='bbox 882 1934 1022 2001; x_wconf 84' lang='lat' dir='ltr'><strong>obtineat</strong></span> <span class='ocrx_word' id='word_1_113' title='bbox 1045 1936 1129 2019; x_wconf 80' lang='grc' dir='ltr'><em>ἔχειν</em></span> <span class='ocrx_word' id='word_1_114' title='bbox 1148 1937 1305 2016; x_wconf 65' lang='lat' dir='ltr'><strong>eirenen</strong></span> <span class='ocrx_word' id='word_1_115' title='bbox 1320 1933 1426 2000; x_wconf 86' lang='lat' dir='ltr'><strong>habens</strong></span> 
     </span>
     <span class='ocr_line' id='line_1_16' title="bbox 246 2040 1427 2125; baseline -0.008 -17"><span class='ocrx_word' id='word_1_116' title='bbox 246 2061 363 2108; x_wconf 85' lang='lat' dir='ltr'><strong>nomen</strong></span> <span class='ocrx_word' id='word_1_117' title='bbox 388 2040 427 2106; x_wconf 87' lang='lat' dir='ltr'><em>ab</em></span> <span class='ocrx_word' id='word_1_118' title='bbox 452 2061 489 2106; x_wconf 93' lang='lat' dir='ltr'><strong>eo</strong></span> <span class='ocrx_word' id='word_1_119' title='bbox 515 2041 609 2105; x_wconf 83' lang='lat' dir='ltr'><strong>verbo</strong></span> <span class='ocrx_word' id='word_1_120' title='bbox 630 2041 813 2108; x_wconf 83' lang='lat' dir='ltr'><strong>derivatum</strong></span> <span class='ocrx_word' id='word_1_121' title='bbox 835 2051 891 2107; x_wconf 83' lang='lat' dir='ltr'><em>ant</em></span> <span class='ocrx_word' id='word_1_122' title='bbox 910 2049 1095 2125; x_wconf 84' lang='lat' dir='ltr'><strong>cognatum.</strong></span> <span class='ocrx_word' id='word_1_123' title='bbox 1121 2042 1188 2108; x_wconf 91' lang='lat' dir='ltr'><em>Non</em></span> <span class='ocrx_word' id='word_1_124' title='bbox 1210 2042 1304 2110; x_wconf 88' lang='lat' dir='ltr'><strong>iaeiie</strong></span> <span class='ocrx_word' id='word_1_125' title='bbox 1320 2041 1427 2107; x_wconf 86' lang='lat' dir='ltr'><strong>dieitur</strong></span> 
     </span>
     <span class='ocr_line' id='line_1_17' title="bbox 247 2145 1427 2232; baseline -0.004 -18"><span class='ocrx_word' id='word_1_126' title='bbox 247 2149 406 2214; x_wconf 75' lang='grc' dir='ltr'><em>αἰτιᾶσθαι</em></span> <span class='ocrx_word' id='word_1_127' title='bbox 433 2167 489 2232; x_wconf 80' lang='lat' dir='ltr'><em>pro</em></span> <span class='ocrx_word' id='word_1_128' title='bbox 513 2149 655 2212; x_wconf 78' lang='lat' dir='ltr'><strong>accerseri</strong></span> <span class='ocrx_word' id='word_1_129' title='bbox 663 2200 673 2223; x_wconf 90' lang='grc'><em>,</em></span> <span class='ocrx_word' id='word_1_130' title='bbox 699 2148 752 2214; x_wconf 90' lang='lat' dir='ltr'><strong>sed</strong></span> <span class='ocrx_word' id='word_1_131' title='bbox 779 2149 884 2215; x_wconf 79' lang='grc' dir='ltr'><em>αἰτίαν</em></span> <span class='ocrx_word' id='word_1_132' title='bbox 914 2145 1016 2230; x_wconf 75' lang='grc' dir='ltr'><em>ἔχειν,</em></span> <span class='ocrx_word' id='word_1_133' title='bbox 1041 2149 1087 2214; x_wconf 88' lang='lat' dir='ltr'><em>sio</em></span> <span class='ocrx_word' id='word_1_134' title='bbox 1110 2147 1204 2228; x_wconf 72' lang='grc' dir='ltr'><em>λόγον</em></span> <span class='ocrx_word' id='word_1_135' title='bbox 1228 2150 1330 2232; x_wconf 77' lang='grc' dir='ltr'><em>ἔχειν,</em></span> <span class='ocrx_word' id='word_1_136' title='bbox 1353 2147 1427 2226; x_wconf 82' lang='grc' dir='ltr'><em>ἔχειν</em></span> 
     </span>
     <span class='ocr_line' id='line_1_18' title="bbox 198 2252 1426 2344; baseline -0.007 -22"><span class='ocrx_word' id='word_1_137' title='bbox 198 2291 203 2300; x_wconf 90' lang='grc'><em>·</em></span> <span class='ocrx_word' id='word_1_138' title='bbox 246 2255 371 2332; x_wconf 86' lang='grc' dir='ltr'><em>θνειδας,</em></span> <span class='ocrx_word' id='word_1_139' title='bbox 405 2253 526 2319; x_wconf 76' lang='grc' dir='ltr'><em>ἔπαινον</em></span> <span class='ocrx_word' id='word_1_140' title='bbox 558 2253 660 2334; x_wconf 84' lang='grc' dir='ltr'><em>ἔχειν,</em></span> <span class='ocrx_word' id='word_1_141' title='bbox 686 2255 785 2336; x_wconf 73' lang='grc' dir='ltr'><em>ψόγον</em></span> <span class='ocrx_word' id='word_1_142' title='bbox 809 2253 910 2337; x_wconf 78' lang='grc' dir='ltr'><em>ἔχειν,</em></span> <span class='ocrx_word' id='word_1_143' title='bbox 935 2256 1027 2332; x_wconf 80' lang='grc' dir='ltr'><em>τιμόςν</em></span> <span class='ocrx_word' id='word_1_144' title='bbox 1051 2255 1154 2334; x_wconf 79' lang='grc' dir='ltr'><em>ἔχειν,</em></span> <span class='ocrx_word' id='word_1_145' title='bbox 1180 2255 1240 2320; x_wconf 79' lang='lat' dir='ltr'><strong>alia</strong></span> <span class='ocrx_word' id='word_1_146' title='bbox 1269 2252 1426 2344; x_wconf 72' lang='lat' dir='ltr'><strong>perenuiter.</strong></span> 
     </span>
     <span class='ocr_line' id='line_1_19' title="bbox 245 2360 1427 2445; baseline -0.006 -18"><span class='ocrx_word' id='word_1_147' title='bbox 245 2362 281 2427; x_wconf 94' lang='lat' dir='ltr'><em>ln</em></span> <span class='ocrx_word' id='word_1_148' title='bbox 317 2362 446 2426; x_wconf 87' lang='lat' dir='ltr'><strong>aoristis</strong></span> <span class='ocrx_word' id='word_1_149' title='bbox 481 2361 594 2438; x_wconf 90' lang='grc' dir='ltr'><em>λαβεῖν</em></span> <span class='ocrx_word' id='word_1_150' title='bbox 630 2361 760 2445; x_wconf 75' lang='lat' dir='ltr'><strong>portitor</strong></span> <span class='ocrx_word' id='word_1_151' title='bbox 792 2371 824 2425; x_wconf 89' lang='lat' dir='ltr'><strong>et</strong></span> <span class='ocrx_word' id='word_1_152' title='bbox 859 2360 963 2426; x_wconf 81' lang='grc' dir='ltr'><em>αἰτίαν</em></span> <span class='ocrx_word' id='word_1_153' title='bbox 998 2361 1112 2440; x_wconf 82' lang='grc' dir='ltr'><em>λαβεῖν</em></span> <span class='ocrx_word' id='word_1_154' title='bbox 1148 2370 1196 2427; x_wconf 87' lang='lat' dir='ltr'><strong>esi</strong></span> <span class='ocrx_word' id='word_1_155' title='bbox 1227 2361 1311 2430; x_wconf 91' lang='lat' dir='ltr'><strong>idem</strong></span> <span class='ocrx_word' id='word_1_156' title='bbox 1341 2369 1427 2444; x_wconf 83' lang='lat' dir='ltr'><strong>atque</strong></span> 
     </span>
     <span class='ocr_line' id='line_1_20' title="bbox 246 2465 1427 2552; baseline -0.006 -18"><span class='ocrx_word' id='word_1_157' title='bbox 246 2468 442 2545; x_wconf 78' lang='grc' dir='ltr'><em>αἰτιαθῆναι,</em></span> <span class='ocrx_word' id='word_1_158' title='bbox 470 2465 739 2552; x_wconf 83' lang='lat' dir='ltr'><strong>quemadmodum</strong></span> <span class='ocrx_word' id='word_1_159' title='bbox 767 2465 887 2532; x_wconf 80' lang='lat' dir='ltr'><strong>dieitur</strong></span> <span class='ocrx_word' id='word_1_160' title='bbox 907 2466 1022 2549; x_wconf 77' lang='grc' dir='ltr'><em>ζηαίαν</em></span> <span class='ocrx_word' id='word_1_161' title='bbox 1039 2468 1172 2545; x_wconf 82' lang='grc' dir='ltr'><em>λαβεῖν,</em></span> <span class='ocrx_word' id='word_1_162' title='bbox 1195 2471 1290 2536; x_wconf 83' lang='grc' dir='ltr'><em>κακόν</em></span> <span class='ocrx_word' id='word_1_163' title='bbox 1308 2466 1427 2546; x_wconf 85' lang='grc' dir='ltr'><em>λαβεῖν,</em></span> 
     </span>
     <span class='ocr_line' id='line_1_21' title="bbox 245 2572 1428 2655; baseline -0.007 -14"><span class='ocrx_word' id='word_1_164' title='bbox 245 2575 363 2655; x_wconf 71' lang='grc' dir='ltr'><em>ψόγον,</em></span> <span class='ocrx_word' id='word_1_165' title='bbox 398 2572 538 2650; x_wconf 79' lang='grc' dir='ltr'><em>ἔπαινον,</em></span> <span class='ocrx_word' id='word_1_166' title='bbox 565 2574 694 2651; x_wconf 79' lang='grc' dir='ltr'><em>πλννόις</em></span> <span class='ocrx_word' id='word_1_167' title='bbox 719 2573 853 2653; x_wconf 83' lang='grc' dir='ltr'><em>λαβεῖν,</em></span> <span class='ocrx_word' id='word_1_168' title='bbox 879 2574 1069 2653; x_wconf 82' lang='grc' dir='ltr'><em>τραύματα,</em></span> <span class='ocrx_word' id='word_1_169' title='bbox 1097 2575 1240 2653; x_wconf 81' lang='grc' dir='ltr'><em>ὑπώπια,</em></span> <span class='ocrx_word' id='word_1_170' title='bbox 1268 2572 1357 2650; x_wconf 79' lang='grc' dir='ltr'><em>δόξαν</em></span> <span class='ocrx_word' id='word_1_171' title='bbox 1379 2585 1428 2634; x_wconf 84' lang='grc' dir='ltr'><em>λα·</em></span> 
     </span>
     <span class='ocr_line' id='line_1_22' title="bbox 244 2676 1429 2764; baseline -0.006 -18"><span class='ocrx_word' id='word_1_172' title='bbox 244 2683 332 2762; x_wconf 87' lang='grc' dir='ltr'><em>βεῖν,</em></span> <span class='ocrx_word' id='word_1_173' title='bbox 359 2687 394 2746; x_wconf 85' lang='lat' dir='ltr'><em>ut</em></span> <span class='ocrx_word' id='word_1_174' title='bbox 419 2681 450 2744; x_wconf 90' lang='lat' dir='ltr'><em>in</em></span> <span class='ocrx_word' id='word_1_175' title='bbox 475 2680 629 2745; x_wconf 84' lang='lat' dir='ltr'><strong>isocanms</strong></span> <span class='ocrx_word' id='word_1_176' title='bbox 650 2680 792 2745; x_wconf 84' lang='lat' dir='ltr'><strong>oratione</strong></span> <span class='ocrx_word' id='word_1_177' title='bbox 812 2681 850 2744; x_wconf 79' lang='lat' dir='ltr'><em>do</em></span> <span class='ocrx_word' id='word_1_178' title='bbox 872 2679 952 2744; x_wconf 85' lang='lat' dir='ltr'><strong>Pace</strong></span> <span class='ocrx_word' id='word_1_179' title='bbox 967 2683 998 2764; x_wconf 82' lang='lat'><em>§.</em></span> <span class='ocrx_word' id='word_1_180' title='bbox 1016 2683 1120 2757; x_wconf 76' lang='grc' dir='ltr'><em>25,ἣν</em></span> <span class='ocrx_word' id='word_1_181' title='bbox 1134 2681 1165 2745; x_wconf 78' lang='grc' dir='ltr'><em>δὲ</em></span> <span class='ocrx_word' id='word_1_182' title='bbox 1177 2676 1429 2759; x_wconf 85' lang='grc' dir='ltr'><em>μεταβαλώμεόα</em></span> 
     </span>
     <span class='ocr_line' id='line_1_23' title="bbox 244 2781 1429 2868; baseline -0.01 -12"><span class='ocrx_word' id='word_1_183' title='bbox 244 2789 295 2856; x_wconf 81' lang='grc' dir='ltr'><em>τόν</em></span> <span class='ocrx_word' id='word_1_184' title='bbox 318 2788 426 2868; x_wconf 80' lang='grc' dir='ltr'><em>τρόπον</em></span> <span class='ocrx_word' id='word_1_185' title='bbox 451 2787 503 2852; x_wconf 83' lang='grc' dir='ltr'><em>καῖ</em></span> <span class='ocrx_word' id='word_1_186' title='bbox 527 2785 620 2862; x_wconf 77' lang='grc' dir='ltr'><em>δόξαν</em></span> <span class='ocrx_word' id='word_1_187' title='bbox 645 2786 761 2864; x_wconf 82' lang='grc' dir='ltr'><em>βελτίω</em></span> <span class='ocrx_word' id='word_1_188' title='bbox 780 2785 931 2864; x_wconf 82' lang='grc' dir='ltr'><em>λώβωμεν</em></span> <span class='ocrx_word' id='word_1_189' title='bbox 951 2794 982 2850; x_wconf 84' lang='lat' dir='ltr'><strong>et</strong></span> <span class='ocrx_word' id='word_1_190' title='bbox 1002 2784 1096 2860; x_wconf 84' lang='lat' dir='ltr'><strong>aiibi,</strong></span> <span class='ocrx_word' id='word_1_191' title='bbox 1113 2785 1196 2852; x_wconf 89' lang='lat' dir='ltr'><strong>unde</strong></span> <span class='ocrx_word' id='word_1_192' title='bbox 1217 2781 1429 2854; x_wconf 78' lang='lat' dir='ltr'><strong>emendandus</strong></span> 
     </span>
     <span class='ocr_line' id='line_1_24' title="bbox 244 2891 1429 2973; baseline -0.009 -12"><span class='ocrx_word' id='word_1_193' title='bbox 244 2896 408 2961; x_wconf 77' lang='lat' dir='ltr'><strong>Xenonnor</strong></span> <span class='ocrx_word' id='word_1_194' title='bbox 432 2895 463 2959; x_wconf 94' lang='lat' dir='ltr'><em>in</em></span> <span class='ocrx_word' id='word_1_195' title='bbox 489 2893 623 2958; x_wconf 82' lang='lat' dir='ltr'><strong>Hierone</strong></span> <span class='ocrx_word' id='word_1_196' title='bbox 648 2896 686 2967; x_wconf 72' lang='grc' dir='ltr'><em>ἰ,</em></span> <span class='ocrx_word' id='word_1_197' title='bbox 716 2899 765 2956; x_wconf 77' lang='lat'><em>15.</em></span> <span class='ocrx_word' id='word_1_198' title='bbox 798 2891 889 2968; x_wconf 78' lang='grc' dir='ltr'><em>δόξαν</em></span> <span class='ocrx_word' id='word_1_199' title='bbox 911 2893 1062 2973; x_wconf 81' lang='grc' dir='ltr'><em>λαμπρών</em></span> <span class='ocrx_word' id='word_1_200' title='bbox 1087 2893 1348 2973; x_wconf 81' lang='grc' dir='ltr'><em>αἰναλαμβώννυσι</em></span> <span class='ocrx_word' id='word_1_201' title='bbox 1373 2892 1429 2954; x_wconf 84' lang='grc' dir='ltr'><em>ἰιιιιι</em></span> 
     </span>
     <span class='ocr_line' id='line_1_25' title="bbox 243 2997 1429 3084; baseline -0.007 -16"><span class='ocrx_word' id='word_1_202' title='bbox 243 3023 318 3068; x_wconf 88' lang='lat' dir='ltr'><strong>vero</strong></span> <span class='ocrx_word' id='word_1_203' title='bbox 349 2999 565 3079; x_wconf 84' lang='grc' dir='ltr'><em>λαμβώνανπν,</em></span> <span class='ocrx_word' id='word_1_204' title='bbox 592 2999 763 3064; x_wconf 91' lang='lat' dir='ltr'><strong>nonenim</strong></span> <span class='ocrx_word' id='word_1_205' title='bbox 790 2999 958 3082; x_wconf 79' lang='lat' dir='ltr'><strong>pristinam</strong></span> <span class='ocrx_word' id='word_1_206' title='bbox 985 2999 1122 3084; x_wconf 82' lang='lat' dir='ltr'><strong>recipere</strong></span> <span class='ocrx_word' id='word_1_207' title='bbox 1147 2997 1201 3064; x_wconf 86' lang='lat' dir='ltr'><strong>sed</strong></span> <span class='ocrx_word' id='word_1_208' title='bbox 1229 3019 1344 3066; x_wconf 88' lang='lat' dir='ltr'><strong>novam</strong></span> <span class='ocrx_word' id='word_1_209' title='bbox 1368 3017 1429 3076; x_wconf 83' lang='lat' dir='ltr'><strong>eon·</strong></span> 
     </span>
     <span class='ocr_line' id='line_1_26' title="bbox 243 3103 1428 3194; baseline -0.008 -20"><span class='ocrx_word' id='word_1_210' title='bbox 243 3108 333 3194; x_wconf 81' lang='lat' dir='ltr'><strong>requi</strong></span> <span class='ocrx_word' id='word_1_211' title='bbox 363 3107 528 3170; x_wconf 82' lang='lat' dir='ltr'><strong>dicuntur.</strong></span> <span class='ocrx_word' id='word_1_212' title='bbox 578 3103 631 3169; x_wconf 89' lang='lat' dir='ltr'><em>Sio</em></span> <span class='ocrx_word' id='word_1_213' title='bbox 657 3105 758 3186; x_wconf 72' lang='lat' dir='ltr'><strong>igitur</strong></span> <span class='ocrx_word' id='word_1_214' title='bbox 784 3105 931 3169; x_wconf 75' lang='lat' dir='ltr'><strong>Lucrinus</strong></span> <span class='ocrx_word' id='word_1_215' title='bbox 956 3105 1105 3184; x_wconf 73' lang='grc' dir='ltr'><em>ἔγκλημα</em></span> <span class='ocrx_word' id='word_1_216' title='bbox 1130 3107 1242 3185; x_wconf 88' lang='grc' dir='ltr'><em>λαβεῖν</em></span> <span class='ocrx_word' id='word_1_217' title='bbox 1269 3109 1428 3192; x_wconf 78' lang='lat' dir='ltr'><strong>posuerat,</strong></span> 
     </span>
     <span class='ocr_line' id='line_1_27' title="bbox 245 3208 1430 3300; baseline -0.007 -22"><span class='ocrx_word' id='word_1_218' title='bbox 245 3210 516 3300; x_wconf 79' lang='lat' dir='ltr'><strong>quemadmodum</strong></span> <span class='ocrx_word' id='word_1_219' title='bbox 549 3208 658 3272; x_wconf 74' lang='lat' dir='ltr'><strong>nasas</strong></span> <span class='ocrx_word' id='word_1_220' title='bbox 697 3215 753 3287; x_wconf 72' lang='lat'><em>12,</em></span> <span class='ocrx_word' id='word_1_221' title='bbox 788 3217 841 3276; x_wconf 84' lang='lat'><em>57.</em></span> <span class='ocrx_word' id='word_1_222' title='bbox 874 3211 978 3276; x_wconf 86' lang='grc' dir='ltr'><em>αἰτίαν</em></span> <span class='ocrx_word' id='word_1_223' title='bbox 1009 3211 1163 3288; x_wconf 77' lang='grc' dir='ltr'><em>λαβόντες</em></span> <span class='ocrx_word' id='word_1_224' title='bbox 1191 3221 1221 3276; x_wconf 90' lang='lat' dir='ltr'><strong>et</strong></span> <span class='ocrx_word' id='word_1_225' title='bbox 1247 3213 1430 3278; x_wconf 79' lang='lat' dir='ltr'><strong>&#39;inuenerem</strong></span> 
     </span>
     <span class='ocr_line' id='line_1_28' title="bbox 245 3314 1429 3398; baseline -0.002 -14"><span class='ocrx_word' id='word_1_226' title='bbox 245 3321 298 3384; x_wconf 88' lang='lat' dir='ltr'><em>vi.</em></span> <span class='ocrx_word' id='word_1_227' title='bbox 326 3322 378 3383; x_wconf 87' lang='lat'><em>60.</em></span> <span class='ocrx_word' id='word_1_228' title='bbox 405 3318 418 3382; x_wconf 84' lang='grc' dir='ltr'>ὁ</span> <span class='ocrx_word' id='word_1_229' title='bbox 441 3317 534 3392; x_wconf 74' lang='grc' dir='ltr'><em>δῆμος</em></span> <span class='ocrx_word' id='word_1_230' title='bbox 557 3315 703 3394; x_wconf 78' lang='grc' dir='ltr'><em>χαλεπὸς</em></span> <span class='ocrx_word' id='word_1_231' title='bbox 728 3314 761 3392; x_wconf 74' lang='grc' dir='ltr'><em>ἦν</em></span> <span class='ocrx_word' id='word_1_232' title='bbox 786 3319 816 3391; x_wconf 80' lang='grc' dir='ltr'><em>ἐς</em></span> <span class='ocrx_word' id='word_1_233' title='bbox 841 3319 910 3390; x_wconf 83' lang='grc' dir='ltr'><em>τοὺς</em></span> <span class='ocrx_word' id='word_1_234' title='bbox 933 3317 999 3398; x_wconf 71' lang='grc' dir='ltr'><em>περὶ</em></span> <span class='ocrx_word' id='word_1_235' title='bbox 1023 3323 1080 3382; x_wconf 82' lang='grc' dir='ltr'><em>τών</em></span> <span class='ocrx_word' id='word_1_236' title='bbox 1097 3323 1231 3396; x_wconf 80' lang='grc' dir='ltr'><em>ρανςικών</em></span> <span class='ocrx_word' id='word_1_237' title='bbox 1251 3320 1356 3385; x_wconf 84' lang='grc' dir='ltr'><em>αἰτίαν</em></span> <span class='ocrx_word' id='word_1_238' title='bbox 1375 3332 1429 3382; x_wconf 87' lang='grc' dir='ltr'><em>λα·</em></span> 
     </span>
     <span class='ocr_line' id='line_1_29' title="bbox 241 3421 1428 3508; baseline -0.005 -18"><span class='ocrx_word' id='word_1_239' title='bbox 241 3423 370 3506; x_wconf 85' lang='grc' dir='ltr'><em>βθντας.</em></span> <span class='ocrx_word' id='word_1_240' title='bbox 397 3421 583 3486; x_wconf 76' lang='lat' dir='ltr'><strong>Scribarum</strong></span> <span class='ocrx_word' id='word_1_241' title='bbox 612 3423 697 3485; x_wconf 77' lang='lat' dir='ltr'><strong>nuntio</strong></span> <span class='ocrx_word' id='word_1_242' title='bbox 723 3425 754 3487; x_wconf 88' lang='lat' dir='ltr'><em>in</em></span> <span class='ocrx_word' id='word_1_243' title='bbox 781 3423 1003 3508; x_wconf 70' lang='lat' dir='ltr'><strong>{terminandis</strong></span> <span class='ocrx_word' id='word_1_244' title='bbox 1027 3425 1161 3501; x_wconf 86' lang='grc' dir='ltr'><em>λαβεῖν,</em></span> <span class='ocrx_word' id='word_1_245' title='bbox 1186 3428 1291 3491; x_wconf 87' lang='grc' dir='ltr'><em>λαθεῖν</em></span> <span class='ocrx_word' id='word_1_246' title='bbox 1316 3433 1347 3489; x_wconf 84' lang='lat' dir='ltr'><strong>ei</strong></span> <span class='ocrx_word' id='word_1_247' title='bbox 1371 3443 1428 3486; x_wconf 88' lang='grc' dir='ltr'><em>πα-</em></span> 
     </span>
     <span class='ocr_line' id='line_1_30' title="bbox 243 3527 1429 3616; baseline -0.005 -18"><span class='ocrx_word' id='word_1_248' title='bbox 243 3535 303 3598; x_wconf 87' lang='grc' dir='ltr'><em>θεῖν</em></span> <span class='ocrx_word' id='word_1_249' title='bbox 326 3529 435 3596; x_wconf 87' lang='lat' dir='ltr'><strong>ludere</strong></span> <span class='ocrx_word' id='word_1_250' title='bbox 461 3527 540 3594; x_wconf 86' lang='lat' dir='ltr'><strong>solet</strong></span> <span class='ocrx_word' id='word_1_251' title='bbox 564 3537 595 3593; x_wconf 91' lang='lat' dir='ltr'><strong>et</strong></span> <span class='ocrx_word' id='word_1_252' title='bbox 618 3529 725 3593; x_wconf 84' lang='lat' dir='ltr'><strong>minue</strong></span> <span class='ocrx_word' id='word_1_253' title='bbox 744 3531 926 3616; x_wconf 82' lang='lat' dir='ltr'><strong>suspioaoes</strong></span> <span class='ocrx_word' id='word_1_254' title='bbox 945 3529 1106 3596; x_wconf 88' lang='lat' dir='ltr'><strong>deludere.</strong></span> <span class='ocrx_word' id='word_1_255' title='bbox 1135 3529 1309 3598; x_wconf 81' lang='lat' dir='ltr'><strong>Verissime</strong></span> <span class='ocrx_word' id='word_1_256' title='bbox 1334 3543 1429 3614; x_wconf 76' lang='lat' dir='ltr'><strong>nuper</strong></span> 
     </span>
     <span class='ocr_line' id='line_1_31' title="bbox 243 3633 1429 3721; baseline -0.007 -16"><span class='ocrx_word' id='word_1_257' title='bbox 243 3640 394 3705; x_wconf 85' lang='lat' dir='ltr'><strong>Benomus</strong></span> <span class='ocrx_word' id='word_1_258' title='bbox 420 3635 620 3701; x_wconf 81' lang='lat' dir='ltr'><strong>Anrsrornnni</strong></span> <span class='ocrx_word' id='word_1_259' title='bbox 643 3655 699 3721; x_wconf 82' lang='lat' dir='ltr'><em>pro</em></span> <span class='ocrx_word' id='word_1_260' title='bbox 718 3636 832 3714; x_wconf 82' lang='grc' dir='ltr'><em>λαβεῖν</em></span> <span class='ocrx_word' id='word_1_261' title='bbox 863 3656 958 3702; x_wconf 92' lang='lat' dir='ltr'><strong>suum</strong></span> <span class='ocrx_word' id='word_1_262' title='bbox 980 3638 1084 3702; x_wconf 86' lang='grc' dir='ltr'><em>λαθεῖν</em></span> <span class='ocrx_word' id='word_1_263' title='bbox 1107 3635 1246 3702; x_wconf 79' lang='lat' dir='ltr'><strong>reddidit</strong></span> <span class='ocrx_word' id='word_1_264' title='bbox 1268 3639 1300 3702; x_wconf 94' lang='lat' dir='ltr'><em>in</em></span> <span class='ocrx_word' id='word_1_265' title='bbox 1324 3633 1429 3701; x_wconf 81' lang='lat' dir='ltr'><strong>Eccle-</strong></span> 
     </span>
     <span class='ocr_line' id='line_1_32' title="bbox 244 3747 474 3812; baseline -0.022 -1"><span class='ocrx_word' id='word_1_266' title='bbox 244 3747 322 3812; x_wconf 81' lang='lat' dir='ltr'><strong>n&#39;nz.</strong></span> <span class='ocrx_word' id='word_1_267' title='bbox 349 3765 394 3809; x_wconf 79' lang='lat' dir='ltr'><em>vs,</em></span> <span class='ocrx_word' id='word_1_268' title='bbox 421 3747 474 3807; x_wconf 71' lang='grc' dir='ltr'><em>ἰώ.</em></span> 
     </span>
    </p>

    <p class='ocr_par' dir='ltr' id='par_1_8' title="bbox 241 3847 1431 4139">
     <span class='ocr_line' id='line_1_33' title="bbox 288 3847 1431 3935; baseline -0.009 -17"><span class='ocrx_word' id='word_1_269' title='bbox 288 3851 336 3918; x_wconf 83' lang='lat' dir='ltr'><em>Ex</em></span> <span class='ocrx_word' id='word_1_270' title='bbox 369 3851 578 3914; x_wconf 79' lang='lat' dir='ltr'><strong>Amsronnme</strong></span> <span class='ocrx_word' id='word_1_271' title='bbox 611 3851 641 3912; x_wconf 95' lang='lat' dir='ltr'><em>in</em></span> <span class='ocrx_word' id='word_1_272' title='bbox 678 3849 838 3933; x_wconf 78' lang='lat' dir='ltr'><strong>integrum</strong></span> <span class='ocrx_word' id='word_1_273' title='bbox 869 3847 1104 3915; x_wconf 82' lang='lat' dir='ltr'><strong>restituendum</strong></span> <span class='ocrx_word' id='word_1_274' title='bbox 1131 3849 1288 3935; x_wconf 93' lang='lat' dir='ltr'><strong>estquod</strong></span> <span class='ocrx_word' id='word_1_275' title='bbox 1315 3848 1431 3932; x_wconf 80' lang='lat' dir='ltr'><strong>iegitur</strong></span> 
     </span>
     <span class='ocr_line' id='line_1_34' title="bbox 244 3954 1430 4038; baseline -0.007 -15"><span class='ocrx_word' id='word_1_276' title='bbox 244 3963 305 4033; x_wconf 86' lang='lat'><em>46,</em></span> <span class='ocrx_word' id='word_1_277' title='bbox 337 3961 392 4022; x_wconf 83' lang='lat'><em>35.</em></span> <span class='ocrx_word' id='word_1_278' title='bbox 418 3957 470 4021; x_wconf 80' lang='grc' dir='ltr'><em>καί</em></span> <span class='ocrx_word' id='word_1_279' title='bbox 495 3954 610 4027; x_wconf 86' lang='grc' dir='ltr'><em>πώντες</em></span> <span class='ocrx_word' id='word_1_280' title='bbox 635 3957 847 4035; x_wconf 74' lang='grc' dir='ltr'><em>ἐπιτρίψονται</em></span> <span class='ocrx_word' id='word_1_281' title='bbox 872 3959 952 4038; x_wconf 71' lang='grc' dir='ltr'><em>αὐτῇ</em></span> <span class='ocrx_word' id='word_1_282' title='bbox 976 3957 1166 4037; x_wconf 70' lang='grc' dir='ltr'><em>διαλεκτικῇ.</em></span> <span class='ocrx_word' id='word_1_283' title='bbox 1204 3955 1289 4022; x_wconf 82' lang='lat' dir='ltr'><strong>idern</strong></span> <span class='ocrx_word' id='word_1_284' title='bbox 1315 3954 1430 4020; x_wconf 85' lang='lat' dir='ltr'><strong>vulnus</strong></span> 
     </span>
     <span class='ocr_line' id='line_1_35' title="bbox 241 4061 1427 4139; baseline -0.008 -8"><span class='ocrx_word' id='word_1_285' title='bbox 241 4064 364 4131; x_wconf 85' lang='lat' dir='ltr'><strong>librarii</strong></span> <span class='ocrx_word' id='word_1_286' title='bbox 391 4063 519 4127; x_wconf 88' lang='lat' dir='ltr'><strong>Cumioo</strong></span> <span class='ocrx_word' id='word_1_287' title='bbox 545 4061 731 4126; x_wconf 86' lang='lat' dir='ltr'><strong>inflixerunt</strong></span> <span class='ocrx_word' id='word_1_288' title='bbox 757 4064 787 4126; x_wconf 92' lang='lat' dir='ltr'><em>in</em></span> <span class='ocrx_word' id='word_1_289' title='bbox 815 4061 896 4128; x_wconf 85' lang='lat' dir='ltr'><strong>Pace</strong></span> <span class='ocrx_word' id='word_1_290' title='bbox 919 4083 963 4126; x_wconf 84' lang='lat' dir='ltr'><em>vs.</em></span> <span class='ocrx_word' id='word_1_291' title='bbox 987 4066 1071 4139; x_wconf 74' lang='grc' dir='ltr'><em>ἰίιίν,</em></span> <span class='ocrx_word' id='word_1_292' title='bbox 1099 4063 1151 4127; x_wconf 82' lang='lat' dir='ltr'><strong>uiri</strong></span> <span class='ocrx_word' id='word_1_293' title='bbox 1172 4061 1246 4127; x_wconf 92' lang='lat' dir='ltr'><strong>iibri</strong></span> <span class='ocrx_word' id='word_1_294' title='bbox 1267 4061 1427 4128; x_wconf 80' lang='lat' dir='ltr'><strong>exhibent:</strong></span> 
     </span>
    </p>

    <p class='ocr_par' dir='ltr' id='par_1_9' title="bbox 239 4167 1428 4574">
     <span class='ocr_line' id='line_1_36' title="bbox 378 4167 1190 4251; baseline -0.001 -16"><span class='ocrx_word' id='word_1_295' title='bbox 378 4171 409 4235; x_wconf 79' lang='grc' dir='ltr'><em>ῖιδ</em></span> <span class='ocrx_word' id='word_1_296' title='bbox 434 4168 591 4251; x_wconf 75' lang='grc' dir='ltr'><em>Μέγαρα,</em></span> <span class='ocrx_word' id='word_1_297' title='bbox 617 4167 762 4248; x_wconf 78' lang='grc' dir='ltr'><em>Μέγαρ’,</em></span> <span class='ocrx_word' id='word_1_298' title='bbox 788 4173 825 4241; x_wconf 67' lang='lat' dir='ltr'><em>oie</em></span> <span class='ocrx_word' id='word_1_299' title='bbox 850 4169 1039 4250; x_wconf 76' lang='grc' dir='ltr'><em>ἕπιτρίψεσθ</em></span> <span class='ocrx_word' id='word_1_300' title='bbox 1063 4170 1190 4235; x_wconf 80' lang='grc' dir='ltr'><em>αὐτίκα.</em></span> 
     </span>
     <span class='ocr_line' id='line_1_37' title="bbox 241 4273 1328 4361; baseline -0.005 -18"><span class='ocrx_word' id='word_1_301' title='bbox 241 4277 347 4344; x_wconf 85' lang='lat' dir='ltr'><strong>critici</strong></span> <span class='ocrx_word' id='word_1_302' title='bbox 374 4283 484 4361; x_wconf 81' lang='lat' dir='ltr'><strong>poetae</strong></span> <span class='ocrx_word' id='word_1_303' title='bbox 509 4295 639 4340; x_wconf 90' lang='lat' dir='ltr'><strong>manum</strong></span> <span class='ocrx_word' id='word_1_304' title='bbox 668 4277 889 4340; x_wconf 84' lang='lat' dir='ltr'><strong>restituerunt.</strong></span> <span class='ocrx_word' id='word_1_305' title='bbox 941 4273 1076 4340; x_wconf 84' lang='lat' dir='ltr'><strong>Dederat</strong></span> <span class='ocrx_word' id='word_1_306' title='bbox 1102 4277 1328 4340; x_wconf 80' lang='lat' dir='ltr'><strong>Anrsrornmes</strong></span> 
     </span>
     <span class='ocr_line' id='line_1_38' title="bbox 378 4379 1225 4464; baseline -0.001 -17"><span class='ocrx_word' id='word_1_307' title='bbox 378 4379 398 4446; x_wconf 85' lang='grc' dir='ltr'><em>ώ</em></span> <span class='ocrx_word' id='word_1_308' title='bbox 422 4383 584 4464; x_wconf 71' lang='grc' dir='ltr'><em>Μέγαρα,</em></span> <span class='ocrx_word' id='word_1_309' title='bbox 609 4381 754 4462; x_wconf 76' lang='grc' dir='ltr'><em>Μέγαρ’,</em></span> <span class='ocrx_word' id='word_1_310' title='bbox 781 4385 819 4454; x_wconf 87' lang='grc' dir='ltr'><em>ώς</em></span> <span class='ocrx_word' id='word_1_311' title='bbox 844 4381 1069 4460; x_wconf 75' lang='grc' dir='ltr'><em>ἐπιτετρίψεσθ’</em></span> <span class='ocrx_word' id='word_1_312' title='bbox 1091 4383 1225 4460; x_wconf 82' lang='grc' dir='ltr'><em>αὐτίκα,</em></span> 
     </span>
     <span class='ocr_line' id='line_1_39' title="bbox 239 4487 1428 4574; baseline -0.008 -15"><span class='ocrx_word' id='word_1_313' title='bbox 239 4499 271 4560; x_wconf 80' lang='lat' dir='ltr'><strong>et</strong></span> <span class='ocrx_word' id='word_1_314' title='bbox 304 4489 453 4557; x_wconf 83' lang='lat' dir='ltr'><strong>Luutnnus</strong></span> <span class='ocrx_word' id='word_1_315' title='bbox 477 4488 592 4563; x_wconf 86' lang='grc' dir='ltr'><em>πώντες</em></span> <span class='ocrx_word' id='word_1_316' title='bbox 617 4488 876 4569; x_wconf 79' lang='grc' dir='ltr'><em>ε’πιτετρίφονται.</em></span> <span class='ocrx_word' id='word_1_317' title='bbox 927 4487 1098 4555; x_wconf 76' lang='lat' dir='ltr'><strong>simillima</strong></span> <span class='ocrx_word' id='word_1_318' title='bbox 1123 4489 1199 4554; x_wconf 83' lang='lat' dir='ltr'><strong>vitia</strong></span> <span class='ocrx_word' id='word_1_319' title='bbox 1225 4505 1317 4574; x_wconf 81' lang='lat' dir='ltr'><strong>saepe</strong></span> <span class='ocrx_word' id='word_1_320' title='bbox 1342 4501 1428 4552; x_wconf 83' lang='lat' dir='ltr'><strong>com·</strong></span> 
     </span>
    </p>
   </div>
   <div class='ocr_carea' id='block_1_3' title="bbox 0 0 1580 4972">
    <p class='ocr_par' dir='ltr' id='par_1_10' title="bbox 0 0 1580 4972">
     <span class='ocr_line' id='line_1_40' title="bbox 0 0 1580 4972; baseline 0 2"><span class='ocrx_word' id='word_1_321' title='bbox 0 0 1580 4972; x_wconf 95' lang='lat' dir='ltr'><em> </em></span> 
     </span>
    </p>
   </div>
  </div>
 </body>
</html>
