3178 4972
753 359 833 406 xxlv

193 531 382 617 quisquilias
415 550 539 599 versare
573 537 715 608 coactae,
752 538 789 595 ut
819 530 971 616 pauculas
1002 532 1041 598 de
1071 538 1207 600 stercore
1224 554 1387 623 ¹gemmas

195 651 358 719 fastidioso
379 652 487 718 labore
509 651 651 741 colligat.

873 769 1023 847 ὦτάλας
1045 775 1119 857 ἀνήρ

536 889 598 968 ders
622 894 716 960 κακὸν
739 899 869 961 τοιοῦτον
893 895 1115 976 ἁγκωλίζεται.

196 1016 238 1082 lit
259 1017 417 1082 miramur
439 1036 555 1101 paucos
578 1035 658 1093 esse,
679 1017 782 1100 quiin
801 1015 908 1081 studia
930 1013 1049 1082 Oritica
1068 1023 1101 1082 et
1123 1017 1297 1106 Exegetica
1319 1021 1386 1082 toto

192 1143 317 1224 pectore
343 1137 530 1202 incumbant
561 1141 593 1201 et
623 1138 658 1200 in
691 1156 728 1201 sa
756 1157 789 1200 re
819 1139 979 1202 maiorum
1008 1137 1146 1226 gloriam
1175 1142 1326 1203 tueantur
1355 1141 1387 1202 et

194 1264 341 1345 augeant.
389 1257 471 1322 Sunt
498 1261 616 1346 igitur,
649 1261 797 1343 inquam,
830 1257 973 1344 plerique
1007 1279 1117 1326 omnes
1141 1257 1273 1326 (lodices
1307 1258 1386 1324 Mas.

195 1375 310 1445 Graeci
330 1379 413 1446 nulli
435 1381 481 1445 rei
502 1380 599 1445 utiles
621 1385 653 1444 et
676 1379 907 1444 contemnendi.
942 1379 1123 1447 Paucorum
1153 1380 1214 1447 fide
1236 1380 1387 1446 standum

194 1506 259 1578 ast,
283 1503 339 1586 qui
367 1503 583 1586 antiquissimi
617 1505 692 1565 sunt
724 1502 869 1565 omnium
896 1505 929 1565 et
949 1503 1159 1589 integerrimi.
1206 1500 1243 1567 ln
1273 1500 1388 1565 multis

195 1622 400 1707 scriptoribus
429 1619 560 1687 Graecis
581 1643 671 1684 caum
704 1620 809 1686 solum
832 1626 947 1686 testem
968 1621 1138 1701 habemus,
1170 1625 1261 1688 euius
1291 1622 1388 1688 verba

197 1743 253 1808 alii
281 1749 375 1829 atque
406 1741 463 1808 alii
485 1745 551 1808 sine
580 1741 687 1807 fructu
710 1747 743 1807 et
776 1763 851 1807 cum
878 1745 969 1808 novis
998 1763 1122 1829 semper
1151 1741 1309 1808 erroribus
1340 1761 1388 1808 re·

196 1868 319 1950 petunt.
344 1863 380 1929 111
404 1863 593 1949 quibusdam
611 1862 682 1928 aliis
701 1865 759 1927 dcc
782 1863 887 1930 idonei
910 1867 1006 1930 testes
1029 1870 1211 1950 supersunt,
1236 1883 1313 1949 quoe
1332 1863 1388 1948 qui

196 1985 354 2052 audiverit
383 1985 480 2051 habet
507 1986 623 2050 omnia.
671 1983 850 2051 Nominabo
874 2005 943 2063 eos,
967 2006 1045 2071 quos
1075 1987 1143 2071 ipse
1173 1990 1387 2072 perscrutatus

195 2127 277 2171 sum.
325 2106 494 2171 Acerram
516 2101 623 2171 Codex
645 2104 829 2171 Marcianus
850 2107 956 2171 aciem
978 2109 1068 2172 testis
1098 2113 1145 2172 est
1169 2111 1201 2172 et
1223 2109 1385 2184 omnium,

194 2248 274 2312 quae
296 2227 415 2312 ubique
434 2231 524 2304 sunt,
542 2226 797 2313 apographorum
820 2227 1025 2314 archetypus:
1050 2249 1090 2293 ex
1108 2229 1219 2293 eodem
1242 2231 1388 2312 excerpta

195 2354 243 2414 est
265 2347 430 2433 Epitome,
454 2346 538 2412 unde
555 2349 638 2433 sapit
660 2347 858 2413 Eustathius.
895 2346 983 2413 Olim
1005 2347 1065 2413 hoc
1083 2346 1255 2437 philologis
1274 2353 1387 2413 notum

194 2470 264 2535 feci.
289 2467 451 2546 Sanioree,
474 2474 506 2533 et
524 2466 706 2532 Diodorfius
725 2472 797 2533 ante
820 2489 943 2546 omnes,
968 2490 1081 2534 verum
1100 2489 1166 2535 esse
1181 2467 1386 2556 intelligunt:

196 2591 311 2656 caeteri
334 2589 504 2676 ambigunt
527 2594 582 2653 aut
605 2589 833 2655 contradicunt.
881 2587 1021 2675 Sequens
1048 2594 1149 2668 aetas,
1173 2595 1211 2654 ut
1233 2588 1285 2667 fit,
1317 2608 1387 2653 con-

195 2713 320 2778 sentiet.
378 2710 501 2796 Ecquid
533 2711 635 2798 igitur
670 2715 717 2776 est
754 2709 902 2775 stolidius
936 2730 1034 2796 quam
1068 2709 1323 2798 apographorum
1355 2713 1388 2774 et

196 2833 359 2918 Epitomes
388 2838 420 2898 et
442 2831 604 2913 Eustathii
633 2831 772 2898 diversas
803 2832 975 2918 scripturas
1008 2828 1178 2920 colligere?
1223 2831 1389 2896 Aascnrn

196 2961 228 3018 et
251 2953 428 3019 Sernocnrs
458 2950 564 3018 (lodex
593 2951 758 3018 Mediceus
788 2956 835 3016 est
858 2952 965 3014 canuc
994 2954 1102 3029 testis,
1138 2951 1222 3016 unde
1250 2939 1389 3038 pendent

196 3077 312 3140 caeteri
335 3094 461 3150 omnes,
486 3077 518 3138 et
541 3076 615 3137 sunt
636 3077 801 3158 propterea
821 3091 930 3137 omnes
947 3071 1076 3157 perinde
1100 3071 1240 3137 inutiles.
1286 3069 1390 3136 Instar

196 3195 341 3260 omnium
372 3199 420 3259 est
442 3193 605 3259 Puaroms
628 3189 735 3258 Codex
756 3192 919 3258 Parisinus
942 3193 989 3270 A,
1014 3196 1106 3258 cuius
1134 3195 1305 3279 scripturas
1333 3193 1389 3277 qui

196 3319 287 3382 novit
308 3317 439 3382 caeteris
461 3318 528 3380 sine
551 3315 666 3380 damno
690 3314 809 3379 carebit
831 3314 988 3379 omnibns.
1036 3313 1121 3394 Quid
1144 3333 1223 3399 opus
1241 3318 1289 3379 cst
1309 3315 1389 3378 scire

195 3437 273 3524 quid
302 3440 337 3502 in
359 3436 525 3522 Iseonarrs
557 3431 727 3501 Codicibus
757 3433 884 3522 legatur
916 3437 943 3499 si
973 3433 1138 3499 Urbinatie
1160 3434 1310 3500 lectiones
1339 3455 1389 3500 co

196 3555 363 3648 gnoverisl
410 3557 466 3622 Nil
485 3577 558 3622 curo
576 3555 714 3641 reliquos
732 3555 830 3621 libros
853 3555 1084 3621 Dadosrnsrus
1108 3555 1186 3620 dum
1205 3555 1389 3620 Parisinum

197 3679 386 3745 Shabcam.
434 3677 519 3758 Quos
542 3677 620 3742 alios
650 3673 781 3742 Codices
809 3675 957 3742 Drorrsn
989 3675 1310 3742 Hrnroanrassmrsrs
1341 3697 1388 3741 re

196 3802 303 3886 quinas
325 3799 382 3863 ubi
406 3795 576 3864 Ohisianus
603 3801 635 3863 et
657 3795 828 3862 Vaticanus
858 3793 1045 3882 supersunt?
1092 3795 1177 3877 Quos
1198 3795 1387 3875 Heronem,

197 3942 298 4007 quum
329 3920 436 3984 omnia
458 3918 552 3984 utilia
574 3921 657 3983 scitu
687 3921 787 3984 insint
808 3920 842 3982 in
864 3916 1046 3984 Florentino
1069 3917 1099 3982 A
1122 3922 1154 3982 et
1176 3916 1320 3984 Romano
1342 3914 1389 3982 R?

196 4041 325 4127 Itaque,
361 4061 399 4106 ne
429 4038 536 4126 plures
566 4061 768 4117 enumerem,
800 4037 954 4124 quidquid
985 4040 1215 4124 scripturarum
1246 4059 1285 4103 ex
1317 4037 1390 4103 aliis

196 4162 287 4228 libris
321 4165 444 4248 praeter
479 4161 573 4226 hosce
601 4160 740 4246 undique
773 4157 883 4224 sedulo
917 4163 1149 4244 comportatur,
1185 4161 1260 4244 quia
1293 4179 1390 4224 usum

197 4282 325 4348 nullum
344 4282 457 4359 habet,
482 4283 697 4347 obiiciendum
713 4301 832 4348 censeo.
864 4279 985 4344 Habeat
1006 4302 1062 4344 aaa
1082 4281 1151 4346 fcta
1173 4279 1287 4357 libelli,
1309 4299 1390 4365 quae

197 4408 229 4469 in
253 4405 410 4490 plerisque
440 4424 540 4487 neque
567 4402 682 4467 inutile
705 4407 753 4468 est
780 4423 880 4488 neque
909 4401 1119 4466 iniucundum
1144 4403 1231 4465 scire.
1279 4399 1390 4466 Osten-
