3204 4978
714 346 783 418 345

159 558 273 610 nomen
298 548 348 608 est
371 537 532 627 uerbaque
556 536 708 627 pleraque
732 541 840 606 omnia
871 541 1016 628 legitima
1040 553 1071 612 et
1093 554 1245 632 oonoepta
1270 553 1346 610 suut

158 656 186 716 et
219 646 367 714 stabilem
399 665 526 734 quoque
559 644 667 712 sedem
699 647 731 711 iu
758 667 793 713 re
818 657 908 714 eorta
934 648 1062 732 habeut.
1111 650 1150 718 Ut
1173 651 1258 739 apud
1284 650 1347 716 llo·

158 775 270 822 uranos
294 755 349 841 qui
375 752 508 820 cadebat
533 750 670 819 lurrrrnla
696 752 775 819 oilril
800 753 933 839 agebat,
960 757 1006 822 sio
1031 757 1115 844 apud
1135 757 1347 825 Athenienses

157 861 213 948 quoi
238 859 344 927 verbis
367 858 566 926 solemnibus
597 878 659 926 uon
686 860 791 924 utitur
815 859 894 925 nilril
915 859 1035 931 dixisse
1061 863 1198 932 videtur.
1248 863 1347 930 ludex

158 971 214 1056 qni
237 967 300 1034 lert
324 967 517 1033 sententiam
543 964 665 1032 dieitur
685 965 740 1040 τήν
759 972 865 1049 ψῆφον
884 967 987 1049 φέρειν
1004 968 1053 1035 rel
1073 963 1200 1048 ίέσίαι,
1221 979 1254 1036 et
1278 971 1348 1037 uni·

159 1074 243 1144 versi
280 1072 403 1140 iudices
433 1071 629 1162 (consiliunt)
667 1071 871 1155 ψηφίζεσθαι.
920 1072 1005 1141 Reus
1037 1077 1170 1159 φεύγειν
1206 1077 1348 1158 dicilttr,
1401 1115 1406 1122 ·
1522 1083 1525 1091 ⁴

158 1188 329 1250 aecusator
348 1180 479 1256 διιίκειν,
502 1178 596 1244 ambo
618 1179 644 1244 οί
664 1177 900 1260 άγωνιζίραενοι,
924 1177 962 1246 ὧν
986 1181 1000 1246 ί
1025 1183 1082 1261 μὲν
1110 1183 1219 1250 διιίκων
1241 1185 1346 1267 κρίνει,

158 1289 172 1354 ί
204 1287 236 1354 ll
268 1285 397 1368 φεύγων
428 1285 571 1367 κρίνεται.
618 1294 808 1367 Κατηγορεῖν
840 1295 889 1353 est
920 1287 953 1351 ιἰι
984 1301 1072 1352 reum
1101 1288 1223 1370 dicere,
1249 1299 1282 1356 ot
1304 1290 1348 1356 τά

157 1393 397 1476 κατηγορημένα
421 1399 497 1458 sunt
527 1391 678 1470 crimino,
713 1411 795 1478 quiae
825 1400 996 1458 accusator
1018 1392 1154 1460 dieendo
1177 1395 1347 1483 explicuit:

158 1501 270 1586 itaque
300 1499 406 1566 troico
437 1496 559 1563 dieitur
586 1498 809 1579 κατηγορεῖταί
843 1521 874 1565 τι
904 1498 999 1577 τινίς,
1033 1519 1096 1566 non
1127 1501 1350 1584 κατηγορεῖταί

157 1628 222 1680 rte:
247 1605 280 1671 in
305 1604 447 1672 eomitiis
471 1603 527 1689 qui
547 1601 738 1688 suffragium
764 1603 873 1670 ierunt
890 1605 1082 1688 ψηφίζεσθαι
1102 1605 1277 1687 dicuntur,
1293 1609 1350 1696 qui

159 1712 262 1778 mittit
287 1713 318 1777 io
344 1708 536 1796 suffragium
558 1709 597 1789 de
621 1709 729 1796 aliqua
753 1727 786 1776 re
808 1709 930 1778 dieitur
953 1717 1042 1778 τοῦτο
1060 1711 1276 1796 ἐπιψηφίζειν,
1295 1715 1350 1801 qui

157 1816 313 1906 populum
349 1818 382 1882 iu
414 1815 604 1902 sullragium
634 1817 734 1882 mittit
758 1817 868 1884 διδίναι
900 1821 956 1894 τήν
979 1824 1101 1902 ψήφοντ
1128 1819 1213 1886 uiues
1237 1819 1293 1905 qui
1317 1819 1350 1886 in

157 1924 302 1992 comitiis
345 1934 422 1991 sunt
463 1920 667 2009 appellantur
702 1924 727 1989 oi
759 1921 1022 2004 ἐκκλησιάζοντες.
1070 1924 1164 2012 Apud
1195 1925 1352 1992 Ινωοιιιιιιιι

157 2028 258 2098 index
293 2028 416 2098 dieitur
456 2033 652 2112 ψηφοφορεῖν
692 2034 753 2105 15,
789 2033 831 2095 dd
874 2031 901 2096 οί
938 2030 1036 2098 λοιποί
1069 2032 1351 2115 ψηφοφορείτωσαν

157 2138 230 2218 μεθ’
259 2135 342 2215 ὑμῶν
372 2144 404 2202 et
437 2138 479 2202 35
491 2183 500 2214 ,
531 2138 550 2200 δ
581 2133 705 2204 δικαςαί
731 2139 985 2219 ψηφοφοροῦντες
1019 2131 1096 2212 ήσαν
1123 2141 1149 2206 ol
1173 2136 1270 2221 οῖριτοι
1293 2145 1352 2205 τῶν

158 2243 190 2310 ἐν
227 2252 266 2326 τή
294 2240 383 2308 πίλει
416 2249 448 2308 el
480 2246 540 2318 47,
576 2245 617 2308 18
643 2242 688 2320 μή
719 2241 873 2321 μέλλετε,
903 2245 1170 2324 ψηφοφορήσατε,
1194 2243 1351 2320 άνοίεητε,

158 2347 215 2416 καί
247 2346 354 2422 άλλοις
385 2347 448 2432 χρή
475 2346 627 2428 δικάζειν,
661 2357 747 2415 reete
780 2352 862 2434 §to
892 2348 1077 2429 ψηφίσασθε
1099 2349 1153 2427 ήδη
1177 2349 1220 2414 τά
1245 2351 1352 2432 εὔορκα

158 2476 200 2524 ex
235 2453 437 2520 [leunsinem
470 2475 501 2541 p.
527 2457 609 2530 605,
644 2458 686 2520 20
716 2453 760 2520 τά
789 2452 897 2535 εὔορκα
933 2451 1034 2525 ἔσεσθε
1068 2455 1294 2537 ἐψηφισμένοι,
1319 2464 1353 2522 at

159 2560 247 2630 male
280 2563 303 2646 ς
325 2563 362 2624 21
389 2558 506 2641 alperto.
533 2560 619 2638 ὑμεῖς
648 2561 674 2626 δ’
698 2561 748 2626 ἐπί
773 2560 890 2634 τούτοις
914 2561 1181 2644 ψηφοφορήσατε,
1206 2571 1238 2628 et
1265 2566 1281 2644 ξ
1309 2564 1352 2626 22

158 2666 298 2748 ήσωχίαν
319 2662 431 2744 atreus.
457 2665 711 2748 ψηφοφορήσονσι
741 2665 815 2748 γάρ.
865 2665 1105 2732 Eiusderttnrodi
1130 2665 1207 2732 vilia
1234 2665 1351 2734 ibidem

159 2781 241 2843 sunl
277 2774 294 2858 §
329 2775 369 2836 12
402 2769 582 2851 άποίέροενοι
616 2773 744 2855 γραφήν
776 2791 833 2858 pro
867 2772 1104 2852 άτενεγκίντες.
1145 2775 1161 2856 §
1193 2777 1230 2838 15
1267 2771 1352 2838 ἐννέα

157 2876 351 2964 κρινάτωσαν
375 2897 434 2966 pro
456 2876 646 2959 δικαζόντων.
673 2882 690 2963 §
717 2882 755 2944 tt
785 2874 880 2944 αὗται
905 2878 937 2944 δὲ
965 2878 1010 2967 (αί
1032 2877 1171 2966 γραφαί)
1196 2879 1227 2952 ἐς
1251 2876 1353 2960 ὕστερον

158 2984 390 3062 δεδικάσονται,
402 2985 568 3052 ‘Graecum
591 2993 639 3050 est
657 2982 825 3065 διαδικάζειν
843 2985 943 3062 δίκην,
963 2986 1072 3072 itaque
1084 2985 1352 3062 ἐκδικασίήσονται

161 3094 323 3182 seriptum
350 3093 502 3182 oportuit.
538 3094 554 3176 §
582 3097 624 3158 53
658 3091 819 3158 διπλάσιον
857 3092 1052 3170 άποισίαενοι
1083 3093 1135 3160 τὸν
1166 3091 1271 3171 peretto
1304 3092 1354 3158 ἐπ’

160 3199 361 3283 άμφοτίραις
391 3208 464 3273 ταῖς
492 3198 611 3272 δίκαιε,
643 3206 767 3264 veteres
790 3197 842 3266 τὸν
873 3199 979 3278 picoto
1010 3197 1113 3283 φέρειν
1136 3198 1265 3272 dieunt,
1290 3217 1354 3262 nou

161 3307 331 3392 φάρεσίαι,
355 3314 386 3374 et
410 3306 443 3370 in
469 3307 487 3390 §
513 3309 554 3370 55
579 3301 655 3370 δίκα
679 3298 794 3376 ίλαις
818 3313 940 3386 κρατεῖς
966 3304 1035 3372 sine
1063 3303 1208 3390 exemplo
1231 3304 1355 3372 dietum

163 3421 270 3482 estet
296 3411 375 3478 nihil
400 3407 577 3496 signifieat,
604 3417 639 3475 ut
658 3420 849 3496 corruptum
874 3431 944 3478 esse
964 3411 1119 3498 suspicer.
1156 3409 1254 3476 lleote
1278 3414 1296 3497 §
1316 3413 1356 3476 18

165 3517 286 3594 πάσαις
316 3525 427 3600 κρατεῖ
451 3524 483 3582 et
512 3511 575 3582 ίλοι
601 3534 657 3601 pro
680 3514 797 3588 πάντες
822 3515 1059 3582 alienissimae
1088 3515 1203 3582 aetatis
1226 3522 1295 3592 est,
1321 3521 1357 3580 ut

166 3611 222 3692 'ton'
246 3643 301 3711 pro
330 3645 436 3690 omues
462 3621 645 3688 Latinitatis
674 3628 725 3687 est
757 3620 938 3708 decrepitae
967 3629 1000 3688 et
1023 3619 1202 3688 delirantis.
1251 3623 1357 3702 Ψηφο·

166 3735 270 3814 φορεῖν
298 3749 355 3817 pro
385 3726 579 3812 ψηφίζεσθαι
613 3725 723 3794 eadem
758 3725 954 3813 negligentia
987 3728 1125 3813 positum
1157 3733 1206 3792 est
1235 3731 1275 3804 o,
1301 3727 1358 3792 56.

65 3889 71 3902 .
165 3837 181 3904 ί
212 3839 345 3908 πλοῦτος
374 3836 388 3900 ί
419 3834 510 3913 lpide,
539 3825 570 3899 do
599 3836 652 3900 οὐκ
682 3833 890 3911 ἐκκλησιατής
920 3834 1149 3918 ψηφοφορήσας
1181 3829 1356 3916 άφελίσίαι

164 3942 284 4010 δύναιτ’
308 3939 355 4007 άν.
404 3938 450 4006 Ne
473 3940 680 4015 ἐκκλησιαστής
704 3938 835 4025 quidem
861 3939 939 4005 salis
964 3957 1078 4004 sanum
1099 3947 1167 4005 est:
1191 3939 1247 4024 qui
1272 3937 1358 4004 cives

165 4049 308 4118 comitiis
343 4047 507 4113 intersunt
533 4046 559 4112 οῖ
585 4042 837 4125 ἐκκλησιάζοντες
861 4047 967 4112 Attice
991 4044 1215 4132 appellantur,
1242 4053 1279 4110 ut
1302 4043 1358 4130 qui

167 4173 315 4242 pompam
351 4152 475 4220 duuunt
502 4153 529 4220 οί
560 4151 768 4231 πομπεύοντα
800 4172 860 4223 non
892 4154 1094 4230 πομπευταί,
1123 4151 1208 4238 quod
1241 4151 1360 4236 legitur

169 4265 229 4340 11,
255 4266 295 4328 16
327 4259 464 4340 ήΤιίχη
497 4259 625 4326 ποικίλα
656 4266 718 4334 τοῖς
748 4265 946 4346 πομπευταῖς
977 4258 1020 4325 τά
1056 4261 1215 4340 σχήματα
1244 4254 1359 4338 προσά·

166 4389 304 4434 σταται
330 4375 361 4434 et
383 4365 590 4442 ἐκκλησιατής
612 4365 742 4452 quidem
767 4363 907 4451 aliquam
930 4362 1025 4430 lrabet
1049 4362 1359 4432 commendationem

167 4471 473 4560 aphilosoplroruur
506 4491 579 4542 usu.
628 4463 726 4540 Porro
756 4479 789 4540 et
820 4473 1025 4540 Αιιιειοτειεε
1056 4487 1361 4554 ιιοιιιιιιιιιηιιιιιιι,εο
