<?xml version="1.0" encoding="UTF-8"?>
<!DOCTYPE html PUBLIC "-//W3C//DTD XHTML 1.0 Transitional//EN"
    "http://www.w3.org/TR/xhtml1/DTD/xhtml1-transitional.dtd">
<html xmlns="http://www.w3.org/1999/xhtml" xml:lang="en" lang="en">
 <head>
  <title>
</title>
<meta http-equiv="Content-Type" content="text/html;charset=utf-8" />
  <meta name='ocr-system' content='tesseract 3.04.00' />
  <meta name='ocr-capabilities' content='ocr_page ocr_carea ocr_par ocr_line ocrx_word'/>
</head>
<body>
  <div class='ocr_page' id='page_1' title='image "./variaelectiones04cobegoog_0345.png"; bbox 0 0 3204 4978; ppageno 0'>
   <div class='ocr_carea' id='block_1_1' title="bbox 791 381 861 454">
    <p class='ocr_par' dir='ltr' id='par_1_1' title="bbox 791 381 861 454">
     <span class='ocr_line' id='line_1_1' title="bbox 791 381 861 454; baseline 0 0"><span class='ocrx_word' id='word_1_1' title='bbox 791 381 861 454; x_wconf 84' lang='grc'><strong>868</strong></span> 
     </span>
    </p>
   </div>
   <div class='ocr_carea' id='block_1_2' title="bbox 207 577 1600 4604">
    <p class='ocr_par' dir='ltr' id='par_1_2' title="bbox 207 577 1600 4604">
     <span class='ocr_line' id='line_1_2' title="bbox 239 577 1433 666; baseline -0.006 -14"><span class='ocrx_word' id='word_1_2' title='bbox 239 582 477 652; x_wconf 68' lang='lat' dir='ltr'><strong>fabulabantur.</strong></span> <span class='ocrx_word' id='word_1_3' title='bbox 525 580 607 647; x_wconf 89' lang='lat' dir='ltr'><strong>Hinc</strong></span> <span class='ocrx_word' id='word_1_4' title='bbox 640 597 756 666; x_wconf 78' lang='lat' dir='ltr'><strong>inagna</strong></span> <span class='ocrx_word' id='word_1_5' title='bbox 788 580 893 644; x_wconf 89' lang='lat' dir='ltr'><strong>oritur</strong></span> <span class='ocrx_word' id='word_1_6' title='bbox 922 577 1088 645; x_wconf 82' lang='lat' dir='ltr'><strong>conlusio:</strong></span> <span class='ocrx_word' id='word_1_7' title='bbox 1128 577 1223 645; x_wconf 84' lang='lat' dir='ltr'><strong>morlo</strong></span> <span class='ocrx_word' id='word_1_8' title='bbox 1258 579 1365 646; x_wconf 78' lang='lat' dir='ltr'><strong>Attica</strong></span> <span class='ocrx_word' id='word_1_9' title='bbox 1397 580 1433 645; x_wconf 92' lang='lat' dir='ltr'><strong>in</strong></span> 
     </span>
     <span class='ocr_line' id='line_1_3' title="bbox 240 682 1430 775; baseline -0.003 -19"><span class='ocrx_word' id='word_1_10' title='bbox 240 692 372 758; x_wconf 75' lang='lat' dir='ltr'><strong>Lucrino</strong></span> <span class='ocrx_word' id='word_1_11' title='bbox 403 694 579 775; x_wconf 90' lang='lat' dir='ltr'><strong>apparent,</strong></span> <span class='ocrx_word' id='word_1_12' title='bbox 621 685 715 752; x_wconf 88' lang='lat' dir='ltr'><strong>modo</strong></span> <span class='ocrx_word' id='word_1_13' title='bbox 746 685 882 752; x_wconf 74' lang='grc' dir='ltr'><strong><em>ἰδιωτικοὶ</em></strong></span> <span class='ocrx_word' id='word_1_14' title='bbox 920 685 1021 753; x_wconf 86' lang='lat' dir='ltr'><strong>nrulta</strong></span> <span class='ocrx_word' id='word_1_15' title='bbox 1053 682 1242 752; x_wconf 88' lang='lat' dir='ltr'><strong>audiuntur.</strong></span> <span class='ocrx_word' id='word_1_16' title='bbox 1289 685 1430 754; x_wconf 78' lang='lat' dir='ltr'><strong>Alteram</strong></span> 
     </span>
     <span class='ocr_line' id='line_1_4' title="bbox 237 791 1433 883; baseline -0.003 -19"><span class='ocrx_word' id='word_1_17' title='bbox 237 794 382 883; x_wconf 84' lang='lat' dir='ltr'><strong>exempla</strong></span> <span class='ocrx_word' id='word_1_18' title='bbox 407 813 508 882; x_wconf 91' lang='lat' dir='ltr'><strong>pauca</strong></span> <span class='ocrx_word' id='word_1_19' title='bbox 531 791 571 859; x_wconf 90' lang='lat' dir='ltr'><strong>de</strong></span> <span class='ocrx_word' id='word_1_20' title='bbox 594 791 717 858; x_wconf 87' lang='lat' dir='ltr'><strong>multis.</strong></span> <span class='ocrx_word' id='word_1_21' title='bbox 767 792 807 859; x_wconf 90' lang='lat' dir='ltr'><strong>Ut</strong></span> <span class='ocrx_word' id='word_1_22' title='bbox 831 793 1018 878; x_wconf 89' lang='lat' dir='ltr'><strong>saepissime</strong></span> <span class='ocrx_word' id='word_1_23' title='bbox 1042 791 1172 874; x_wconf 76' lang='grc' dir='ltr'><strong><em>ἔρχομαι</em></strong></span> <span class='ocrx_word' id='word_1_24' title='bbox 1196 794 1359 870; x_wconf 89' lang='lat' dir='ltr'><strong>occurrit,</strong></span> <span class='ocrx_word' id='word_1_25' title='bbox 1384 792 1433 860; x_wconf 89' lang='lat' dir='ltr'><strong>sic</strong></span> 
     </span>
     <span class='ocr_line' id='line_1_5' title="bbox 238 895 1432 987; baseline -0.003 -18"><span class='ocrx_word' id='word_1_26' title='bbox 238 923 302 970; x_wconf 91' lang='lat' dir='ltr'><strong>non</strong></span> <span class='ocrx_word' id='word_1_27' title='bbox 327 902 433 968; x_wconf 87' lang='lat' dir='ltr'><strong>minus</strong></span> <span class='ocrx_word' id='word_1_28' title='bbox 465 919 559 985; x_wconf 81' lang='lat' dir='ltr'><strong>saepe</strong></span> <span class='ocrx_word' id='word_1_29' title='bbox 583 919 640 987; x_wconf 92' lang='lat' dir='ltr'><strong>pro</strong></span> <span class='ocrx_word' id='word_1_30' title='bbox 664 898 796 981; x_wconf 79' lang='grc' dir='ltr'><strong><em>ἔρχομαι</em></strong></span> <span class='ocrx_word' id='word_1_31' title='bbox 820 898 942 965; x_wconf 86' lang='lat' dir='ltr'><strong>ridebis</strong></span> <span class='ocrx_word' id='word_1_32' title='bbox 970 895 1033 978; x_wconf 80' lang='grc' dir='ltr'><strong><em>εἶμι</em></strong></span> <span class='ocrx_word' id='word_1_33' title='bbox 1069 898 1150 964; x_wconf 86' lang='lat' dir='ltr'><strong>nrale</strong></span> <span class='ocrx_word' id='word_1_34' title='bbox 1174 908 1206 966; x_wconf 87' lang='lat' dir='ltr'><strong>et</strong></span> <span class='ocrx_word' id='word_1_35' title='bbox 1230 899 1432 986; x_wconf 81' lang='lat' dir='ltr'><strong>negligenter</strong></span> 
     </span>
     <span class='ocr_line' id='line_1_6' title="bbox 238 1005 1430 1100; baseline -0.001 -26"><span class='ocrx_word' id='word_1_36' title='bbox 238 1010 397 1098; x_wconf 86' lang='lat' dir='ltr'><strong>positum,</strong></span> <span class='ocrx_word' id='word_1_37' title='bbox 423 1015 459 1071; x_wconf 89' lang='lat' dir='ltr'><strong>nt</strong></span> <span class='ocrx_word' id='word_1_38' title='bbox 491 1009 552 1081; x_wconf 90' lang='grc'><strong>49,</strong></span> <span class='ocrx_word' id='word_1_39' title='bbox 579 1008 633 1071; x_wconf 80' lang='grc'><strong>56.</strong></span> <span class='ocrx_word' id='word_1_40' title='bbox 664 1006 774 1100; x_wconf 80' lang='grc' dir='ltr'><strong>Ιπολλοὶ</strong></span> <span class='ocrx_word' id='word_1_41' title='bbox 799 1006 936 1072; x_wconf 75' lang='grc' dir='ltr'><strong><em>συνίασιν</em></strong></span> <span class='ocrx_word' id='word_1_42' title='bbox 957 1043 995 1055; x_wconf 91' lang='lat'><strong>-—</strong></span> <span class='ocrx_word' id='word_1_43' title='bbox 1020 1005 1168 1082; x_wconf 77' lang='grc' dir='ltr'><strong><em>οὶπύασιν,</em></strong></span> <span class='ocrx_word' id='word_1_44' title='bbox 1194 1025 1251 1092; x_wconf 92' lang='lat' dir='ltr'><strong>pro</strong></span> <span class='ocrx_word' id='word_1_45' title='bbox 1275 1009 1430 1089; x_wconf 80' lang='grc' dir='ltr'><strong><em>σονέρχον·</em></strong></span> 
     </span>
     <span class='ocr_line' id='line_1_7' title="bbox 238 1109 1429 1198; baseline -0.003 -14"><span class='ocrx_word' id='word_1_46' title='bbox 238 1142 291 1184; x_wconf 85' lang='grc' dir='ltr'><strong><em>ται</em></strong></span> <span class='ocrx_word' id='word_1_47' title='bbox 305 1115 568 1195; x_wconf 72' lang='grc' dir='ltr'><strong><em>-οὶπέρχονται,</em></strong></span> <span class='ocrx_word' id='word_1_48' title='bbox 594 1111 687 1197; x_wconf 79' lang='lat' dir='ltr'><strong>paulo</strong></span> <span class='ocrx_word' id='word_1_49' title='bbox 707 1120 781 1178; x_wconf 86' lang='lat' dir='ltr'><strong>ente</strong></span> <span class='ocrx_word' id='word_1_50' title='bbox 804 1115 821 1198; x_wconf 86' lang='lat'>§</span> <span class='ocrx_word' id='word_1_51' title='bbox 849 1119 897 1178; x_wconf 74' lang='lat' dir='ltr'><strong>to.</strong></span> <span class='ocrx_word' id='word_1_52' title='bbox 918 1109 1044 1190; x_wconf 75' lang='grc' dir='ltr'><strong>διέξειμι</strong></span> <span class='ocrx_word' id='word_1_53' title='bbox 1066 1111 1213 1178; x_wconf 77' lang='lat' dir='ltr'><strong>futurum</strong></span> <span class='ocrx_word' id='word_1_54' title='bbox 1235 1121 1304 1194; x_wconf 86' lang='lat' dir='ltr'><strong>est,</strong></span> <span class='ocrx_word' id='word_1_55' title='bbox 1324 1117 1429 1180; x_wconf 81' lang='grc' dir='ltr'><strong><em>ταῦτα</em></strong></span> 
     </span>
     <span class='ocr_line' id='line_1_8' title="bbox 239 1219 1429 1308; baseline -0.003 -18"><span class='ocrx_word' id='word_1_56' title='bbox 239 1224 295 1306; x_wconf 78' lang='grc' dir='ltr'><strong>ᾔδη</strong></span> <span class='ocrx_word' id='word_1_57' title='bbox 327 1245 371 1288; x_wconf 91' lang='grc' dir='ltr'><strong>σοι</strong></span> <span class='ocrx_word' id='word_1_58' title='bbox 403 1219 528 1299; x_wconf 72' lang='grc' dir='ltr'><strong><em>διέξειμι</em></strong></span> <span class='ocrx_word' id='word_1_59' title='bbox 562 1226 593 1284; x_wconf 88' lang='lat' dir='ltr'><strong>et</strong></span> <span class='ocrx_word' id='word_1_60' title='bbox 625 1227 694 1305; x_wconf 87' lang='lat' dir='ltr'><strong>post</strong></span> <span class='ocrx_word' id='word_1_61' title='bbox 728 1238 828 1304; x_wconf 85' lang='lat' dir='ltr'><strong>pauca</strong></span> <span class='ocrx_word' id='word_1_62' title='bbox 854 1223 870 1302; x_wconf 87' lang='lat'>§</span> <span class='ocrx_word' id='word_1_63' title='bbox 898 1223 952 1285; x_wconf 82' lang='grc'><strong>58.</strong></span> <span class='ocrx_word' id='word_1_64' title='bbox 977 1219 1197 1285; x_wconf 71' lang='grc' dir='ltr'><strong>ἐπελεύσεσθαι</strong></span> <span class='ocrx_word' id='word_1_65' title='bbox 1221 1229 1371 1308; x_wconf 80' lang='lat' dir='ltr'><strong>apparel,</strong></span> <span class='ocrx_word' id='word_1_66' title='bbox 1397 1230 1429 1287; x_wconf 80' lang='lat' dir='ltr'><strong>el</strong></span> 
     </span>
     <span class='ocr_line' id='line_1_9' title="bbox 239 1325 1428 1416; baseline -0.003 -19"><span class='ocrx_word' id='word_1_67' title='bbox 239 1349 333 1416; x_wconf 80' lang='lat' dir='ltr'><strong>saepe</strong></span> <span class='ocrx_word' id='word_1_68' title='bbox 356 1325 587 1408; x_wconf 71' lang='grc' dir='ltr'><strong><em>μετελεύσομαι</em></strong></span> <span class='ocrx_word' id='word_1_69' title='bbox 619 1334 654 1390; x_wconf 90' lang='lat' dir='ltr'><strong>ut</strong></span> <span class='ocrx_word' id='word_1_70' title='bbox 684 1329 723 1402; x_wconf 87' lang='grc'><strong>7,</strong></span> <span class='ocrx_word' id='word_1_71' title='bbox 751 1328 801 1390; x_wconf 88' lang='grc'><strong>18.</strong></span> <span class='ocrx_word' id='word_1_72' title='bbox 832 1328 886 1401; x_wconf 89' lang='lat' dir='ltr'><strong>to,</strong></span> <span class='ocrx_word' id='word_1_73' title='bbox 912 1331 947 1401; x_wconf 75' lang='lat' dir='ltr'><strong>tt,</strong></span> <span class='ocrx_word' id='word_1_74' title='bbox 971 1329 1002 1393; x_wconf 82' lang='grc'><strong>2.</strong></span> <span class='ocrx_word' id='word_1_75' title='bbox 1037 1330 1095 1404; x_wconf 91' lang='grc'><strong>16,</strong></span> <span class='ocrx_word' id='word_1_76' title='bbox 1125 1330 1184 1403; x_wconf 88' lang='grc'><strong>16,</strong></span> <span class='ocrx_word' id='word_1_77' title='bbox 1212 1330 1263 1392; x_wconf 79' lang='lat'><strong>13.</strong></span> <span class='ocrx_word' id='word_1_78' title='bbox 1289 1330 1349 1404; x_wconf 80' lang='grc'><strong>26,</strong></span> <span class='ocrx_word' id='word_1_79' title='bbox 1373 1329 1428 1393; x_wconf 88' lang='grc'><strong>27.</strong></span> 
     </span>
     <span class='ocr_line' id='line_1_10' title="bbox 239 1430 1428 1517; baseline -0.006 -12"><span class='ocrx_word' id='word_1_80' title='bbox 239 1443 300 1514; x_wconf 88' lang='grc'><strong>66,</strong></span> <span class='ocrx_word' id='word_1_81' title='bbox 325 1440 368 1502; x_wconf 78' lang='grc'><strong>58</strong></span> <span class='ocrx_word' id='word_1_82' title='bbox 392 1435 445 1500; x_wconf 86' lang='lat' dir='ltr'><strong>ubi</strong></span> <span class='ocrx_word' id='word_1_83' title='bbox 467 1433 595 1498; x_wconf 78' lang='lat' dir='ltr'><strong>Atticus</strong></span> <span class='ocrx_word' id='word_1_84' title='bbox 621 1430 748 1510; x_wconf 79' lang='grc' dir='ltr'><strong><em>μέτειμι</em></strong></span> <span class='ocrx_word' id='word_1_85' title='bbox 769 1431 968 1517; x_wconf 79' lang='lat' dir='ltr'><strong>scripsisset:</strong></span> <span class='ocrx_word' id='word_1_86' title='bbox 994 1433 1040 1497; x_wconf 91' lang='lat' dir='ltr'><strong>sic</strong></span> <span class='ocrx_word' id='word_1_87' title='bbox 1068 1431 1149 1497; x_wconf 84' lang='lat' dir='ltr'><strong>male</strong></span> <span class='ocrx_word' id='word_1_88' title='bbox 1173 1431 1428 1510; x_wconf 71' lang='grc' dir='ltr'><strong><em>ἐπεξελεύσεσθαι</em></strong></span> 
     </span>
     <span class='ocr_line' id='line_1_11' title="bbox 239 1536 1426 1629; baseline -0.005 -19"><span class='ocrx_word' id='word_1_89' title='bbox 239 1544 438 1629; x_wconf 79' lang='lat' dir='ltr'><strong>legitur-tt,</strong></span> <span class='ocrx_word' id='word_1_90' title='bbox 461 1543 514 1605; x_wconf 83' lang='lat'><strong>16.</strong></span> <span class='ocrx_word' id='word_1_91' title='bbox 537 1547 569 1604; x_wconf 88' lang='lat' dir='ltr'><strong>et</strong></span> <span class='ocrx_word' id='word_1_92' title='bbox 590 1538 708 1624; x_wconf 81' lang='lat' dir='ltr'><strong>passim</strong></span> <span class='ocrx_word' id='word_1_93' title='bbox 730 1536 776 1602; x_wconf 88' lang='lat' dir='ltr'><strong>sic</strong></span> <span class='ocrx_word' id='word_1_94' title='bbox 795 1545 937 1606; x_wconf 84' lang='lat' dir='ltr'><strong>erratum</strong></span> <span class='ocrx_word' id='word_1_95' title='bbox 963 1546 1023 1604; x_wconf 89' lang='lat' dir='ltr'><strong>est.</strong></span> <span class='ocrx_word' id='word_1_96' title='bbox 1071 1537 1227 1604; x_wconf 82' lang='lat' dir='ltr'><strong>Vitiosum</strong></span> <span class='ocrx_word' id='word_1_97' title='bbox 1249 1537 1426 1605; x_wconf 83' lang='lat' dir='ltr'><strong>estendam</strong></span> 
     </span>
     <span class='ocr_line' id='line_1_12' title="bbox 239 1642 1428 1732; baseline -0.005 -16"><span class='ocrx_word' id='word_1_98' title='bbox 239 1650 369 1716; x_wconf 86' lang='lat' dir='ltr'><strong>nomine</strong></span> <span class='ocrx_word' id='word_1_99' title='bbox 386 1649 445 1722; x_wconf 88' lang='lat'><strong>69,</strong></span> <span class='ocrx_word' id='word_1_100' title='bbox 463 1649 505 1710; x_wconf 77' lang='grc'><strong>25</strong></span> <span class='ocrx_word' id='word_1_101' title='bbox 526 1645 728 1724; x_wconf 79' lang='grc' dir='ltr'><strong><em>μετελενςέον</em></strong></span> <span class='ocrx_word' id='word_1_102' title='bbox 753 1663 809 1730; x_wconf 89' lang='lat' dir='ltr'><strong>pro</strong></span> <span class='ocrx_word' id='word_1_103' title='bbox 836 1642 978 1724; x_wconf 76' lang='grc' dir='ltr'><strong><em>μετιτέον</em></strong></span> <span class='ocrx_word' id='word_1_104' title='bbox 996 1643 1044 1710; x_wconf 85' lang='lat' dir='ltr'><strong>vel</strong></span> <span class='ocrx_word' id='word_1_105' title='bbox 1068 1644 1258 1724; x_wconf 77' lang='grc' dir='ltr'><strong><em>μεσιπητὲον.</em></strong></span> <span class='ocrx_word' id='word_1_106' title='bbox 1304 1645 1428 1732; x_wconf 84' lang='lat' dir='ltr'><strong>inaper-</strong></span> 
     </span>
     <span class='ocr_line' id='line_1_13' title="bbox 237 1749 1427 1837; baseline -0.003 -15"><span class='ocrx_word' id='word_1_107' title='bbox 237 1756 357 1822; x_wconf 77' lang='lat' dir='ltr'><strong>fectum</strong></span> <span class='ocrx_word' id='word_1_108' title='bbox 384 1753 445 1835; x_wconf 92' lang='grc' dir='ltr'><strong><em>ᾔειν</em></strong></span> <span class='ocrx_word' id='word_1_109' title='bbox 465 1770 558 1836; x_wconf 89' lang='lat' dir='ltr'><strong>saepe</strong></span> <span class='ocrx_word' id='word_1_110' title='bbox 583 1752 741 1828; x_wconf 88' lang='lat' dir='ltr'><strong>recurrlt,</strong></span> <span class='ocrx_word' id='word_1_111' title='bbox 765 1749 820 1817; x_wconf 89' lang='lat' dir='ltr'><strong>sed</strong></span> <span class='ocrx_word' id='word_1_112' title='bbox 848 1755 888 1829; x_wconf 87' lang='grc'><strong>4,</strong></span> <span class='ocrx_word' id='word_1_113' title='bbox 916 1751 1094 1837; x_wconf 73' lang='lat' dir='ltr'><strong>spessime</strong></span> <span class='ocrx_word' id='word_1_114' title='bbox 1122 1753 1163 1825; x_wconf 83' lang='grc' dir='ltr'><strong>ειε</strong></span> <span class='ocrx_word' id='word_1_115' title='bbox 1187 1759 1297 1833; x_wconf 81' lang='grc' dir='ltr'><strong><em>χεῖρας</em></strong></span> <span class='ocrx_word' id='word_1_116' title='bbox 1321 1757 1427 1833; x_wconf 79' lang='grc' dir='ltr'><strong><em>μικροῦ</em></strong></span> 
     </span>
     <span class='ocr_line' id='line_1_14' title="bbox 237 1856 1502 1942; baseline -0.002 -15"><span class='ocrx_word' id='word_1_117' title='bbox 237 1863 297 1929; x_wconf 81' lang='grc' dir='ltr'><strong><em>δεῖν</em></strong></span> <span class='ocrx_word' id='word_1_118' title='bbox 321 1861 433 1942; x_wconf 81' lang='grc' dir='ltr'><strong><em>ᾔρχετο</em></strong></span> <span class='ocrx_word' id='word_1_119' title='bbox 464 1856 618 1931; x_wconf 73' lang='grc' dir='ltr'><strong>πολλάκις</strong></span> <span class='ocrx_word' id='word_1_120' title='bbox 649 1856 807 1942; x_wconf 91' lang='lat' dir='ltr'><strong>scriptum</strong></span> <span class='ocrx_word' id='word_1_121' title='bbox 838 1866 897 1924; x_wconf 88' lang='lat' dir='ltr'><strong>cst.</strong></span> <span class='ocrx_word' id='word_1_122' title='bbox 945 1856 1059 1924; x_wconf 89' lang='lat' dir='ltr'><strong>Nescio</strong></span> <span class='ocrx_word' id='word_1_123' title='bbox 1089 1876 1150 1923; x_wconf 90' lang='lat' dir='ltr'><strong>cur</strong></span> <span class='ocrx_word' id='word_1_124' title='bbox 1178 1857 1428 1924; x_wconf 81' lang='lat' dir='ltr'><strong>Hrnsrsnnusros</strong></span> <span class='ocrx_word' id='word_1_125' title='bbox 1495 1913 1502 1924; x_wconf 85' lang='lat'><em>.</em></span> 
     </span>
     <span class='ocr_line' id='line_1_15' title="bbox 239 1962 1429 2051; baseline -0.003 -17"><span class='ocrx_word' id='word_1_126' title='bbox 239 1973 301 2046; x_wconf 91' lang='lat' dir='ltr'><strong>lt,</strong></span> <span class='ocrx_word' id='word_1_127' title='bbox 337 1971 355 2032; x_wconf 82' lang='lat'><strong>7</strong></span> <span class='ocrx_word' id='word_1_128' title='bbox 394 1984 452 2051; x_wconf 92' lang='lat' dir='ltr'><strong>pro</strong></span> <span class='ocrx_word' id='word_1_129' title='bbox 487 1965 613 2047; x_wconf 83' lang='grc' dir='ltr'><strong><em>ἐταιῇει</em></strong></span> <span class='ocrx_word' id='word_1_130' title='bbox 645 1963 742 2028; x_wconf 87' lang='grc' dir='ltr'><strong><em>πύλιν</em></strong></span> <span class='ocrx_word' id='word_1_131' title='bbox 773 1963 976 2048; x_wconf 77' lang='lat' dir='ltr'><strong>rescripserit</strong></span> <span class='ocrx_word' id='word_1_132' title='bbox 1007 1965 1169 2048; x_wconf 73' lang='lat' dir='ltr'><strong>incepisse,</strong></span> <span class='ocrx_word' id='word_1_133' title='bbox 1201 1962 1286 2049; x_wconf 83' lang='lat' dir='ltr'><strong>quod</strong></span> <span class='ocrx_word' id='word_1_134' title='bbox 1317 1981 1429 2030; x_wconf 87' lang='lat' dir='ltr'><strong>omnes</strong></span> 
     </span>
     <span class='ocr_line' id='line_1_16' title="bbox 236 2067 1429 2159; baseline -0.006 -18"><span class='ocrx_word' id='word_1_135' title='bbox 236 2078 439 2159; x_wconf 87' lang='lat' dir='ltr'><strong>receperunt.</strong></span> <span class='ocrx_word' id='word_1_136' title='bbox 487 2067 686 2134; x_wconf 78' lang='lat' dir='ltr'><strong>Inconsulta:</strong></span> <span class='ocrx_word' id='word_1_137' title='bbox 727 2067 822 2134; x_wconf 86' lang='lat' dir='ltr'><strong>verba</strong></span> <span class='ocrx_word' id='word_1_138' title='bbox 857 2076 935 2133; x_wconf 91' lang='lat' dir='ltr'><strong>sunt</strong></span> <span class='ocrx_word' id='word_1_139' title='bbox 968 2070 1053 2147; x_wconf 80' lang='grc' dir='ltr'><strong><em>μετα</em></strong></span> <span class='ocrx_word' id='word_1_140' title='bbox 1086 2070 1113 2136; x_wconf 84' lang='grc' dir='ltr'><strong>δ’</strong></span> <span class='ocrx_word' id='word_1_141' title='bbox 1145 2067 1194 2139; x_wconf 84' lang='grc' dir='ltr'><strong><em>οὖν</em></strong></span> <span class='ocrx_word' id='word_1_142' title='bbox 1222 2071 1279 2144; x_wconf 83' lang='grc' dir='ltr'><strong>τῇν</strong></span> <span class='ocrx_word' id='word_1_143' title='bbox 1314 2069 1429 2152; x_wconf 76' lang='grc' dir='ltr'><strong><em>ἐτῳδῇν</em></strong></span> 
     </span>
     <span class='ocr_line' id='line_1_17' title="bbox 235 2173 1428 2264; baseline -0.003 -20"><span class='ocrx_word' id='word_1_144' title='bbox 235 2180 301 2262; x_wconf 73' lang='grc' dir='ltr'><strong>τρὶς</strong></span> <span class='ocrx_word' id='word_1_145' title='bbox 337 2176 376 2243; x_wconf 74' lang='lat' dir='ltr'><strong>cir</strong></span> <span class='ocrx_word' id='word_1_146' title='bbox 414 2199 473 2256; x_wconf 87' lang='grc' dir='ltr'><strong><em>μου</em></strong></span> <span class='ocrx_word' id='word_1_147' title='bbox 510 2174 583 2257; x_wconf 81' lang='grc' dir='ltr'><strong><em>πρὸς</em></strong></span> <span class='ocrx_word' id='word_1_148' title='bbox 624 2173 699 2262; x_wconf 78' lang='lat' dir='ltr'><strong>(leg.</strong></span> <span class='ocrx_word' id='word_1_149' title='bbox 730 2173 786 2264; x_wconf 80' lang='grc' dir='ltr'><strong><em>εἰς)</em></strong></span> <span class='ocrx_word' id='word_1_150' title='bbox 818 2175 853 2239; x_wconf 80' lang='grc' dir='ltr'><strong>τὸ</strong></span> <span class='ocrx_word' id='word_1_151' title='bbox 888 2175 1045 2256; x_wconf 76' lang='grc' dir='ltr'><strong><em>πρύτανι-ον</em></strong></span> <span class='ocrx_word' id='word_1_152' title='bbox 1079 2177 1267 2248; x_wconf 71' lang='grc' dir='ltr'><strong><em>ἀποπτύσαι</em></strong></span> <span class='ocrx_word' id='word_1_153' title='bbox 1302 2176 1428 2260; x_wconf 77' lang='grc' dir='ltr'><strong><em>ἑπανῇει</em></strong></span> 
     </span>
     <span class='ocr_line' id='line_1_18' title="bbox 237 2280 1427 2369; baseline -0.003 -17"><span class='ocrx_word' id='word_1_154' title='bbox 237 2285 334 2353; x_wconf 82' lang='grc' dir='ltr'><strong><em>πύλιν</em></strong></span> <span class='ocrx_word' id='word_1_155' title='bbox 369 2281 476 2348; x_wconf 75' lang='grc' dir='ltr'><strong><em>οὐδένα</em></strong></span> <span class='ocrx_word' id='word_1_156' title='bbox 518 2285 578 2347; x_wconf 83' lang='grc' dir='ltr'><strong>πῶν</strong></span> <span class='ocrx_word' id='word_1_157' title='bbox 612 2280 819 2348; x_wconf 69' lang='grc' dir='ltr'><strong><em>ἀπαντώντων</em></strong></span> <span class='ocrx_word' id='word_1_158' title='bbox 857 2281 1073 2364; x_wconf 73' lang='grc' dir='ltr'><strong><em>προσβλέπων.</em></strong></span> <span class='ocrx_word' id='word_1_159' title='bbox 1128 2281 1322 2369; x_wconf 79' lang='lat' dir='ltr'><strong>Recipienda</strong></span> <span class='ocrx_word' id='word_1_160' title='bbox 1357 2291 1427 2348; x_wconf 88' lang='lat' dir='ltr'><strong>lttm</strong></span> 
     </span>
     <span class='ocr_line' id='line_1_19' title="bbox 238 2387 1429 2475; baseline -0.003 -17"><span class='ocrx_word' id='word_1_161' title='bbox 238 2391 371 2458; x_wconf 88' lang='lat' dir='ltr'><strong>dernnm</strong></span> <span class='ocrx_word' id='word_1_162' title='bbox 394 2389 456 2455; x_wconf 91' lang='lat' dir='ltr'><strong>erit</strong></span> <span class='ocrx_word' id='word_1_163' title='bbox 482 2389 585 2474; x_wconf 88' lang='lat' dir='ltr'><strong>prima</strong></span> <span class='ocrx_word' id='word_1_164' title='bbox 607 2406 757 2473; x_wconf 89' lang='lat' dir='ltr'><strong>persona,</strong></span> <span class='ocrx_word' id='word_1_165' title='bbox 781 2406 881 2472; x_wconf 88' lang='lat' dir='ltr'><strong>quum</strong></span> <span class='ocrx_word' id='word_1_166' title='bbox 914 2387 1085 2475; x_wconf 89' lang='lat' dir='ltr'><strong>quisquam</strong></span> <span class='ocrx_word' id='word_1_167' title='bbox 1111 2389 1196 2456; x_wconf 88' lang='lat' dir='ltr'><strong>serio</strong></span> <span class='ocrx_word' id='word_1_168' title='bbox 1219 2388 1328 2456; x_wconf 83' lang='lat' dir='ltr'><strong>credet</strong></span> <span class='ocrx_word' id='word_1_169' title='bbox 1351 2391 1429 2455; x_wconf 76' lang='grc' dir='ltr'><strong><em>ατο·</em></strong></span> 
     </span>
     <span class='ocr_line' id='line_1_20' title="bbox 240 2492 1428 2581; baseline -0.002 -17"><span class='ocrx_word' id='word_1_170' title='bbox 240 2497 364 2570; x_wconf 81' lang='grc' dir='ltr'><strong><em>πτύσας</em></strong></span> <span class='ocrx_word' id='word_1_171' title='bbox 393 2497 426 2560; x_wconf 92' lang='lat' dir='ltr'><strong>in</strong></span> <span class='ocrx_word' id='word_1_172' title='bbox 459 2493 518 2560; x_wconf 90' lang='lat' dir='ltr'><strong>hoc</strong></span> <span class='ocrx_word' id='word_1_173' title='bbox 544 2494 611 2559; x_wconf 91' lang='lat' dir='ltr'><strong>loco</strong></span> <span class='ocrx_word' id='word_1_174' title='bbox 636 2492 794 2559; x_wconf 80' lang='lat' dir='ltr'><strong>»obsolute</strong></span> <span class='ocrx_word' id='word_1_175' title='bbox 818 2494 896 2580; x_wconf 83' lang='lat' dir='ltr'><strong>poni</strong></span> <span class='ocrx_word' id='word_1_176' title='bbox 914 2516 972 2581; x_wconf 89' lang='lat' dir='ltr'><strong>pro</strong></span> <span class='ocrx_word' id='word_1_177' title='bbox 994 2495 1234 2567; x_wconf 81' lang='grc' dir='ltr'><strong><em>ύποττύοαντοι</em></strong></span> <span class='ocrx_word' id='word_1_178' title='bbox 1254 2497 1303 2562; x_wconf 84' lang='lat' dir='ltr'><strong>vel</strong></span> <span class='ocrx_word' id='word_1_179' title='bbox 1325 2495 1428 2575; x_wconf 68' lang='grc' dir='ltr'><strong><em>ἐπειδὴ</em></strong></span> 
     </span>
     <span class='ocr_line' id='line_1_21' title="bbox 237 2597 1430 2687; baseline -0.003 -15"><span class='ocrx_word' id='word_1_180' title='bbox 237 2603 423 2672; x_wconf 79' lang='grc' dir='ltr'><strong><em>οὶτὲττνοε”</em></strong></span> <span class='ocrx_word' id='word_1_181' title='bbox 458 2610 494 2667; x_wconf 82' lang='grc' dir='ltr'><strong>ιιι</strong></span> <span class='ocrx_word' id='word_1_182' title='bbox 519 2599 772 2666; x_wconf 82' lang='lat' dir='ltr'><strong>Hensrrnnosros</strong></span> <span class='ocrx_word' id='word_1_183' title='bbox 803 2597 972 2676; x_wconf 82' lang='lat' dir='ltr'><strong>festinans,</strong></span> <span class='ocrx_word' id='word_1_184' title='bbox 998 2599 1111 2677; x_wconf 84' lang='lat' dir='ltr'><strong>credo,</strong></span> <span class='ocrx_word' id='word_1_185' title='bbox 1141 2600 1284 2687; x_wconf 83' lang='lat' dir='ltr'><strong>scripsit.</strong></span> <span class='ocrx_word' id='word_1_186' title='bbox 1333 2602 1430 2668; x_wconf 82' lang='lat' dir='ltr'><strong>tnti-</strong></span> 
     </span>
     <span class='ocr_line' id='line_1_22' title="bbox 237 2703 1427 2799; baseline -0.003 -22"><span class='ocrx_word' id='word_1_187' title='bbox 237 2731 319 2799; x_wconf 82' lang='lat' dir='ltr'><strong>quae</strong></span> <span class='ocrx_word' id='word_1_188' title='bbox 353 2709 475 2776; x_wconf 88' lang='lat' dir='ltr'><strong>lormae</strong></span> <span class='ocrx_word' id='word_1_189' title='bbox 507 2716 584 2772; x_wconf 92' lang='lat' dir='ltr'><strong>sunt</strong></span> <span class='ocrx_word' id='word_1_190' title='bbox 617 2703 677 2789; x_wconf 87' lang='grc' dir='ltr'><strong>ᾔα,</strong></span> <span class='ocrx_word' id='word_1_191' title='bbox 712 2705 836 2790; x_wconf 79' lang='grc' dir='ltr'><strong><em>ᾔεισύα,</em></strong></span> <span class='ocrx_word' id='word_1_192' title='bbox 869 2707 914 2791; x_wconf 89' lang='grc' dir='ltr'><strong>ᾔει</strong></span> <span class='ocrx_word' id='word_1_193' title='bbox 944 2709 1020 2792; x_wconf 89' lang='grc' dir='ltr'><strong><em>(ᾔειν</em></strong></span> <span class='ocrx_word' id='word_1_194' title='bbox 1051 2715 1125 2774; x_wconf 90' lang='lat' dir='ltr'><strong>ante</strong></span> <span class='ocrx_word' id='word_1_195' title='bbox 1157 2707 1329 2795; x_wconf 87' lang='lat' dir='ltr'><strong>vocalem),</strong></span> <span class='ocrx_word' id='word_1_196' title='bbox 1356 2717 1427 2774; x_wconf 88' lang='lat' dir='ltr'><strong>turn</strong></span> 
     </span>
     <span class='ocr_line' id='line_1_23' title="bbox 235 2810 1428 2904; baseline -0.003 -20"><span class='ocrx_word' id='word_1_197' title='bbox 235 2817 330 2904; x_wconf 89' lang='grc' dir='ltr'><strong><em>ᾔμεν,</em></strong></span> <span class='ocrx_word' id='word_1_198' title='bbox 356 2814 409 2900; x_wconf 86' lang='grc' dir='ltr'><strong>ᾔτε</strong></span> <span class='ocrx_word' id='word_1_199' title='bbox 432 2822 465 2882; x_wconf 92' lang='lat' dir='ltr'><strong>et</strong></span> <span class='ocrx_word' id='word_1_200' title='bbox 489 2811 577 2898; x_wconf 84' lang='grc' dir='ltr'><strong><em>ᾔοαν.</em></strong></span> <span class='ocrx_word' id='word_1_201' title='bbox 625 2813 703 2877; x_wconf 83' lang='lat' dir='ltr'><strong>Cum</strong></span> <span class='ocrx_word' id='word_1_202' title='bbox 733 2810 783 2877; x_wconf 90' lang='lat' dir='ltr'><strong>his</strong></span> <span class='ocrx_word' id='word_1_203' title='bbox 807 2810 920 2880; x_wconf 87' lang='lat' dir='ltr'><strong>lorrnis</strong></span> <span class='ocrx_word' id='word_1_204' title='bbox 942 2813 1060 2900; x_wconf 88' lang='lat' dir='ltr'><strong>ubique</strong></span> <span class='ocrx_word' id='word_1_205' title='bbox 1079 2813 1204 2880; x_wconf 90' lang='lat' dir='ltr'><strong>scribae</strong></span> <span class='ocrx_word' id='word_1_206' title='bbox 1228 2813 1346 2881; x_wconf 88' lang='lat' dir='ltr'><strong>bellurn</strong></span> <span class='ocrx_word' id='word_1_207' title='bbox 1371 2835 1428 2899; x_wconf 83' lang='lat' dir='ltr'><strong>ge-</strong></span> 
     </span>
     <span class='ocr_line' id='line_1_24' title="bbox 234 2919 1426 3008; baseline -0.004 -16"><span class='ocrx_word' id='word_1_208' title='bbox 234 2933 313 2992; x_wconf 91' lang='lat' dir='ltr'><strong>runt</strong></span> <span class='ocrx_word' id='word_1_209' title='bbox 337 2931 369 2990; x_wconf 88' lang='lat' dir='ltr'><strong>et</strong></span> <span class='ocrx_word' id='word_1_210' title='bbox 392 2923 454 3007; x_wconf 81' lang='grc' dir='ltr'><strong><em>ᾔεις</em></strong></span> <span class='ocrx_word' id='word_1_211' title='bbox 486 2925 662 3007; x_wconf 88' lang='lat' dir='ltr'><strong>reponunt,</strong></span> <span class='ocrx_word' id='word_1_212' title='bbox 695 2919 815 3002; x_wconf 88' lang='grc' dir='ltr'><strong><em>ᾔειμεν,</em></strong></span> <span class='ocrx_word' id='word_1_213' title='bbox 840 2921 922 3003; x_wconf 86' lang='grc' dir='ltr'><strong><em>ᾔειτε</em></strong></span> <span class='ocrx_word' id='word_1_214' title='bbox 945 2928 978 2986; x_wconf 88' lang='lat' dir='ltr'><strong>et</strong></span> <span class='ocrx_word' id='word_1_215' title='bbox 1001 2921 1105 3004; x_wconf 88' lang='grc' dir='ltr'><strong><em>ᾔεσαν.</em></strong></span> <span class='ocrx_word' id='word_1_216' title='bbox 1155 2919 1238 2986; x_wconf 86' lang='lat' dir='ltr'><strong>[tara</strong></span> <span class='ocrx_word' id='word_1_217' title='bbox 1266 2919 1426 3008; x_wconf 85' lang='lat' dir='ltr'><strong>quaedam</strong></span> 
     </span>
     <span class='ocr_line' id='line_1_25' title="bbox 235 3025 1427 3116; baseline -0.005 -17"><span class='ocrx_word' id='word_1_218' title='bbox 235 3030 370 3116; x_wconf 78' lang='lat' dir='ltr'><strong>vestigia</strong></span> <span class='ocrx_word' id='word_1_219' title='bbox 394 3036 426 3093; x_wconf 93' lang='lat' dir='ltr'><strong>et</strong></span> <span class='ocrx_word' id='word_1_220' title='bbox 450 3025 570 3092; x_wconf 87' lang='lat' dir='ltr'><strong>indicia</strong></span> <span class='ocrx_word' id='word_1_221' title='bbox 595 3029 713 3092; x_wconf 90' lang='lat' dir='ltr'><strong>veteris</strong></span> <span class='ocrx_word' id='word_1_222' title='bbox 738 3044 815 3090; x_wconf 93' lang='lat' dir='ltr'><strong>usus</strong></span> <span class='ocrx_word' id='word_1_223' title='bbox 840 3035 1022 3112; x_wconf 68' lang='lat' dir='ltr'><strong>apparent,</strong></span> <span class='ocrx_word' id='word_1_224' title='bbox 1039 3035 1074 3091; x_wconf 92' lang='lat' dir='ltr'><strong>ut</strong></span> <span class='ocrx_word' id='word_1_225' title='bbox 1099 3027 1306 3106; x_wconf 89' lang='lat' dir='ltr'><strong>incaeteris,</strong></span> <span class='ocrx_word' id='word_1_226' title='bbox 1328 3028 1427 3093; x_wconf 89' lang='lat' dir='ltr'><strong>sicet</strong></span> 
     </span>
     <span class='ocr_line' id='line_1_26' title="bbox 235 3131 1427 3218; baseline -0.003 -15"><span class='ocrx_word' id='word_1_227' title='bbox 235 3139 268 3203; x_wconf 89' lang='lat' dir='ltr'><strong>in</strong></span> <span class='ocrx_word' id='word_1_228' title='bbox 301 3137 442 3201; x_wconf 74' lang='lat' dir='ltr'><strong>Lucrino.</strong></span> <span class='ocrx_word' id='word_1_229' title='bbox 490 3131 577 3197; x_wconf 80' lang='lat' dir='ltr'><strong>Libri</strong></span> <span class='ocrx_word' id='word_1_230' title='bbox 612 3133 642 3197; x_wconf 89' lang='lat' dir='ltr'><strong>in</strong></span> <span class='ocrx_word' id='word_1_231' title='bbox 679 3136 742 3211; x_wconf 79' lang='lat'><strong>38,</strong></span> <span class='ocrx_word' id='word_1_232' title='bbox 775 3137 814 3197; x_wconf 88' lang='lat'><strong>18</strong></span> <span class='ocrx_word' id='word_1_233' title='bbox 856 3133 981 3198; x_wconf 79' lang='lat' dir='ltr'><strong>variant</strong></span> <span class='ocrx_word' id='word_1_234' title='bbox 1014 3133 1047 3198; x_wconf 93' lang='lat' dir='ltr'><strong>in</strong></span> <span class='ocrx_word' id='word_1_235' title='bbox 1081 3131 1221 3218; x_wconf 82' lang='grc' dir='ltr'><strong><em>ἐξῇειμεν</em></strong></span> <span class='ocrx_word' id='word_1_236' title='bbox 1255 3143 1288 3200; x_wconf 89' lang='lat' dir='ltr'><strong>et</strong></span> <span class='ocrx_word' id='word_1_237' title='bbox 1321 3131 1427 3212; x_wconf 76' lang='grc' dir='ltr'><strong><em>ἔξιμεν</em></strong></span> 
     </span>
     <span class='ocr_line' id='line_1_27' title="bbox 207 3236 1426 3328; baseline -0.002 -20"><span class='ocrx_word' id='word_1_238' title='bbox 207 3294 209 3298; x_wconf 88' lang='grc'><strong>.</strong></span> <span class='ocrx_word' id='word_1_239' title='bbox 234 3239 454 3328; x_wconf 88' lang='lat' dir='ltr'><strong>superscripto</strong></span> <span class='ocrx_word' id='word_1_240' title='bbox 478 3262 514 3315; x_wconf 78' lang='grc' dir='ltr'><strong>ᾔ,</strong></span> <span class='ocrx_word' id='word_1_241' title='bbox 541 3247 577 3304; x_wconf 91' lang='lat' dir='ltr'><strong>ut</strong></span> <span class='ocrx_word' id='word_1_242' title='bbox 597 3237 708 3320; x_wconf 80' lang='grc' dir='ltr'><strong><em>ἕξῇμεν</em></strong></span> <span class='ocrx_word' id='word_1_243' title='bbox 732 3237 872 3304; x_wconf 84' lang='lat' dir='ltr'><strong>voluisse</strong></span> <span class='ocrx_word' id='word_1_244' title='bbox 900 3236 1061 3305; x_wconf 83' lang='lat' dir='ltr'><strong>horninenr</strong></span> <span class='ocrx_word' id='word_1_245' title='bbox 1088 3248 1258 3326; x_wconf 81' lang='lat' dir='ltr'><strong>appareat:</strong></span> <span class='ocrx_word' id='word_1_246' title='bbox 1283 3250 1426 3323; x_wconf 84' lang='grc' dir='ltr'><strong><em>παρῇμεν</em></strong></span> 
     </span>
     <span class='ocr_line' id='line_1_28' title="bbox 234 3343 1476 3431; baseline -0.002 -17"><span class='ocrx_word' id='word_1_247' title='bbox 234 3355 370 3414; x_wconf 85' lang='lat' dir='ltr'><strong>aetatem</strong></span> <span class='ocrx_word' id='word_1_248' title='bbox 396 3343 470 3410; x_wconf 91' lang='lat' dir='ltr'><strong>tulit</strong></span> <span class='ocrx_word' id='word_1_249' title='bbox 496 3347 555 3421; x_wconf 89' lang='grc'><strong>26,</strong></span> <span class='ocrx_word' id='word_1_250' title='bbox 582 3348 618 3420; x_wconf 84' lang='grc'><strong>7,</strong></span> <span class='ocrx_word' id='word_1_251' title='bbox 643 3343 853 3430; x_wconf 84' lang='lat' dir='ltr'><strong>quamobrem</strong></span> <span class='ocrx_word' id='word_1_252' title='bbox 879 3353 1028 3431; x_wconf 87' lang='lat' dir='ltr'><strong>suspecta</strong></span> <span class='ocrx_word' id='word_1_253' title='bbox 1053 3355 1131 3411; x_wconf 91' lang='lat' dir='ltr'><strong>sunt</strong></span> <span class='ocrx_word' id='word_1_254' title='bbox 1151 3346 1291 3431; x_wconf 75' lang='grc' dir='ltr'><strong><em>ε’ξῇειμεν</em></strong></span> <span class='ocrx_word' id='word_1_255' title='bbox 1306 3352 1368 3422; x_wconf 87' lang='grc'><strong>34,</strong></span> <span class='ocrx_word' id='word_1_256' title='bbox 1389 3351 1424 3412; x_wconf 78' lang='grc'><strong>6.</strong></span> <span class='ocrx_word' id='word_1_257' title='bbox 1470 3407 1476 3420; x_wconf 84' lang='grc'><strong>,</strong></span> 
     </span>
     <span class='ocr_line' id='line_1_29' title="bbox 233 3450 1424 3540; baseline -0.003 -20"><span class='ocrx_word' id='word_1_258' title='bbox 233 3455 387 3537; x_wconf 80' lang='grc' dir='ltr'><strong><em>ύπῇειμεν</em></strong></span> <span class='ocrx_word' id='word_1_259' title='bbox 420 3455 480 3528; x_wconf 88' lang='grc'><strong>46,</strong></span> <span class='ocrx_word' id='word_1_260' title='bbox 506 3453 559 3517; x_wconf 77' lang='lat' dir='ltr'><strong>at.</strong></span> <span class='ocrx_word' id='word_1_261' title='bbox 583 3452 752 3533; x_wconf 84' lang='grc' dir='ltr'><strong><em>κατῇειμεν</em></strong></span> <span class='ocrx_word' id='word_1_262' title='bbox 777 3453 841 3528; x_wconf 89' lang='grc'><strong>66,</strong></span> <span class='ocrx_word' id='word_1_263' title='bbox 867 3455 920 3517; x_wconf 82' lang='grc'><strong>56.</strong></span> <span class='ocrx_word' id='word_1_264' title='bbox 947 3451 978 3515; x_wconf 88' lang='lat' dir='ltr'><strong>in</strong></span> <span class='ocrx_word' id='word_1_265' title='bbox 1005 3459 1071 3517; x_wconf 83' lang='lat' dir='ltr'><strong>tam</strong></span> <span class='ocrx_word' id='word_1_266' title='bbox 1102 3450 1264 3539; x_wconf 83' lang='lat' dir='ltr'><strong>frequenti</strong></span> <span class='ocrx_word' id='word_1_267' title='bbox 1296 3461 1328 3519; x_wconf 83' lang='lat' dir='ltr'><strong>et</strong></span> <span class='ocrx_word' id='word_1_268' title='bbox 1352 3471 1424 3540; x_wconf 88' lang='lat' dir='ltr'><strong>pro·</strong></span> 
     </span>
     <span class='ocr_line' id='line_1_30' title="bbox 235 3555 1425 3645; baseline -0.003 -18"><span class='ocrx_word' id='word_1_269' title='bbox 235 3560 309 3627; x_wconf 84' lang='lat' dir='ltr'><strong>clivi</strong></span> <span class='ocrx_word' id='word_1_270' title='bbox 334 3557 591 3645; x_wconf 89' lang='lat' dir='ltr'><strong>interpolatione.</strong></span> <span class='ocrx_word' id='word_1_271' title='bbox 638 3555 752 3623; x_wconf 82' lang='lat' dir='ltr'><strong>Exstat</strong></span> <span class='ocrx_word' id='word_1_272' title='bbox 784 3559 903 3641; x_wconf 81' lang='grc' dir='ltr'><strong><em>τροῇειρ</em></strong></span> <span class='ocrx_word' id='word_1_273' title='bbox 930 3561 990 3632; x_wconf 89' lang='grc'><strong>66,</strong></span> <span class='ocrx_word' id='word_1_274' title='bbox 1028 3566 1039 3622; x_wconf 91' lang='grc' dir='ltr'><strong><em>ι</em></strong></span> <span class='ocrx_word' id='word_1_275' title='bbox 1074 3577 1131 3644; x_wconf 95' lang='lat' dir='ltr'><strong>pro</strong></span> <span class='ocrx_word' id='word_1_276' title='bbox 1155 3561 1319 3644; x_wconf 80' lang='grc' dir='ltr'><strong><em>προῇειούα</em></strong></span> <span class='ocrx_word' id='word_1_277' title='bbox 1343 3559 1425 3625; x_wconf 93' lang='lat' dir='ltr'><strong>anti·</strong></span> 
     </span>
     <span class='ocr_line' id='line_1_31' title="bbox 234 3656 1424 3756; baseline 0.001 -23"><span class='ocrx_word' id='word_1_278' title='bbox 234 3668 403 3756; x_wconf 86' lang='lat' dir='ltr'><strong>quiorunr:</strong></span> <span class='ocrx_word' id='word_1_279' title='bbox 429 3661 539 3729; x_wconf 89' lang='lat' dir='ltr'><strong>eodem</strong></span> <span class='ocrx_word' id='word_1_280' title='bbox 565 3662 643 3727; x_wconf 84' lang='lat' dir='ltr'><strong>nitio</strong></span> <span class='ocrx_word' id='word_1_281' title='bbox 664 3656 697 3736; x_wconf 79' lang='grc' dir='ltr'><strong>ἦς</strong></span> <span class='ocrx_word' id='word_1_282' title='bbox 726 3682 783 3750; x_wconf 94' lang='lat' dir='ltr'><strong>pro</strong></span> <span class='ocrx_word' id='word_1_283' title='bbox 804 3659 881 3739; x_wconf 79' lang='grc' dir='ltr'><strong><em>ᾔούα</em></strong></span> <span class='ocrx_word' id='word_1_284' title='bbox 906 3661 1026 3748; x_wconf 80' lang='lat' dir='ltr'><strong>legitur</strong></span> <span class='ocrx_word' id='word_1_285' title='bbox 1054 3667 1115 3742; x_wconf 81' lang='grc'><strong>58,</strong></span> <span class='ocrx_word' id='word_1_286' title='bbox 1139 3669 1158 3731; x_wconf 81' lang='lat'>5</span> <span class='ocrx_word' id='word_1_287' title='bbox 1180 3675 1212 3732; x_wconf 92' lang='lat' dir='ltr'><strong>et</strong></span> <span class='ocrx_word' id='word_1_288' title='bbox 1239 3671 1293 3745; x_wconf 85' lang='grc' dir='ltr'><strong>ιο,</strong></span> <span class='ocrx_word' id='word_1_289' title='bbox 1322 3670 1424 3744; x_wconf 84' lang='grc'><strong>16,3</strong></span> 
     </span>
     <span class='ocr_line' id='line_1_32' title="bbox 231 3766 1426 3855; baseline 0.001 -17"><span class='ocrx_word' id='word_1_290' title='bbox 231 3781 336 3848; x_wconf 77' lang='grc' dir='ltr'><strong><em>τονῇςε</em></strong></span> <span class='ocrx_word' id='word_1_291' title='bbox 362 3769 560 3836; x_wconf 80' lang='lat' dir='ltr'><strong>dissentiunt</strong></span> <span class='ocrx_word' id='word_1_292' title='bbox 588 3766 662 3834; x_wconf 87' lang='lat' dir='ltr'><strong>libri</strong></span> <span class='ocrx_word' id='word_1_293' title='bbox 700 3772 757 3846; x_wconf 86' lang='lat'><strong>10,</strong></span> <span class='ocrx_word' id='word_1_294' title='bbox 784 3774 823 3849; x_wconf 85' lang='lat' dir='ltr'><strong>t,</strong></span> <span class='ocrx_word' id='word_1_295' title='bbox 855 3777 883 3836; x_wconf 91' lang='lat' dir='ltr'><strong>t.</strong></span> <span class='ocrx_word' id='word_1_296' title='bbox 912 3769 942 3833; x_wconf 91' lang='lat' dir='ltr'><strong>in</strong></span> <span class='ocrx_word' id='word_1_297' title='bbox 968 3778 1069 3850; x_wconf 73' lang='grc' dir='ltr'><strong><em>ταιῆς</em></strong></span> <span class='ocrx_word' id='word_1_298' title='bbox 1093 3781 1125 3837; x_wconf 82' lang='grc' dir='ltr'><strong>ιιι</strong></span> <span class='ocrx_word' id='word_1_299' title='bbox 1149 3774 1312 3855; x_wconf 83' lang='grc' dir='ltr'><strong><em>ταρῇούα,</em></strong></span> <span class='ocrx_word' id='word_1_300' title='bbox 1337 3781 1426 3839; x_wconf 90' lang='lat' dir='ltr'><strong>recte</strong></span> 
     </span>
     <span class='ocr_line' id='line_1_33' title="bbox 234 3875 1426 3968; baseline 0.001 -24"><span class='ocrx_word' id='word_1_301' title='bbox 234 3879 356 3964; x_wconf 80' lang='grc' dir='ltr'><strong><em>ᾔδεισθα</em></strong></span> <span class='ocrx_word' id='word_1_302' title='bbox 381 3875 539 3961; x_wconf 89' lang='lat' dir='ltr'><strong>scriptum</strong></span> <span class='ocrx_word' id='word_1_303' title='bbox 564 3883 614 3942; x_wconf 89' lang='lat' dir='ltr'><strong>est</strong></span> <span class='ocrx_word' id='word_1_304' title='bbox 638 3877 700 3952; x_wconf 77' lang='grc'><strong>66,</strong></span> <span class='ocrx_word' id='word_1_305' title='bbox 725 3879 757 3941; x_wconf 90' lang='lat'><strong>9.</strong></span> <span class='ocrx_word' id='word_1_306' title='bbox 807 3876 844 3941; x_wconf 90' lang='lat' dir='ltr'><strong>ln</strong></span> <span class='ocrx_word' id='word_1_307' title='bbox 874 3876 1044 3962; x_wconf 89' lang='lat' dir='ltr'><strong>participio</strong></span> <span class='ocrx_word' id='word_1_308' title='bbox 1075 3897 1149 3943; x_wconf 94' lang='lat' dir='ltr'><strong>raro</strong></span> <span class='ocrx_word' id='word_1_309' title='bbox 1181 3880 1344 3968; x_wconf 86' lang='lat' dir='ltr'><strong>peccarit,</strong></span> <span class='ocrx_word' id='word_1_310' title='bbox 1370 3877 1426 3945; x_wconf 88' lang='lat' dir='ltr'><strong>sed</strong></span> 
     </span>
     <span class='ocr_line' id='line_1_34' title="bbox 231 3978 1425 4066; baseline 0.001 -14"><span class='ocrx_word' id='word_1_311' title='bbox 231 3995 339 4052; x_wconf 84' lang='lat' dir='ltr'><strong>tamen</strong></span> <span class='ocrx_word' id='word_1_312' title='bbox 371 3979 534 4064; x_wconf 76' lang='grc' dir='ltr'><strong><em>ύρχύμενον</em></strong></span> <span class='ocrx_word' id='word_1_313' title='bbox 564 3982 593 4047; x_wconf 90' lang='lat' dir='ltr'><strong>ei</strong></span> <span class='ocrx_word' id='word_1_314' title='bbox 625 3978 746 4046; x_wconf 84' lang='lat' dir='ltr'><strong>excidit</strong></span> <span class='ocrx_word' id='word_1_315' title='bbox 776 3987 837 4056; x_wconf 75' lang='lat'><strong>99,</strong></span> <span class='ocrx_word' id='word_1_316' title='bbox 870 3987 912 4048; x_wconf 78' lang='lat'><strong>25</strong></span> <span class='ocrx_word' id='word_1_317' title='bbox 946 3990 978 4048; x_wconf 86' lang='lat' dir='ltr'><strong>el</strong></span> <span class='ocrx_word' id='word_1_318' title='bbox 1002 3984 1215 4066; x_wconf 73' lang='grc' dir='ltr'><strong><em>προερχόμενα</em></strong></span> <span class='ocrx_word' id='word_1_319' title='bbox 1241 3989 1279 4064; x_wconf 88' lang='lat'><strong>8,</strong></span> <span class='ocrx_word' id='word_1_320' title='bbox 1301 3989 1366 4062; x_wconf 83' lang='lat' dir='ltr'><strong>tt),</strong></span> <span class='ocrx_word' id='word_1_321' title='bbox 1393 3991 1425 4053; x_wconf 87' lang='grc'><strong>6.</strong></span> 
     </span>
     <span class='ocr_line' id='line_1_35' title="bbox 233 4085 1426 4184; baseline 0.001 -27"><span class='ocrx_word' id='word_1_322' title='bbox 233 4092 375 4184; x_wconf 80' lang='lat' dir='ltr'><strong>Antiqua</strong></span> <span class='ocrx_word' id='word_1_323' title='bbox 396 4085 524 4153; x_wconf 90' lang='lat' dir='ltr'><strong>dicendi</strong></span> <span class='ocrx_word' id='word_1_324' title='bbox 548 4085 747 4153; x_wconf 81' lang='lat' dir='ltr'><strong>connsuetudo</strong></span> <span class='ocrx_word' id='word_1_325' title='bbox 771 4088 804 4153; x_wconf 92' lang='lat' dir='ltr'><strong>in</strong></span> <span class='ocrx_word' id='word_1_326' title='bbox 830 4087 880 4154; x_wconf 90' lang='lat' dir='ltr'><strong>his</strong></span> <span class='ocrx_word' id='word_1_327' title='bbox 906 4098 972 4154; x_wconf 87' lang='lat' dir='ltr'><strong>tarn</strong></span> <span class='ocrx_word' id='word_1_328' title='bbox 1000 4095 1074 4154; x_wconf 89' lang='lat' dir='ltr'><strong>nota</strong></span> <span class='ocrx_word' id='word_1_329' title='bbox 1098 4101 1168 4156; x_wconf 89' lang='lat' dir='ltr'><strong>erat</strong></span> <span class='ocrx_word' id='word_1_330' title='bbox 1186 4110 1224 4157; x_wconf 88' lang='lat' dir='ltr'><strong>ex</strong></span> <span class='ocrx_word' id='word_1_331' title='bbox 1247 4091 1426 4179; x_wconf 85' lang='lat' dir='ltr'><strong>praeceptis</strong></span> 
     </span>
     <span class='ocr_line' id='line_1_36' title="bbox 232 4193 1427 4284; baseline 0.001 -22"><span class='ocrx_word' id='word_1_332' title='bbox 232 4207 264 4263; x_wconf 90' lang='lat' dir='ltr'><strong>et</strong></span> <span class='ocrx_word' id='word_1_333' title='bbox 292 4193 433 4282; x_wconf 82' lang='lat' dir='ltr'><strong>querelis</strong></span> <span class='ocrx_word' id='word_1_334' title='bbox 461 4202 492 4260; x_wconf 92' lang='lat' dir='ltr'><strong>et</strong></span> <span class='ocrx_word' id='word_1_335' title='bbox 522 4193 803 4261; x_wconf 84' lang='lat' dir='ltr'><strong>criminationibus</strong></span> <span class='ocrx_word' id='word_1_336' title='bbox 838 4196 1089 4280; x_wconf 81' lang='lat' dir='ltr'><strong>magistrorum,</strong></span> <span class='ocrx_word' id='word_1_337' title='bbox 1123 4205 1157 4262; x_wconf 92' lang='lat' dir='ltr'><strong>ut</strong></span> <span class='ocrx_word' id='word_1_338' title='bbox 1190 4197 1221 4261; x_wconf 92' lang='lat' dir='ltr'><strong>in</strong></span> <span class='ocrx_word' id='word_1_339' title='bbox 1255 4197 1427 4284; x_wconf 88' lang='lat' dir='ltr'><strong>permultis</strong></span> 
     </span>
     <span class='ocr_line' id='line_1_37' title="bbox 230 4285 1424 4388; baseline 0 -20"><span class='ocrx_word' id='word_1_340' title='bbox 230 4303 309 4368; x_wconf 90' lang='lat' dir='ltr'><strong>locis</strong></span> <span class='ocrx_word' id='word_1_341' title='bbox 324 4308 521 4367; x_wconf 89' lang='lat' dir='ltr'><strong>correctores</strong></span> <span class='ocrx_word' id='word_1_342' title='bbox 539 4310 703 4366; x_wconf 87' lang='lat' dir='ltr'><strong>errantem</strong></span> <span class='ocrx_word' id='word_1_343' title='bbox 725 4301 917 4387; x_wconf 88' lang='lat' dir='ltr'><strong>scriptorem</strong></span> <span class='ocrx_word' id='word_1_344' title='bbox 938 4302 1098 4388; x_wconf 79' lang='lat' dir='ltr'><strong>castigare</strong></span> <span class='ocrx_word' id='word_1_345' title='bbox 1117 4285 1239 4369; x_wconf 89' lang='lat' dir='ltr'><strong>soleant</strong></span> <span class='ocrx_word' id='word_1_346' title='bbox 1251 4311 1283 4369; x_wconf 93' lang='lat' dir='ltr'><strong>et</strong></span> <span class='ocrx_word' id='word_1_347' title='bbox 1296 4301 1424 4370; x_wconf 84' lang='lat' dir='ltr'><strong>dicendi</strong></span> 
     </span>
     <span class='ocr_line' id='line_1_38' title="bbox 230 4404 1423 4496; baseline 0.002 -23"><span class='ocrx_word' id='word_1_348' title='bbox 230 4407 459 4494; x_wconf 80' lang='lat' dir='ltr'><strong>negligentiam</strong></span> <span class='ocrx_word' id='word_1_349' title='bbox 489 4404 602 4471; x_wconf 90' lang='lat' dir='ltr'><strong>audaci</strong></span> <span class='ocrx_word' id='word_1_350' title='bbox 637 4409 836 4472; x_wconf 90' lang='lat' dir='ltr'><strong>correctione</strong></span> <span class='ocrx_word' id='word_1_351' title='bbox 872 4407 995 4473; x_wconf 89' lang='lat' dir='ltr'><strong>tollere.</strong></span> <span class='ocrx_word' id='word_1_352' title='bbox 1045 4407 1103 4474; x_wconf 84' lang='lat' dir='ltr'><strong>Est</strong></span> <span class='ocrx_word' id='word_1_353' title='bbox 1134 4429 1249 4494; x_wconf 90' lang='lat' dir='ltr'><strong>operae</strong></span> <span class='ocrx_word' id='word_1_354' title='bbox 1282 4409 1423 4496; x_wconf 90' lang='lat' dir='ltr'><strong>pretiurn</strong></span> 
     </span>
     <span class='ocr_line' id='line_1_39' title="bbox 230 4511 1600 4604; baseline 0 -22"><span class='ocrx_word' id='word_1_355' title='bbox 230 4517 315 4604; x_wconf 89' lang='lat' dir='ltr'><strong>ipsas</strong></span> <span class='ocrx_word' id='word_1_356' title='bbox 351 4511 507 4582; x_wconf 80' lang='lat' dir='ltr'><strong>Codicum</strong></span> <span class='ocrx_word' id='word_1_357' title='bbox 537 4511 691 4580; x_wconf 89' lang='lat' dir='ltr'><strong>lectiones</strong></span> <span class='ocrx_word' id='word_1_358' title='bbox 721 4511 943 4600; x_wconf 86' lang='lat' dir='ltr'><strong>discrepantes</strong></span> <span class='ocrx_word' id='word_1_359' title='bbox 968 4513 1127 4582; x_wconf 88' lang='lat' dir='ltr'><strong>subiicere</strong></span> <span class='ocrx_word' id='word_1_360' title='bbox 1150 4514 1271 4583; x_wconf 89' lang='lat' dir='ltr'><strong>oculis:</strong></span> <span class='ocrx_word' id='word_1_361' title='bbox 1298 4521 1338 4595; x_wconf 86' lang='lat'><strong>3,</strong></span> <span class='ocrx_word' id='word_1_362' title='bbox 1365 4520 1421 4584; x_wconf 86' lang='lat'><strong>20.</strong></span> <span class='ocrx_word' id='word_1_363' title='bbox 1475 4523 1482 4544; x_wconf 71' lang='lat'>⁸</span> <span class='ocrx_word' id='word_1_364' title='bbox 1599 4571 1600 4574; x_wconf 63' lang='lat'><strong>,</strong></span> 
     </span>
    </p>
   </div>
   <div class='ocr_carea' id='block_1_3' title="bbox 1596 1321 1606 2118">
    <p class='ocr_par' dir='ltr' id='par_1_3' title="bbox 1596 1321 1606 2118">
     <span class='ocr_line' id='line_1_40' title="bbox 1596 1321 1606 2118; baseline 0 0"><span class='ocrx_word' id='word_1_365' title='bbox 1596 1321 1606 2118; x_wconf 95' lang='lat' dir='ltr'><strong> </strong></span> 
     </span>
    </p>
   </div>
   <div class='ocr_carea' id='block_1_4' title="bbox 1597 1321 1607 2118">
    <p class='ocr_par' dir='ltr' id='par_1_4' title="bbox 1597 1321 1607 2118">
     <span class='ocr_line' id='line_1_41' title="bbox 1597 1321 1607 2118; baseline 0 0"><span class='ocrx_word' id='word_1_366' title='bbox 1597 1321 1607 2118; x_wconf 95' lang='lat' dir='ltr'><strong> </strong></span> 
     </span>
    </p>
   </div>
   <div class='ocr_carea' id='block_1_5' title="bbox 1597 1321 1607 2118">
    <p class='ocr_par' dir='ltr' id='par_1_5' title="bbox 1597 1321 1607 2118">
     <span class='ocr_line' id='line_1_42' title="bbox 1597 1321 1607 2118; baseline 0 0"><span class='ocrx_word' id='word_1_367' title='bbox 1597 1321 1607 2118; x_wconf 95' lang='lat' dir='ltr'><strong> </strong></span> 
     </span>
    </p>
   </div>
   <div class='ocr_carea' id='block_1_6' title="bbox 0 0 1606 4978">
    <p class='ocr_par' dir='ltr' id='par_1_6' title="bbox 0 0 1606 4978">
     <span class='ocr_line' id='line_1_43' title="bbox 0 0 1606 4978; baseline 0 2"><span class='ocrx_word' id='word_1_368' title='bbox 0 0 1606 4978; x_wconf 95' lang='lat' dir='ltr'><strong> </strong></span> 
     </span>
    </p>
   </div>
  </div>
 </body>
</html>
