3204 4978
810 375 879 450 328

251 576 348 661 σοθτῳ
371 565 504 658 μᾶλλον.
553 575 636 658 Quid
665 595 755 643 cesso
779 593 887 642 venam
912 571 1080 640 tectionem
1106 570 1309 659 patefaceret
1357 570 1441 656 Lege

249 683 376 763 μόλιςα
406 684 432 748 δ’
461 682 475 747 ὃ
508 685 596 764 παρὰ
627 691 682 760 τῶς
705 681 857 764 ἡμετέρας
882 677 1018 759 πόλεως,
1040 676 1163 762 ὅσῳπερ·
1179 679 1355 758 ἑτοιμότατ’
1380 681 1441 745 αὐ·

249 791 293 872 τῶ
334 789 479 868 δοκοῦμεν
515 792 668 871 χρῆσθαι,
710 797 870 874 expuncto
906 786 1098 852 emttcnate
1133 785 1281 872 [τοσούτῳ
1315 787 1441 865 μᾶλλον

249 896 394 965 ατιςοῦσι
428 893 544 969 πάντες
575 895 688 985 cinnii
743 893 827 961 Vena
862 892 957 959 lectio
991 911 1069 958 casu
1104 900 1230 958 servata
1261 898 1321 958 est.
1375 889 1440 972 Qui

251 1000 445 1068 Itsuosnuum
476 999 573 1067 falsas
604 1001 765 1067 orationes
797 1007 1056 1087 supposuerunt,
1080 1017 1161 1084 quas
1185 996 1366 1065 Ptolemaeo
1389 995 1441 1064 vel

251 1107 357 1174 Attalo
377 1106 492 1193 grandi
514 1108 616 1194 pnctio
637 1127 693 1194 pro
713 1107 865 1194 genuinis
885 1103 1078 1183 venderent,
1102 1122 1138 1171 en
1153 1103 1280 1170 laciniis
1293 1104 1441 1191 antiqua·

249 1232 322 1280 rum
345 1213 526 1279 orationum
548 1210 731 1280 conflabant
753 1231 869 1292 novas,
895 1209 992 1299 idque
1014 1220 1079 1278 tam
1095 1210 1301 1278 manifestum
1314 1219 1380 1286 est,
1403 1217 1442 1276 ut

250 1319 350 1387 minen
381 1317 653 1408 quemadmodum
679 1317 711 1385 id
736 1326 861 1386 ueteres
884 1317 1021 1384 Gciticos
1044 1316 1155 1405 ingene
1180 1319 1338 1404 potuerit,
1361 1315 1440 1382 Gau-

249 1445 421 1503 unmcuuu,
458 1425 618 1502 diuinus,
655 1425 840 1503 Cascuuuu,
876 1423 1069 1504 Dionusuuu,
1104 1422 1203 1501 aiios,
1239 1425 1294 1510 qui
1330 1423 1441 1490 omnia

248 1552 307 1620 pro
330 1529 585 1599 demosthenicis
609 1529 719 1597 scdulo
742 1530 952 1610 iectitaruut,
977 1550 1059 1616 quae
1079 1528 1173 1596 hodie
1199 1530 1358 1595 neminem
1380 1527 1440 1594 iai·

248 1636 330 1706 lunt.
377 1637 562 1718 FalsariuS,
594 1638 650 1723 qui
680 1639 857 1705 orationem
889 1638 962 1720 πρός
993 1637 1048 1711 τὴν
1077 1637 1220 1712 {assotiat
1243 1636 1299 1710 τὴν
1323 1634 1440 1701 onnix-

248 1767 306 1810 σου
327 1743 382 1810 itto
406 1743 499 1809 modo
522 1745 706 1820 contexuit,
732 1743 764 1808 in
785 1754 929 1810 extrema
949 1743 1093 1808 oratione
1107 1762 1136 1829 p.
1155 1745 1237 1819 too,
1262 1743 1313 1806 16.
1329 1747 1441 1807 nostro

247 1848 316 1916 loco
341 1869 419 1915 usus
442 1858 506 1915 cst:
535 1845 704 1928 ἅπας-μέν
724 1850 770 1920 ἐςι
793 1849 886 1928 λόγος
910 1847 1044 1929 μάταιος
1071 1845 1211 1930 τρόξεινν
1235 1843 1357 1929 ἄμοιρος
1381 1869 1441 1925 γε·

249 1954 389 2035 νόμενος,
419 1953 552 2038 τοσούτῳ
584 1954 616 2020 δὲ
646 1955 771 2035 μόλιςα
803 1955 928 2036 όταρθι
951 1963 1008 2030 τῆς
1033 1952 1185 2037 ἡμετέρας
1199 1943 1346 2031 τόσσος,
1377 1949 1440 2036 θσιρ

247 2062 391 2140 δοκοῦμεν
422 2061 505 2144 αὐτῷ
537 2059 765 2143 προχειρότατα
795 2063 928 2144 χρῆσθαι
957 2065 1015 2125 τῶν
1046 2057 1151 2126 ἄλλον
1173 2060 1347 2138 Ἑλλήνων,
1380 2059 1440 2144 qui

246 2187 356 2234 veram
383 2165 571 2246 lectionem,
598 2176 632 2234 ut
659 2169 763 2245 vides,
793 2167 943 2233 servavit.
991 2163 1059 2232 Non
1083 2167 1231 2232 contineo
1261 2185 1332 2246 nac,
1358 2165 1439 2252 quin

249 2293 349 2341 uuum
374 2271 480 2340 iocum
505 2272 620 2340 addam
646 2272 902 2361 pulcherrimum
927 2279 959 2338 et
983 2269 1240 2351 nobilissimum,
1269 2269 1324 2338 sed
1349 2273 1440 2359 turpi

248 2379 326 2446 vitio
349 2378 492 2447 eiusdem
519 2381 648 2467 generis
672 2379 869 2448 maculatum
895 2400 925 2467 p.
952 2383 1011 2454 37,
1037 2381 1090 2443 tt.
1114 2376 1185 2452 ἴσως
1209 2376 1248 2444 όιν
1266 2379 1324 2443 τῶν
1343 2377 1440 2444 τοιοῦ-

247 2512 306 2554 τον
340 2485 516 2568 λημμάτων
550 2487 794 2567 ῶταλιιαγεόιρτε
828 2485 872 2574 ¹),
908 2480 930 2552 όι
966 2492 1029 2558 τοῖς
1065 2486 1222 2552 οθσόειοῦσι
1258 2485 1346 2568 παρῶ
1378 2491 1440 2551 τῶν

247 2595 355 2677 ἰατρῶν
384 2594 489 2666 σιτθοις
520 2591 682 2674 διδομένοις
714 2593 801 2660 ἔοικε.
832 2591 885 2658 καὶ
908 2590 972 2673 γὰρ
997 2591 1097 2658 ἐκεῖνα
1120 2591 1183 2658 οὔτ’
1207 2591 1300 2673 ἰσχὺν
1321 2591 1439 2667 tacitn-

245 2723 293 2766 σιν
323 2699 387 2768 οὔτ’
415 2699 613 2776 ἀποθνήσκειν
640 2699 697 2785 ἐᾷ,
729 2717 823 2765 nemo
851 2704 1018 2776 nostrum,
1052 2697 1107 2784 qui
1132 2696 1209 2763 imec
1231 2716 1306 2764 cum
1331 2696 1438 2763 admi-

247 2807 371 2874 ratione
391 2804 547 2892 legimus,
572 2812 638 2871 tam
664 2805 857 2871 inconcinna
880 2811 912 2868 et
936 2800 1089 2889 impedita
1115 2803 1282 2870 verborum
1309 2822 1438 2891 compo·

246 2914 362 2980 sitione
394 2921 477 2980 osset
506 2929 607 2989 usus,
639 2919 736 2999 atque
760 2909 837 2978 haec
863 2917 928 2976 est:
953 2900 975 2973 ιδ
999 2917 1063 2982 τοῖς
1085 2910 1242 2976 ἀσθενοῦσι
1265 2909 1354 2992 ταριὶ
1377 2915 1439 2976 τῶν

246 3020 355 3103 ἰατρῶν
387 3018 492 3090 σιτόσις
521 3015 682 3096 διδομένοις
713 3015 824 3094 ἔοικεν,
861 3015 915 3082 uti
950 3022 1013 3089 τοῖς
1047 3017 1117 3082 siue
1147 3017 1365 3083 controversia
1396 3013 1439 3081 ad

245 3125 406 3205 διδομένοις
435 3120 593 3200 reiectus,
624 3121 682 3190 sed
703 3142 778 3189 cum
802 3123 977 3188 ἀσθενοῦσιν
1002 3121 1045 3186 ita
1071 3122 1281 3190 coniunctum
1306 3128 1374 3202 cst,
1401 3130 1439 3189 ut

246 3229 353 3298 ‹iiveiii
380 3249 440 3294 non
465 3229 584 3314 possit,
608 3229 705 3293 etiam
728 3235 895 3314 propterea
916 3225 1001 3314 quod
1022 3235 1108 3301 τοῖς
1128 3229 1285 3296 ἀσθενοῦσι
1303 3237 1369 3295 tam
1382 3245 1436 3296 ue·

245 3336 423 3404 cessarium
455 3343 504 3400 est
532 3342 629 3420 atque
654 3339 727 3399 τῶν
751 3334 871 3416 ἰατρῶν.
919 3331 1002 3413 Quid
1029 3333 1151 3400 nauita?
1174 3327 1438 3410 emendadum

244 3441 333 3526 ταρθι
362 3445 421 3508 τῶν
450 3441 560 3522 θατρῶν
591 3440 696 3514 σιτόοις
724 3439 885 3520 διδομένοις
914 3437 1027 3516 ἔοικεν,
1053 3447 1085 3505 et
1110 3440 1255 3528 relinque
1279 3443 1435 3510 ἀσθενοῦσι
1462 3469 1466 3476 ·

246 3549 295 3618 uel
323 3556 386 3623 τοῖς
415 3549 588 3615 ιθσθενοῦσιν
612 3546 693 3624 iilis,
723 3545 842 3633 quibus
866 3547 928 3612 isto
952 3544 1170 3614 additamento
1195 3567 1275 3635 opus
1297 3567 1367 3615 esse
1391 3549 1437 3614 vi·

245 3677 318 3726 sum
342 3666 391 3724 est
414 3664 472 3723 aut
495 3653 640 3729 videtui:
663 3661 698 3720 et
720 3652 870 3720 Lucmnus
888 3650 1037 3741 quidem,
1062 3653 1118 3741 qui
1141 3655 1328 3722 memoriter
1349 3653 1437 3722 nohi-

282 3945 306 4006 t)
334 3941 427 3992 Melius
447 3936 648 4003 ἀπαλθσρεῖτε.
685 3939 760 4004 Apud
777 3937 945 3989 Hesucmuat
963 3937 1045 3988 suitur
1063 3935 1303 4006 καταθεροσθοεθορ.
1336 3940 1437 3991 Ἀττι-

246 4021 376 4090 ιιῶρνρρον.

576 4099 694 4152 diluisti
713 4100 882 4153 αθόεσθεθεν
901 4101 927 4152 ol
945 4101 1019 4153 eut.

244 4197 311 4240 recte
328 4187 463 4238 emendant
482 4185 730 4253 ιιατσλορισθετεν,
748 4188 815 4250 qood
833 4201 885 4237 nou
902 4191 940 4238 est
956 4183 1145 4255 ἀττικόρορροσ
1160 4189 1204 4239 aad
1221 4187 1436 4262 Ἀττιιιιθτεροα

238 4272 397 4324 {deuncem
413 4269 581 4334 fragmentum
601 4277 651 4320 est:

579 4352 631 4418 οὐχ
651 4349 722 4400 ὅθεν
739 4348 927 4410 ἀπωλόμεσθα
945 4349 1162 4419 andnimands.

243 4437 309 4503 quod
326 4435 455 4486 odinunbis
471 4435 565 4500 displici
583 4437 686 4486 nomine
703 4435 724 4484 si
740 4435 884 4499 scripseris:

575 4515 628 4582 οὐχ
647 4515 718 4568 ὅθεν
736 4513 923 4581 ἀπωλόμεσθα
944 4514 991 4566 aut
1009 4518 1149 4580 undeinn
1165 4515 1214 4586 ἄνρ
