3136 4966
814 325 886 396 594

432 520 492 589 ιιθιν
515 521 572 601 μὲν
596 519 720 585 θθλωσιν
746 519 881 598 αἰνέσαι,
905 521 1098 598 παλίσσυτος

432 633 529 709 seiz,
553 629 587 703 ile
611 625 637 692 δ’
662 627 794 696 οἶτον-θα
817 625 848 694 oi
849 627 882 697 δε
906 626 1035 710 δεύτεροι
1054 629 1159 708 λθγοι.
1194 697 1195 700 ,

253 735 297 806 ull
322 743 391 803 erat
416 753 497 822 opus
521 731 665 798 leeialem
691 751 726 798 re
752 735 922 820 irupetrata
942 734 1046 800 redire
1068 735 1187 808 iubere.
1218 737 1303 820 Quid
1323 737 1433 808 multal

253 840 405 911 eruenda:
1265 847 1269 854 ·

435 945 493 1012 κθιν
516 945 573 1025 μὲν
597 943 737 1021 θέλωσιν,
762 943 897 1012 αθνθσαο
921 944 1112 1020 παλίσσυτος
1133 945 1141 1037 Ι
1161 953 1256 1031 ςεῒχῖ

298 1054 333 1120 ln
366 1073 414 1120 vs,
451 1057 528 1119 475.
559 1048 706 1132 τροσιῖιοθν
738 1053 772 1116 Γ’
795 1051 879 1118 οὐδὲν
903 1051 1050 1132 Ἀργείων
1073 1051 1184 1134 πθλει,
1208 1053 1378 1122 molestum
1400 1079 1435 1135 γε

251 1179 409 1248 expunge.
449 1157 604 1224 Similiter
637 1155 666 1219 iu
699 1153 775 1221 Ione
806 1177 853 1224 vs.
880 1161 955 1222 445.
987 1159 1023 1232 τθ4
1049 1181 1101 1234 μοι
1125 1159 1436 1244 attenuaretur·

251 1267 355 1342 οὐδέν,
381 1266 446 1331 inno
472 1283 546 1330 vero
569 1267 717 1344 προσῆκον
739 1261 834 1330 οὐδέν.

297 1372 379 1439 lhid.
405 1391 452 1439 vs.
478 1374 557 1438 590.

739 1472 784 1540 σοὶ
809 1473 841 1540 δὲ
864 1473 1028 1556 τροτοθσοω
1051 1476 1168 1555 μένειν,

475 1580 632 1663 Ἀδραςε,
656 1579 750 1658 ιοοθμοθ
775 1580 819 1657 μθρ
845 1578 1081 1664 ’ξομθργυυσθαι
1104 1585 1211 1665 rixae

478 1687 536 1760 τθις
561 1688 635 1760 nale·
661 1686 722 1764 ἐγὼ
747 1685 986 1766 ΓΛΡ.δαθμονος
1008 1691 1123 1768 τοθμοῦ
1147 1691 1232 1770 μθτα

478 1792 703 1876 ςρατιιλοιτθσω
731 1791 848 1866 ιιλεινδς
871 1794 903 1860 ἐν
925 1795 1124 1878 κλεινῷδορθ.

251 1901 328 1992 quid
359 1899 419 1967 situ
450 1899 518 1965 uult
549 1897 687 1972 ιιλεινθςθ
723 1897 791 1963 Non
827 1897 893 1967 vult
927 1898 1055 1966 Adrasti
1087 1909 1240 1970 oontaotu
1267 1904 1439 1974 infortunio

252 2009 409 2084 mactari,
441 2005 496 2072 sed
521 2004 587 2071 dux
609 2025 707 2071 οοουι
731 2023 805 2070 euru
830 2025 907 2072 ιιουο
930 2006 1074 2074 exercitu
1103 2006 1175 2074 belli
1201 2009 1368 2078 tortumm
1391 2027 1441 2076 er·

252 2115 361 2200 periri.
396 2117 508 2198 ltaque
531 2113 639 2184 κλινθς
664 2111 695 2176 ἐν
719 2111 817 2191 aaroni
842 2109 919 2190 δορθ,
946 2111 1030 2198 quod
1055 2113 1088 2178 in
1115 2133 1178 2180 uno
1200 2114 1325 2184 Godioe
1344 2135 1440 2204 reper-

253 2229 321 2286 tum
347 2218 402 2286 serl
428 2227 573 2306 spretum
598 2226 656 2283 est.
696 2216 796 2302 Saepe
820 2226 982 2285 KAtNoc
1001 2226 1035 2285 et
1055 2229 1247 2289 KAetNoc
1273 2225 1442 2312 (KAtNOC

250 2325 446 2413 scribebant)
472 2326 557 2390 inter
581 2343 615 2390 se
640 2331 768 2390 mutant
792 2321 910 2390 locum.

296 2432 331 2499 ln
358 2431 558 2519 snpplicatio
582 2449 625 2495 us.
654 2433 751 2496 1104.

497 2539 573 2602 ἀλλ’
597 2534 696 2602 οὐκέτ’
722 2535 784 2603 teto
808 2532 827 2612 il
850 2537 884 2614 γ’
908 2535 983 2612 ἐμὴν
1007 2535 1155 2614 γενειοθδοο

497 2643 663 2724 προσήγετ’
687 2641 736 2706 olel
760 2641 875 2718 ςθματι
899 2644 951 2707 καὶ
974 2641 1056 2722 κοθροο
1079 2643 1149 2709 τθδε

497 2757 631 2830 κατεῖχε
654 2748 753 2830 χειρθ·
778 2745 872 2829 πατρὶ
896 2746 922 2812 δ’
946 2747 1029 2813 οὐδὲν
1051 2749 1129 2826 ἥδιον

498 2853 614 2936 γέροντι
639 2851 803 2934 θυγατρθς.

253 2965 318 3049 ipsa
345 2970 460 3027 nature
485 2971 517 3026 et
542 2962 624 3026 vitae
651 2979 728 3024 usus
752 2955 898 3043 suggerit
919 2965 1053 3040 κατεῖχε
1072 2961 1235 3042 χερσθν,
1262 2983 1329 3030 uon
1350 2964 1439 3046 χειρί,

249 3088 313 3155 quo
337 3067 433 3134 seruiet
461 3075 587 3153 recepto
612 3066 708 3131 rrnetri
733 3063 820 3130 labes
844 3065 890 3128 sic
915 3063 1037 3149 optime
1060 3066 1235 3134 sarciatur:

498 3182 630 3252 κατεῖχε
654 3173 777 3253 χερσθν·
801 3169 885 3236 οὐδὲν
908 3169 986 3248 ἥδιον
1010 3173 1108 3253 τατρθ

497 3279 614 3360 γέροντι
639 3276 802 3358 θυγατρός.

248 3396 280 3452 et
312 3388 360 3452 sio
392 3393 481 3452 erote
512 3387 756 3470 coniunguntur
789 3382 883 3464 πατρὶ
916 3379 1050 3463 γέροντι,
1085 3402 1166 3469 quae
1200 3382 1348 3472 disiungi
1382 3405 1439 3454 nm

248 3480 417 3558 deluebant.

295 3600 331 3665 lu
356 3597 432 3664 lone
456 3617 501 3663 vs,
528 3601 581 3662 95.
1008 3671 1010 3676 Ι

541 3703 601 3775 τθις
628 3699 792 3773 Καςαλθοις
816 3697 1020 3781 ἀργυροειδεῖς

541 3808 669 3889 βαθνετε
695 3806 796 3883 δθνοος,
820 3807 969 3887 καθαραῖς
994 3805 1025 3871 δὲ
1049 3805 1160 3887 δρόσοις

544 3913 794 3996 ἀφυδρανάμενοι
818 3910 944 3991 τεθχετε
968 3912 1068 3984 ναούς.

295 4020 454 4088 Palmaria
478 4028 527 4086 est
551 4019 684 4085 Nnuelii
710 4017 891 4084 emendatio
914 4016 1173 4099 φαιδρυνθμενοι,
1198 4039 1297 4106 quam
1324 4043 1343 4088 a
1368 4022 1439 4090 llin-

248 4128 349 4195 dorfio
383 4147 443 4193 uon
476 4127 586 4192 statim
620 4133 784 4211 receptam
810 4125 921 4190 miror.
960 4123 1088 4190 Primus
1111 4125 1256 4194 oninium
1284 4126 1438 4195 Hesiodus

248 4235 376 4301 dixerat
400 4233 491 4320 θρον.
524 4238 600 4299 751.
630 4240 763 4312 λουτροῖς
794 4229 876 4312 χρθα
907 4229 1145 4314 φαιδρύνεσθαι,
1176 4231 1295 4300 deiude
1322 4234 1436 4301 caeteri

247 4361 369 4407 omnes.
406 4336 451 4405 Ne
475 4339 631 4406 Graecum
658 4335 786 4423 quidem
812 4357 883 4403 esse
908 4335 1049 4404 arbitror
1071 4335 1303 4419 ὶφυδραθνσμιοι
1326 4350 1361 4407 et
1383 4339 1438 4408 lle·

248 4445 352 4534 sychii
384 4445 521 4531 glossam
554 4451 732 4509 monstrose
763 4449 949 4529 corruptam
974 4442 1233 4526 ’λφαιδρθνεσθοιι
1258 4442 1436 4512 ullomodo
