3160 4972
858 387 931 460 460

287 585 486 652 correctione
510 583 652 650 eximere
675 583 777 671 possis
800 601 839 650 ex
865 585 921 662 iis,
944 601 1027 671 quee
1040 577 1080 650 ad
1101 583 1246 651 Atticum
1264 582 1370 652 Cicero
1391 581 1455 648 sori·

287 689 335 756 hit
362 689 445 756 Xlil.
475 688 735 756 ratusratus:

333 795 395 861 Seri
417 803 514 861 latrem
538 817 570 861 ee
592 817 612 861 a
635 803 664 862 te
686 796 876 862 abalienavit
907 795 1070 862 Dolabella
1103 815 1139 862 ea
1170 795 1208 861 ele
1232 819 1325 863 eausa
1346 815 1402 882 aaa
1421 811 1458 857 me

286 921 405 989 qaoque
426 901 487 967 sibi
508 901 762 967 inimicissimam
791 901 936 968 reddidit.
978 901 1002 968 O
1023 901 1180 968 bominem
1196 901 1381 990 polentem!
1400 897 1458 964 llol.

287 1007 361 1073 lan.
386 1007 507 1081 debuit:
532 1005 633 1072 albae
657 1028 717 1073 aaa
741 1007 866 1086 soluit,-
874 1011 1059 1095 praesertim
1083 1027 1179 1095 quum
1200 1029 1234 1075 re
1253 1008 1386 1074 maximo
1402 1023 1460 1070 aare

287 1113 389 1180 alieno
412 1111 540 1179 Daberii
562 1133 659 1178 mana
683 1111 824 1178 liberarit
842 1124 872 1178 et
890 1135 977 1200 opem
1000 1113 1039 1180 ab
1057 1134 1092 1181 eo
1106 1113 1242 1200 petierit.
1290 1111 1374 1181 lieet
1392 1111 1460 1177 erim

286 1220 384 1287 iaaari
406 1241 445 1285 oe
467 1240 518 1284 me
539 1219 630 1284 valde
653 1219 869 1285 conturbatam
886 1231 984 1306 pates.

331 1325 477 1392 Primum
500 1323 635 1392 eruenda
662 1343 745 1390 aruer
776 1327 858 1392 euim
890 1325 988 1394 iaeeri
1011 1344 1069 1413 pro
1093 1345 1195 1403 arear,
1220 1323 1335 1392 deinde
1359 1342 1461 1410 quaere

288 1429 453 1499 ciceronis
479 1430 620 1497 iocosum
646 1429 789 1507 dietum,
823 1431 907 1518 quod
940 1433 972 1498 in
1007 1430 1135 1517 vulgata
1158 1430 1295 1498 lectione
1319 1447 1459 1516 nusquam

286 1547 439 1624 apparet,
474 1545 509 1602 ut
542 1536 642 1604 rides.
692 1537 800 1623 Neque
831 1547 937 1604 tannen
969 1536 1080 1624 procul
1113 1535 1222 1617 abest,
1256 1553 1393 1624 namque
1424 1536 1459 1598 ita

285 1641 410 1710 dixerat
433 1662 796 1720 eroreuuoarererreerr‚
830 1643 945 1711 deinde
965 1641 1086 1733 syllaba
1113 1643 1161 1709 bis
1183 1643 1356 1730 repetenda
1380 1637 1460 1707 semel

286 1750 407 1837 scripta
439 1757 607 1836 supererat
628 1769 956 1825 urormnnnrnrrnmr,
984 1769 1047 1836 quo
1067 1748 1152 1816 laeto
1176 1757 1341 1816 eorreetor
1361 1747 1461 1833 aliquis

286 1871 324 1921 ex
350 1854 409 1933 iio,
440 1856 496 1941 qni
530 1853 687 1941 quidquid
719 1855 890 1941 attigerint
923 1857 1014 1944 peius
1053 1855 1151 1922 etiam
1188 1854 1382 1944 depravant,
1417 1871 1460 1940 pro

291 1958 387 2046 Opem
413 1959 453 2025 ab
488 1958 512 2025 O
538 1962 664 2046 petierit
695 1964 839 2048 reposuit
867 1963 907 2028 ab
934 1963 1124 2049 repetierit.
1173 1961 1276 2043 Quem
1314 1963 1461 2028 ioeoseet

288 2065 370 2134 salse
392 2065 503 2131 Cicero
527 2065 558 2132 iu
583 2064 772 2133 Dolabellam
798 2066 856 2134 hoo
877 2066 1000 2135 dietam
1035 2067 1163 2136 iecerit:
1190 2077 1220 2133 et
1250 2089 1340 2154 opem
1364 2089 1398 2135 nr
1420 2083 1461 2130 orr

284 2173 426 2260 petierit,
451 2171 511 2237 loei
537 2191 635 2259 supra
661 2172 773 2261 scripti
797 2172 972 2241 beelarant.
1219 2251 1221 2255 ⁸

334 2279 425 2362 Quotl
452 2288 561 2345 autern
591 2269 720 2346 Faber'ii
750 2301 845 2346 mono
877 2279 908 2346 irl
934 2279 1092 2347 Dolabella
1118 2279 1231 2347 lenisse
1255 2278 1396 2356 dieitur,
1417 2275 1459 2342 de·

288 2393 446 2453 monstrat
479 2383 650 2451 raherium
675 2405 749 2452 enm
782 2405 872 2465 esse,
904 2387 960 2474 qui
984 2385 1129 2453 Caesaris
1160 2405 1293 2451 manum
1333 2385 1462 2452 imitatur

288 2493 426 2560 Antonio
451 2490 528 2556 laisa
553 2489 766 2577 chirographa
801 2494 981 2577 paraverit,
1015 2490 1132 2579 quibus
1156 2491 1209 2559 ille
1233 2511 1313 2558 usus
1339 2491 1462 2558 marino

287 2617 361 2666 aere
384 2597 487 2665 alieno
510 2605 543 2664 et
566 2617 635 2664 sese
658 2605 690 2663 et
715 2595 907 2664 Dolabellam
934 2598 973 2664 erl
998 2595 1073 2685 Opis
1094 2597 1251 2666 liberavit.

333 2812 421 2880 ldern
447 2809 649 2898 corruptelae
672 2829 775 2897 genus
800 2817 835 2876 ut
855 2808 978 2900 syllaba
1001 2808 1138 2897 lugitira
1163 2828 1310 2898 perverse
1329 2809 1463 2898 supplea-

286 2927 342 2986 tur
365 2920 458 2986 vitiat
488 2917 584 2984 rerba
608 2915 782 2983 Cieeronie'
802 2917 834 2982 iu
876 2916 957 2983 libro
981 2916 1019 2982 da
1042 2913 1163 2982 Natura
1187 2915 1324 2982 Deorum
1351 2917 1376 2984 l.
1401 2919 1417 3002 ς
1438 2917 1461 2977 2.

286 3047 347 3113 qao
380 3047 485 3092 amaea
515 3023 592 3090 duae
633 3035 746 3089 natare
780 3043 925 3089 reuruuu.
984 3023 1103 3089 Fuerat
1139 3021 1213 3088 olim
1252 3041 1370 3090 narona
1404 3041 1463 3086 rm·

285 3151 399 3211 niune,
424 3119 622 3301 deinum«
653 3129 810 3195 omissum
845 3128 1039 3216 negligentia
1071 3135 1121 3195 est
1149 3135 1182 3194 et
1201 3127 1285 3214 qnod
1310 3135 1383 3195 erut
1406 3124 1463 3192 reli·

285 3255 386 3324 quum
428 3255 522 3302 norun
601 3255 638 3300 uu
671 3243 853 3302 eorreaturn
891 3235 1014 3302 scilieet
1049 3231 1128 3301 abiit
1164 3233 1195 3298 in
1241 3242 1356 3301 natare
1390 3229 1462 3297 urbi·

285 3363 367 3408 mear.
418 3341 456 3408 Ut
480 3339 565 3407 enirn
600 3361 669 3406 rrur
694 3341 733 3406 ab
757 3361 793 3407 ea
820 3361 854 3408 re
877 3339 1016 3407 alienum
1042 3348 1108 3418 est,
1135 3348 1169 3406 ut
1201 3337 1361 3406 Graecum
1388 3339 1461 3420 ὀχεῖ·

284 3450 368 3523 σθαι,
395 3445 441 3514 sia
464 3465 599 3514 renuere
629 3447 749 3534 optime
772 3445 913 3524 dieitur,
941 3456 975 3513 ut
999 3443 1115 3524 baara,
1141 3444 1180 3512 de
1204 3444 1398 3524 valentiore,
1421 3441 1463 3508 oui

284 3554 391 3623 resisti
417 3573 480 3620 non
505 3553 626 3640 possit,
653 3561 688 3619 ut
712 3553 744 3618 in
770 3552 823 3620 illo
847 3573 956 3619 rennrr
980 3574 1037 3618 saa
1061 3571 1213 3640 quemque
1236 3551 1391 3638 ootaptas.
1436 3547 1463 3613 ln

282 3659 364 3727 libro
388 3659 413 3727 1.
445 3659 483 3726 de
509 3657 595 3748 Offie.
629 3663 646 3746 §
677 3663 729 3726 16.
762 3679 869 3725 omnes
897 3659 979 3725 eaim
1010 3657 1171 3723 trahimur
1202 3666 1232 3722 et
1254 3655 1407 3724 ducimur
1430 3649 1463 3719 ol

282 3767 465 3855 aoaaitioaie
497 3775 526 3833 et
556 3765 702 3832 scientiae
725 3765 940 3852 rapiditatem,
965 3764 1067 3832 multo
1091 3764 1207 3831 metius
1230 3763 1337 3830 verbis
1368 3771 1463 3830 trans·

283 3873 395 3959 positis
427 3871 568 3960 legetur:
604 3891 734 3938 ouerunn
765 3881 794 3938 et
828 3891 998 3949 ruraruun,
1035 3879 1070 3937 ut
1103 3871 1211 3946 aerius
1245 3877 1277 3936 et
1308 3867 1461 3936 eliieaoins

281 3977 416 4044 verbnm
440 3998 532 4045 nonar
555 3978 702 4045 inertiori
729 3977 825 4044 verbo
849 3997 916 4044 ouer
949 3976 1098 4044 addatur.
1148 3974 1328 4044 Disorimeu
1355 3975 1462 4064 optime

282 4081 424 4152 ostendit
448 4084 628 4152 versiculus
653 4083 803 4152 Senecae

488 4189 612 4259 duennt
635 4190 788 4259 uolantem
811 4192 899 4278 sata,
923 4189 1077 4257 nolentem
1103 4187 1248 4258 trabunt.

328 4403 363 4470 lo
389 4401 500 4473 eodem
527 4403 607 4471 libro
631 4403 669 4470 de
692 4400 812 4470 Natura
837 4401 974 4469 Deorum
998 4401 1024 4470 Ι.
1051 4401 1069 4488 §
1096 4403 1150 4468 50.
1177 4399 1312 4488 legitur:
1336 4419 1413 4489 qaae
1439 4403 1460 4460 et

280 4528 338 4595 per
373 4531 405 4574 ee
440 4517 512 4574 eant
549 4509 634 4593 salsa
667 4509 832 4594 perspicae
873 4518 902 4574 et
942 4509 1024 4574 ieter
1055 4529 1088 4574 re
1118 4507 1324 4576 oeltemeorm
1354 4523 1459 4594 arpag-
