3208 4972
715 369 784 446 tat

198 567 232 634 lu
255 566 337 636 libro
367 570 405 635 de
434 569 606 658 occupetis
639 573 694 644 15,
729 569 798 634 61
831 567 908 640 Ζεὺς
936 568 1070 645 κλοοπε1ς
1095 569 1229 647 ὑπὸτῆς
1253 568 1340 644 Ῥέκς

155 671 220 761 lege
251 675 419 751 έκκλοοπεές
457 683 489 742 el
528 675 638 741 statim
678 675 721 749 εῖς
757 675 802 740 τὰ
838 674 1005 757 ἀφροδίσιον
1042 675 1246 760 ἐκκεχυμένος
1285 694 1342 763 pro

154 782 329 862 κεχυμένος.
377 781 411 848 lu
444 785 462 866 §
491 786 540 847 16.
567 800 624 867 pru
646 781 787 864 φολήσοος
811 782 901 859 μόνον
931 783 987 857 τῖον
1015 785 1111 850 κὺτοῦ
1138 781 1258 862 ῖεξοοῖν,
1289 801 1342 868 ορ·

155 886 221 952 timi
246 886 373 955 codices
402 888 510 962 σεῖπςς
535 885 711 964 dederuut,
738 886 769 951 in
794 907 857 974 quo
875 885 974 962 κόπος
998 887 1097 956 latere
1121 889 1287 975 suspicor,
1306 893 1343 952 ut

155 996 210 1069 55,
239 999 288 1060 17.
321 997 376 1072 τὴν
405 1002 499 1076 χεῖροο
529 993 680 1068 νύσσοντες
713 993 871 1073 ἡγούμεέοο
901 995 1009 1069 ε’ντελνῖ
1039 991 1118 1061 elenu
1151 997 1206 1073 τῖρν
1233 993 1341 1075 εὐχήν.

154 1097 184 1162 111
216 1100 234 1184 §
262 1103 312 1164 11.
345 1098 413 1181 πρὶν
443 1101 460 1176 ἢ
493 1098 548 1182 πρὸ
581 1099 653 1165 έτοῖν
682 1099 804 1181 ρονρῖκν.
856 1099 943 1166 Unus
977 1103 1014 1168 Α.
1051 1109 1156 1167 πλεῖον
1189 1101 1224 1181 ἥ,
1257 1098 1342 1187 quod

153 1213 328 1292 receptum.
377 1206 476 1272 Periit
505 1224 580 1271 vera
605 1203 700 1270 lectio
730 1213 820 1272 πλεῖν
848 1205 883 1282 ἥ,
914 1227 1011 1292 quiam
1043 1205 1169 1274 scribae
1193 1207 1341 1273 omnium

153 1307 306 1376 librorum
337 1318 403 1377 lam
436 1310 546 1377 sedulo
578 1308 751 1376 obscurare
782 1309 883 1378 solent
921 1322 956 1378 ut
990 1322 1213 1400 praeterquam
1254 1309 1340 1398 apud

152 1415 295 1482 Canticos
326 1419 358 1484 in
391 1418 571 1483 Atticorum
604 1417 735 1504 seriptis
759 1437 839 1482 ocus
862 1426 989 1484 tantum
1023 1419 1165 1505 supersit
1187 1416 1277 1483 locus
1308 1418 1340 1481 in

151 1543 209 1588 uon
232 1522 362 1599 codice,
392 1523 443 1590 ubi
468 1523 570 1589 torma
590 1531 681 1589 πλεῖν
701 1523 871 1590 incolumis
888 1543 926 1589 ex
948 1531 1166 1589 correctorum
1192 1522 1340 1588 titanibus

150 1626 253 1716 elapsa
280 1630 334 1696 sit.
362 1629 494 1716 Legitur
519 1632 550 1694 in
577 1628 786 1696 Dsuosrunms
811 1631 954 1695 oratioue
985 1629 1024 1694 clo
1046 1629 1143 1695 Falso
1174 1627 1342 1716 Lepotionn

151 1757 181 1824 p.
204 1739 290 1812 115,
323 1734 447 1816 1.,11111
485 1736 516 1800 iu
548 1734 699 1801 orrrnilms
727 1745 775 1801 cst
808 1735 902 1802 πλέον
935 1735 1098 1817 inopinos
1124 1735 1257 1809 ὃπλῖτκς
1285 1743 1342 1801 aut

150 1843 273 1916 πλεῖονς
297 1840 334 1920 ἢ,
359 1857 443 1906 uirus
462 1843 607 1907 numium
628 1844 770 1929 optimus
794 1841 961 1908 Parisinus
985 1841 1018 1908 S.
1039 1842 1179 1908 servavit
1193 1851 1282 1908 πλεῖν
1304 1841 1342 1919 ἥ,

150 1967 230 2035 quaa
250 1945 318 2013 sola
339 1947 446 2014 Attica
471 1957 520 2014 esl
542 1947 662 2025 dictio,
689 1956 724 2013 ul
743 1955 834 2013 πλεῖν
857 1947 874 2025 ἢ
899 1946 1046 2031 τριάκονθ’
1071 1947 1188 2031 ἡμέροις
1213 1947 1260 2014 vul
1287 1949 1340 2014 κοοῖ

149 2060 235 2122 τοῦτο
268 2061 362 2120 πλεῖν
394 2056 412 2131 ἢ
443 2054 553 2136 μυρίων
578 2051 622 2123 ἔπ’
646 2051 729 2131 οῖξνον
753 2055 891 2136 τοιτνὶρονν
919 2063 950 2121 et
976 2052 1172 2141 ubicumque
1199 2062 1339 2120 metrum

149 2161 272 2227 scribas
296 2159 490 2236 coercebat„
525 2159 559 2226 lu
584 2158 687 2225 soluta
712 2161 857 2226 oratione
881 2158 1001 2227 lorrnae
1022 2161 1175 2246 antiquae
1196 2159 1341 2227 indixere

149 2265 265 2335 bellum
300 2274 333 2334 et
364 2267 478 2354 ultique
508 2264 614 2342 πλέον,
648 2273 770 2345 πλεῖον,
801 2266 943 2346 πλείους,
974 2267 1071 2332 πλεῖον
1103 2267 1133 2333 ei
1162 2265 1341 2334 substitue·

149 2382 244 2455 runt,
268 2382 307 2440 ut
331 2373 490 2440 sexcentis
512 2373 631 2460 passim
656 2370 735 2438 locis
757 2380 848 2440 πλεῖν
872 2374 890 2451 ἥ
910 2373 952 2438 sit
973 2371 1063 2437 nobis
1083 2371 1123 2439 111
1141 2372 1238 2440 exilio
1250 2393 1340 2440 roro·

147 2480 300 2548 eandum.
348 2478 484 2566 Signum
509 2477 642 2544 sustulit
672 2477 855 2544 [lrnuonrrus
880 2478 913 2543 in
938 2477 1161 2558 llnnosrnmn,
1186 2478 1340 2546 11111111-

146 2584 227 2654 didit
260 2610 292 2678 p.
314 2590 399 2663 505,
434 2588 485 2652 18.
512 2585 643 2661 πλεῖννῖ
674 2581 775 2661 ἅπαξ.
801 2588 886 2665 atu,
925 2588 976 2651 16.
1009 2593 1099 2654 πλεῖν
1124 2585 1141 2662 ἢ
1166 2584 1258 2652 πέντε
1283 2583 1341 2652 τοὶ·

146 2708 261 2761 λκντοο.
293 2695 380 2772 667,
414 2695 464 2758 10.
491 2699 582 2758 πλεῖν
612 2691 629 2769 ἦ
654 2687 814 2770 sproxtona
841 2688 999 2756 τοέλοοντοο.
1033 2693 1120 2766 660,
1145 2695 1177 2757 6.
1203 2692 1338 2768 πλεῖννῖ

145 2798 215 2881 τρέον
239 2797 294 2874 έτλ
325 2796 437 2884 (sulib.
464 2797 521 2880 τρῖ
544 2795 622 2884 έτκ).
648 2801 733 2876 ttt,
761 2799 810 2861 15.
836 2795 867 2861 έν
890 2805 982 2864 πλεῖν
1004 2798 1022 2874 ἢ
1045 2797 1205 2871 tremolosa
1229 2795 1338 2864 έτεσον.

146 2909 231 2985 816,
250 2909 303 2970 15.
326 2911 418 2970 πλεῖν
435 2905 453 2980 ἢ
469 2904 554 2969 ἕπτοὶ
570 2911 658 2983 ρκνοοῖ.
676 2907 757 2980 815,
775 2905 804 2968 9.
819 2909 911 2969 πλεῖν
931 2903 1164 2981 ἢπενσνῖκοντοο.
1179 2906 1265 2979 etr,
1285 2911 1335 2971 16.

144 3021 235 3080 πλεῖν
259 3011 278 3088 ἢ
302 3009 390 3077 ῖέκοο.
419 3009 727 3087 1011,κλ.πλεῖνλ
752 3006 871 3076 ἓκοοτέν.
902 3013 1006 3089 1055,
1031 3014 1080 3076 17.
1104 3019 1195 3076 πλεῖν
1218 3011 1235 3086 ἢ
1257 3010 1340 3076 πένθ’

145 3117 273 3200 νῖροέροκς.
302 3119 405 3188 1056.
436 3120 486 3181 17.
507 3123 597 3182 πλεῖν
618 3116 634 3192 ἢ
654 3115 777 3198 χνλῖοις.
807 3119 910 3192 1075,
926 3119 978 3180 nt.
996 3123 1087 3181 πλεῖν
1106 3115 1124 3192 ἢ
1142 3116 1247 3199 χέλνοο.
1278 3115 1339 3183 Ea·

144 3221 216 3290 dem
242 3241 340 3311 opera
364 3223 483 3289 caeteri
508 3220 679 3301 Oratores,
707 3219 876 3300 llistorici,
905 3223 1002 3289 l’mro
1025 3221 1209 3310 caeterique
1230 3241 1338 3289 emen·

144 3327 242 3397 dandi
260 3339 350 3396 sunt.
386 3329 421 3395 ln
443 3327 535 3394 libris
556 3325 634 3392 nihil
656 3347 788 3414 prorsus
807 3337 854 3394 est
870 3326 1040 3416 praesidii:
1063 3325 1148 3416 apud
1162 3328 1341 3394 Bonosum-

144 3457 203 3503 rum
228 3454 342 3502 omnes
368 3443 571 3510 constanter,
597 3435 711 3520 optimi
737 3435 886 3520 pessimi,
917 3435 1031 3512 πλέον,
1062 3441 1185 3514 πλεῖον,
1217 3435 1341 3508 πλεῖονς

144 3541 334 3631 praeierunt
355 3538 409 3607 ubi
430 3547 520 3605 πλεῖν
537 3539 555 3617 ἥ
576 3549 701 3606 certum
725 3550 785 3607 est.
816 3539 904 3606 Nihil
919 3541 1007 3606 iurat
1021 3540 1173 3606 lsocmrrs
1191 3537 1340 3619 Urbinas,

144 3657 200 3716 aut
214 3645 595 3737 pervetustaTuncrnrms
615 3645 822 3734 exernplaria,
837 3656 894 3713 aut
915 3646 1072 3722 Porroms,
1087 3647 1119 3712 in
1142 3665 1206 3734 quo
1226 3651 1340 3712 inrora-

144 3775 218 3822 nem
238 3753 466 3820 soloecismum
485 3751 621 3818 nimium
643 3756 803 3842 patienter
823 3751 969 3819 tulerunt
983 3753 1015 3818 in
1030 3751 1232 3840 illenenenop
1262 3755 1339 3818 256.

145 3861 178 3926 B.
195 3859 261 3928 ’κοιῖ
289 3883 340 3939 μον
369 3855 450 3933 edre
484 3861 501 3936 ἦ
533 3857 682 3937 σεμνότης
713 3858 884 3940 ποοροορκένεν
916 3857 1033 3941 ἡμέροις
1065 3858 1161 3925 πλείω
1195 3861 1212 3935 ἢ
1243 3867 1339 3943 τρεῖς.

145 3964 200 4033 ubi
227 3963 365 4032 mirilico
390 3963 615 4031 Srnntorumus
650 3963 809 4042 admovit,
842 3966 874 4030 io
909 3963 959 4030 his
989 3984 1005 4030 e
1039 3965 1174 4032 lironono
1207 3965 1338 4043 Sicano,

144 4069 406 4158 praeclarissimo
434 4070 504 4138 scil.
551 4070 744 4137 Graecitatis
769 4080 957 4138 auctorest
983 4079 1080 4146 teste,
1108 4072 1340 4153 ἀποβεβληκὼς

142 4184 202 4244 τῶν
227 4177 519 4259 spectaculorum
543 4178 748 4261 τῶνχολέων,
773 4197 873 4264 quum
900 4175 1021 4243 milites
1046 4178 1196 4244 neutrius
1213 4179 1341 4264 generis

143 4303 215 4352 esse
248 4281 422 4370 incipient,
455 4291 581 4373 tempus
611 4286 674 4351 erit
708 4285 779 4350 istis
806 4282 949 4350 credere.
999 4283 1183 4370 Lagentium
1208 4283 1341 4362 πλεῖνῆ

143 4399 245 4472 τρεῖς.
267 4407 329 4454 uon
354 4388 499 4468 πλεῖονς,
530 4389 615 4478 quod
644 4390 676 4455 iu
699 4389 830 4457 Codices
851 4387 1007 4477 quosdam
1038 4390 1201 4456 invectum
1229 4399 1278 4456 est
1303 4387 1342 4454 ab

144 4495 206 4574 iis,
233 4493 290 4581 qui
320 4493 544 4562 soloecismum
578 4495 662 4564 lerre
695 4517 756 4563 non
790 4504 931 4584 possent.
978 4493 1033 4562 Sic
1065 4497 1096 4561 in
1132 4495 1343 4563 Xsuornourrs
