3136 4966
677 349 745 420 oli

107 547 195 616 rioth
218 545 271 614 καί
295 543 361 625 περί
384 549 444 610 τῶν
465 540 601 626 ῥητόρων.
639 541 699 607 itin
725 561 776 610 nie
796 541 847 609 hir
867 544 957 610 loeus
978 547 1086 624 torsit,
1110 545 1211 614 donee
1225 554 1293 614 ian·

105 654 178 722 dem
211 660 244 722 ei
274 650 343 716 ritii
375 648 482 716 sedero
507 655 539 715 et
563 665 671 713 reram
697 646 866 717 lectionem
891 647 987 716 simui
1012 653 1187 739 reperirem
1214 653 1293 720 roie-

107 779 187 847 gens
218 761 314 841 §hh
346 759 452 824 τοῦτον
480 754 537 833 μὲν
567 754 620 819 τίν
649 752 738 832 νίμον
768 752 853 830 ίίηκε
882 758 950 839 περί
973 764 1032 824 τῶν
1055 759 1294 840 μειρακίων-,

107 863 155 940 οὓς
188 864 219 930 δὲ
250 863 346 944 ίλίγιρ
373 857 514 942 πρότερον
537 861 607 940 ὑμῖν
631 860 748 939 aisono
772 862 840 944 περί
864 869 921 929 τῶν
945 865 1083 943 παίδων,
1107 861 1155 940 οὓς
1180 865 1211 930 δὲ
1234 865 1295 932 νυνί

108 971 216 1052 μίλλω
247 967 351 1048 λέγειν
381 967 448 1047 περί
478 972 536 1032 τῶν
559 963 664 1031 ἄλλων
686 964 945 1036 ἈΘΗΝΑΙΩΝ.
981 969 1065 1036 Haeo
1089 977 1137 1037 esi
1161 973 1296 1059 antiqua

108 1086 141 1145 et
171 1095 246 1143 vera
270 1072 366 1140 ieotio
388 1071 575 1151 ’λίηναίων,
608 1092 670 1137 non
695 1075 827 1150 ἡλικιῶν.
862 1074 959 1142 Νυιιο
978 1075 1085 1141 omnia
1110 1084 1197 1142 reete
1222 1094 1296 1162 pro·

109 1181 228 1250 sedunt
250 1190 281 1247 et
302 1180 422 1267 optime
443 1177 577 1243 habent:
602 1178 701 1258 τρίτον
720 1180 746 1245 δ’
768 1178 882 1263 ἐφεξῆς
903 1181 970 1262 περὶ
989 1187 1049 1246 τῶν
1066 1167 1296 1248 ίλλωνἈΘΗ·

110 1297 256 1357 ΝΑΙΩΝ
288 1289 321 1354 οὐ
353 1283 442 1365 μίνον
472 1281 539 1366 περί
570 1289 630 1350 σι’ίν
653 1285 774 1352 ίδιωτῶν
797 1288 886 1352 ἀλλὰ
910 1287 962 1352 καί
986 1287 1054 1368 περί
1077 1293 1136 1353 τῶν
1159 1284 1295 1369 ρητόρων.

110 1397 232 1484 Nernpe
261 1395 342 1470 πλην
372 1397 432 1459 τῶν
461 1390 579 1456 παίδων
610 1390 661 1455 καί
692 1398 751 1457 τῶν
779 1392 942 1473 μειρακίων
973 1395 997 1458 σί
1027 1391 1118 1459 ι’ίλλοι
1143 1392 1296 1469 Ἀθηναῖοι

110 1501 251 1577 ἅπαντες
287 1501 352 1578 ἤτοι
382 1497 500 1564 ἰδιῶταί
529 1499 604 1564 είσιν
634 1497 651 1573 t
684 1499 907 1565 πολιτεύονται.
953 1499 1067 1566 Paucis
1098 1497 1298 1585 interpositis

113 1609 219 1697 pergit
249 1605 365 1674 Orator
389 1605 433 1670 iia
458 1602 579 1692 dicere:
609 1602 765 1682 βούλομαι
789 1606 825 1681 δίς
848 1607 936 1686 adyti
958 1605 1021 1687 νυνί
1042 1607 1114 1687 πρδς
1140 1606 1223 1685 ὑμεῖς
1246 1605 1298 1671 τὸν

111 1714 205 1782 αὐτὸν
233 1713 343 1795 τρίπον
373 1711 550 1793 χρησασίαι
581 1711 624 1791 τῷ
646 1707 732 1792 λίγιρ
756 1707 844 1793 ίνπερ
868 1720 932 1785 τοῖς
955 1711 1052 1791 νόμοις
1077 1713 1090 1778 ί
1116 1711 1297 1793 νομοθέτης·

110 1820 187 1889 οὕτω
211 1820 275 1902 rito
297 1817 336 1884 αν
358 1841 409 1898 μοι
433 1815 560 1895 μείλινα
582 1815 799 1896 ὑπολαμβάνω
819 1817 890 1891 τοὺς
912 1816 1023 1898 λίπους
1047 1819 1193 1897 εὖμαίεῑς
1213 1817 1299 1898 ysit-

112 1929 193 1996 σίαι.
231 1925 296 1992 iarn
330 1923 401 1990 ride
434 1921 512 1988 mihi
537 1919 614 2010 qnid
639 1921 758 1990 soioios
780 1921 1009 2009 designaverit.
1047 1923 1119 1990 Post
1143 1926 1158 1991 ί
1182 1923 1298 2003 νιμοίέ-

111 2059 168 2109 της
200 2029 403 2118 interpolavit
434 2028 528 2095 haee:
559 2035 674 2109 xpristi
704 2029 761 2109 μὲν
787 2030 850 2112 γὰρ
874 2030 1001 2108 διέξειμι
1025 2031 1097 2112 πρὸς
1122 2032 1206 2110 ὑμᾶς
1228 2031 1299 2106 τοὺς

111 2139 220 2220 νίμσνς
251 2134 278 2203 oi
308 2142 425 2203 κεῖνται
456 2134 524 2216 περί
556 2140 611 2208 τῆς
639 2137 805 2215 εὐκοσμίας
829 2143 888 2203 τῶν
910 2139 1027 2204 παίδων
1048 2144 1107 2204 τῶν
1130 2135 1299 2219 ὑμετέρων,

109 2245 221 2312 ἔπειτα
253 2243 388 2324 δεύτερον
418 2242 490 2316 τοὺς
520 2241 587 2318 περί
620 2247 678 2307 τῶν
704 2242 885 2324 μειρακίων,
917 2243 1016 2324 τρίτον
1041 2243 1066 2308 δ’
1090 2241 1204 2325 ἐφεξῆς
1228 2246 1299 2319 τοὺς

110 2353 178 2434 περί
202 2357 260 2416 τῶν
283 2348 388 2415 ἄλλων
412 2351 533 2426 ἡλικιῶν
556 2348 590 2413 οὐ
612 2342 703 2425 μίνσν
725 2348 791 2429 περί
817 2353 876 2414 τῶν
899 2349 1022 2416 ίδιωτῶν
1045 2349 1134 2414 σίλλίι
1158 2349 1211 2415 καί
1231 2349 1299 2432 περί

111 2465 170 2528 τῶν
200 2455 345 2540 ῥητίρων,
376 2473 459 2542 quae
490 2451 622 2518 totidem
654 2451 762 2520 verbis
794 2454 827 2520 in
859 2453 1004 2541 proxime
1036 2452 1301 2521 antecedentibus

110 2565 232 2651 scripta
268 2563 355 2627 sunt.
399 2559 559 2626 Haeccine
590 2578 609 2624 a
640 2556 777 2626 iaonndo
800 2557 935 2626 Oratore
959 2558 1065 2625 sirico
1088 2561 1135 2626 sio
1158 2559 1222 2628 diei
1244 2581 1301 2649 po·

112 2670 213 2737 tuisse
237 2665 409 2756 paternos-i
434 2665 502 2732 Non
527 2661 644 2732 hereie.
678 2662 711 2731 Si
732 2664 812 2731 mihi
838 2670 896 2732 hoo
920 2664 1065 2744 dederis,
1090 2664 1158 2733 redi
1183 2664 1222 2732 ad
1247 2685 1301 2732 su·

111 2777 237 2864 periora
262 2781 293 2839 et
318 2771 491 2858 diiigenter
513 2769 680 2837 considera
706 2770 784 2838 haee
804 2771 913 2838 rerhaz
939 2772 991 2838 καί
1012 2771 1167 2854 desipitis
1178 2771 1301 2840 ιίπίδει·

111 2882 170 2960 ξαν
193 2873 216 2947 ἃ
238 2881 300 2962 χρὴ
323 2877 375 2944 τὸν
398 2876 500 2944 παῖδα
523 2875 577 2941 τίν
597 2877 748 2958 ε’λεύίερον
772 2877 959 2953 ἐπιτηδεύειν
986 2879 1051 2968 [καί
1076 2880 1115 2951 ὥς
1139 2877 1186 2945 δεῖ
1207 2878 1301 2944 αὖπδν

111 2987 297 3072 τραφῆναι]
329 2984 390 3051 hio
421 2981 517 3049 vero?
558 2981 700 3049 Erantne
730 2981 808 3048 haee
840 2983 965 3050 disertis
991 2983 1093 3051 υστίιίε
1117 2982 1186 3069 iege
1210 2999 1300 3071 preo-

111 3091 255 3181 scripta?
288 3087 404 3156 Credat
423 3086 560 3155 iudaeus
582 3086 690 3174 hpeiia
710 3095 742 3154 et
763 3087 940 3156 Christiani
961 3085 1033 3156 οίσιν
1054 3091 1105 3156 οὐκ
1124 3088 1203 3160 ἔνεσι
1223 3095 1300 3166 νοῦς.

112 3202 215 3282 Qnarn
240 3205 310 3264 orat
335 3195 446 3263 Graeoi
474 3193 574 3258 moris
597 3202 628 3260 et
652 3193 791 3260 Graecae
811 3192 970 3262 libertatis
982 3195 1117 3282 ignaros
1130 3197 1300 3282 magister.

112 3305 166 3393 qui
194 3305 256 3370 ista
285 3300 324 3368 de
348 3320 405 3365 suo
426 3297 562 3366 addidit.
600 3299 728 3365 Meliora
753 3309 785 3366 et
805 3301 899 3388 plone
923 3303 1076 3369 contrario
1096 3300 1223 3370 docebit
1242 3307 1301 3371 he·

112 3409 242 3478 sehinas
265 3408 335 3495 ipse
359 3406 390 3471 in
417 3403 477 3472 hae
501 3405 568 3492 ipsa
593 3407 736 3473 oratione
764 3409 782 3492 §
806 3411 879 3474 tas.

158 3517 192 3583 in
220 3519 238 3602 §
263 3519 283 3581 9
307 3531 464 3600 apponam
490 3511 617 3590 iorum,
643 3521 679 3578 ot
703 3510 782 3578 mihi
808 3510 999 3580 so'rihendns
1020 3524 1052 3579 ot
1071 3513 1301 3601 expurgandus

113 3622 241 3690 ridetur
265 3641 344 3687 esse:
366 3621 381 3684 ί
405 3619 469 3702 γὰρ
493 3619 651 3698 νομοίίτης
664 3619 877 3702 ε-διαρριίδην
895 3619 1091 3688 ἀποδείκνυσι
1110 3627 1224 3703 πρῶτον
1243 3622 1302 3701 μὲν

111 3729 244 3805 ίπηνίκα
272 3729 411 3811 προσήκει
435 3726 512 3792 ίίναι
530 3725 584 3792 τὸν
607 3725 708 3792 παῖδα
728 3725 780 3790 τίν
800 3726 950 3809 ἑλειίίερον
971 3729 1013 3798 είς
1033 3729 1069 3793 τὸ
1088 3727 1302 3794 διδασκαλεῖον

111 3836 164 3903 καί
196 3833 328 3910 ὁπηνίκα
359 3832 503 3910 ιίπιίναι,
536 3831 588 3898 καί
621 3831 692 3906 τοὺς
724 3831 926 3908 διδασκάλους
950 3833 993 3898 τὰ
1017 3833 1223 3901 διδασκαλεῖα
1246 3834 1299 3901 καί

111 3944 182 4018 τοὺς
215 3938 421 4022 παιδοτρίβας
452 3938 511 4012 τίις
544 3939 724 4020 παλαίςρας
756 3940 890 4020 σίνοίρειν
920 3939 977 4019 μὲν
1002 3940 1047 4018 μη
1070 3937 1210 4022 πρότερον
1233 3941 1302 4023 πρίν

113 4049 151 4115 αν
174 4050 189 4114 ί
213 4047 294 4124 ἥλιος
319 4045 451 4126 ανίσχη,
482 4045 595 4110 κλείειν
618 4043 650 4110 δὲ
673 4045 728 4126 πρὸ
753 4045 837 4120 ἡλίου
861 4043 1028 4118 δεδυκότος.
1066 4045 1101 4112 ln
1126 4044 1219 4112 libris
1243 4067 1300 4133 pro

112 4155 246 4231 ὁπηνίκα
269 4153 411 4234 προσήκει
436 4158 483 4216 est
508 4147 542 4226 ἣν
564 4147 641 4233 ι’ίραν
664 4154 816 4232 προσήκει.
853 4150 907 4217 Sic
932 4151 1080 4237 magistri
1105 4151 1166 4240 ipsi
1190 4151 1301 4240 ioque·

112 4261 241 4327 bantur.
278 4255 507 4343 Aristophanes
531 4255 587 4322 Αυ.
616 4259 712 4323 riso.

388 4361 490 4438 πηνίκ’
515 4361 578 4432 deis
601 4360 662 4444 ιἰρα
684 4371 741 4439 τῆς
764 4361 898 4443 ημίραςς

158 4469 359 4541 Scholiasta:
386 4471 455 4536 ιὶντί
479 4475 550 4535 τοῦ·
575 4467 674 4535 ποία
696 4466 770 4551 ίίρα
793 4469 837 4538 ε’ςί
858 4477 913 4545 τῆς
933 4468 1065 4552 ἡμέρας,
1090 4468 1125 4536 in
1147 4489 1215 4558 sqq,
1234 4469 1300 4552 ζεῦ.
