3178 4972
693 446 783 492 XXXV

140 622 278 684 venerit.
303 617 432 704 irrepsit
455 618 512 684 illa
535 616 794 684 armotatiuncula
816 621 850 683 in
873 624 999 684 textum
1023 625 1055 686 et
1074 624 1107 686 in
1119 621 1343 689 111ᾱὶ111011-
1462 693 1464 702 ,

137 738 229 827 liclia
254 742 430 807 orationem
452 739 677 806 absurdissime
698 745 824 827 recepta
846 746 903 806 est.
939 741 1050 828 Itaque
1072 765 1155 809 nunc
1179 743 1340 825 Socrates,

139 881 228 926 unus
257 865 403 927 omnium
431 861 619 948 mortalium
640 862 887 940 urbanissimus,
917 883 954 928 11
976 865 1147 930 uerborum
1171 869 1342 934 acerbitate

141 989 176 1048 et
211 984 456 1070 importunitate
489 1004 566 1049 usus
607 1004 673 1049 esse
697 984 835 1049 creditur
858 989 896 1049 ut
918 983 1125 1070 nihilo-esset
1147 991 1342 1073 nequissimo

145 1099 281 1169 Callicle
303 1105 428 1170 melior.
464 1102 606 1171 Calliclis
625 1107 713 1170 enim
734 1107 959 1190 importunitas
983 1111 1015 1171 et
1031 1109 1177 1174 vecordia
1199 1113 1342 1176 maxime

145 1227 288 1290 cernitur
320 1226 355 1289 in
383 1247 420 1292 eo
448 1226 532 1312 quod
562 1227 645 1292 dixit
673 1248 704 1312 p.
731 1225 795 1290 489
827 1245 857 1292 Β.
890 1226 987 1292 οὑτοσὶ
1018 1227 1092 1308 ἀνὴρ
1119 1231 1152 1294 οὐ
1184 1231 1343 1297 παύσεται

145 1352 312 1428 macaron,
337 1349 389 1412 cui
406 1348 527 1413 similia
544 1350 599 1434 qui
617 1346 780 1413 Socratem
803 1349 967 1413 existimat
978 1347 1081 1414 dicare
1092 1353 1250 1436 potuisse,
1269 1375 1344 1419 cum

145 1488 185 1533 ao
209 1468 357 1553 equidem
380 1469 419 1534 de
449 1469 591 1555 qualibet
615 1468 678 1534 alia
706 1490 740 1533 re
766 1488 862 1553 quam
886 1467 924 1533 da
953 1468 1086 1536 Platone
1108 1473 1343 1560 interpretando

143 1589 202 1656 vel
224 1589 420 1656 emendando
451 1591 601 1656 disserere
627 1588 752 1655 malim.
799 1588 870 1654 Hoc
900 1611 1004 1655 unum
1032 1613 1132 1680 urgeo
1160 1595 1195 1658 in
1224 1594 1284 1660 tali
1310 1617 1343 1662 re

144 1709 231 1775 nihil
254 1731 348 1798 agero
371 1713 578 1796 quiveram
599 1711 832 1774 membranarum
861 1711 1056 1776 omcrabilcnr
1082 1716 1286 1780 auctoritatem
1308 1741 1344 1781 ac

135 1832 237 1914 fidon
258 1829 363 1897 veluti
385 1831 568 1897 machinam
591 1830 768 1897 admoveat.
815 1829 886 1897 Hoc
913 1835 966 1920 egi
988 1837 1026 1897 ut
1047 1835 1110 1899 isto
1131 1837 1341 1918 ψευδομαρτυ-

145 1953 214 2030 ρίων
237 1972 320 2018 vana
342 1958 374 2017 et
396 1953 499 2017 11111111
531 1955 703 2017 auctoritas
733 1952 959 2032 destrueretur,
989 1959 1020 2020 et
1042 1976 1135 2022 sanae
1164 1962 1282 2024 mentis
1304 1959 1342 2025 li-

145 2073 224 2138 bcra
256 2075 391 2161 agitatio
426 2095 466 2138 ne
499 2072 586 2138 hisce
618 2075 853 2158 superstitionis
885 2075 1023 2141 vinculis
1057 2081 1340 2166 constringeretur,

144 2191 291 2279 impense
312 2194 447 2279 probans
476 2183 620 2259 Platonis
646 2197 837 2259 sententiam
860 2197 910 2276 (de
932 2197 1020 2278 dcqp.
1044 2197 1101 2262 IX.
1124 2220 1155 2285 p.
1176 2197 1252 2265 875.
1278 2209 1339 2282 c.):

31 2397 34 2405 1
148 2315 303 2392 tarpeiana
331 2315 401 2380 οὔτε
431 2315 519 2393 νόμος
546 2314 616 2380 οὔτε
641 2313 730 2392 τάξις
762 2314 890 2392 οὐδεμίαι
914 2319 1057 2396 κρείττων
1087 2319 1151 2384 οὐδὲ
1181 2321 1266 2398 θέμις
1295 2323 1339 2392 ἕςὶ

149 2440 213 2499 νοῦν
247 2436 363 2511 οὐδενὸς
400 2439 528 2512 ὑπήκοον
558 2436 623 2503 οὐδὲ
659 2434 764 2502 δοῦλον
795 2436 884 2501 dotat
916 2435 1040 2502 adarna
1073 2437 1213 2522 ἄρχονται
1243 2438 1338 2517 εἶναι,

151 2553 259 2637 ἐάνπερ
283 2559 423 2634 ἀληθινὸς
447 2556 597 2637 ἐλεύθερός
621 2581 657 2622 τε
680 2555 771 2632 ὅντως
796 2553 813 2640 ἦ
834 2557 920 2622 κατὰ
937 2557 1041 2640 Φύσιν.

212 2763 350 2813 &ribabnm
365 2764 635 2831 Lugduni-Batavorum

245 2861 280 2897 111.
299 2845 409 2912 Angusto
426 2858 608 2896 nncccnxxur.
707 2857 713 2870 ·
