3086 4974
694 339 765 411 533

133 532 263 620 egregie
287 528 502 602 coinfirmatur
524 530 630 599 uerbis
655 526 838 608 lamlrliclri‚
869 533 963 598 cuins
987 530 1091 598 oratio
1115 530 1233 619 ubique
1257 531 1330 599 llos-

133 638 216 706 culis
243 638 414 724 l'latonicis
436 647 602 726 tamquam
623 639 761 723 gemmis
781 636 933 704 distincta
955 647 1024 719 est,
1049 639 1082 704 iu
1104 639 1168 704 aito
1188 639 1327 724 Ppaquq.

134 747 152 830 §
177 747 254 810 ο266.
285 750 349 817 τοῖς
381 743 407 810 δ’
427 729 546 819 ’ἄλλοις
571 743 632 818 ἐθος
657 739 734 809 εἶναι
757 752 895 825 γηραιοῖς
918 745 1040 828 σφόδραΙ
1062 743 1234 824 γενομένοις
1258 742 1325 820 θοι,

133 872 204 930 περ
225 851 265 914 ἐκ
285 848 440 928 δεσμῶν
459 855 526 917 τοῦ
547 849 733 928 σώματος
755 848 1031 918 οέπαλλοθττεσθαι.
1062 849 1219 917 Similiter
1239 847 1324 936 quod

134 955 166 1040 iu
191 953 337 1020 Phaedro
362 975 393 1040 p.
421 959 497 1023 250.
524 976 553 1023 u.
578 953 677 1036 θόσπερ
702 957 733 1019 ἐν
756 955 918 1040 κατόπτρῳ
945 955 1003 1046 [ἐν]
1028 957 1070 1037 τῷ
1096 957 1194 1037 ἐρῶντι
1218 956 1325 1022 ἐαυτὸν

134 1061 203 1139 nav
237 1058 364 1136 λέληθεν
398 1062 537 1148 expunxi
575 1061 744 1127 molestum
781 1063 811 1126 ἐν
848 1081 925 1128 usus
956 1061 1089 1128 luciani
1121 1062 1324 1139 testimonio,

135 1187 220 1234 nunc
254 1167 355 1232 xrrulto
387 1170 483 1234 etiam
516 1167 680 1236 meliorem
715 1187 900 1252 sponsorem
926 1165 1007 1233 dabo
1028 1167 1133 1252 ipsum
1160 1166 1324 1233 Platonem

134 1272 172 1338 de
202 1270 340 1359 Lepidm
371 1292 400 1359 p.
432 1279 510 1341 905.
543 1295 569 1340 ιι.
603 1255 650 1348 ὡς’
677 1275 707 1340 έν
735 1273 917 1353 κατόπτροις
950 1273 1051 1338 αὐτῶν
1082 1281 1154 1345 ταῖς
1178 1270 1326 1354 πρόξεσιν

135 1379 240 1457 ἡγήσω
263 1377 477 1459 καθεοραιιέναι
501 1381 557 1455 rino
580 1379 703 1445 πόντων
727 1378 879 1459 οέμέλειαν
902 1380 982 1445 θεῶν.
1020 1377 1139 1444 Eadem
1159 1397 1324 1464 compara·

137 1485 233 1562 tionis
264 1482 366 1550 torma
399 1482 563 1570 eleganter
593 1503 671 1551 usus
693 1493 741 1552 cst
764 1484 803 1550 dc
828 1483 903 1570 llap.
932 1505 960 1571 p.
987 1488 1064 1560 573.
1092 1505 1119 1552 ιι.
1144 1481 1244 1563 ὥσπερ
1268 1483 1325 1549 ὑπὸ

136 1589 261 1680 κέντρων
285 1589 502 1670 ἐλαυνομένους
525 1597 584 1657 τῶν
607 1615 644 1657 τε
666 1589 771 1659 όθλλιου
795 1591 958 1670 ἐπιθυμιῶν
979 1589 1031 1656 καὶ
1051 1589 1254 1673 διαφερόντως
1275 1589 1327 1655 da?

137 1697 232 1761 αὐτοῦ
261 1702 315 1763 τοῦ
341 1695 457 1780 ἔρωτος.
494 1695 736 1782 Eiusdemmodi
763 1698 952 1782 compositio
974 1695 1155 1764 scribarum
1182 1693 1326 1761 socordia

137 1785 233 1887 periit
263 1801 302 1867 da
334 1801 471 1888 Lepidus
502 1824 533 1889 p.
560 1789 638 1870 659.
670 1824 695 1870 s.
729 1801 787 1869 νόου
818 1802 915 1876 δειλός
940 1801 977 1868 do
1000 1803 1030 1866 ἐν
1048 1810 1116 1888 Ιτοῖς
1141 1802 1244 1876 δεινοῖς
1271 1799 1327 1865 ὑπὸ

136 1907 230 1988 μέθης
260 1912 314 1973 τοῦ
338 1906 441 1992 φόβου
466 1919 599 1995 ναυτιᾷ,
625 1908 737 1996 supple
760 1912 832 1974 ‘sse
857 1907 914 1973 ὑπό
937 1907 1030 1986 μέθης
1053 1913 1106 1974 τοῦ
1130 1907 1233 1990 φόβου
1256 1929 1327 1972 ναυ·

135 2019 209 2098 τιρῖ,
241 2021 274 2079 et
305 2011 385 2078 nilril
405 2017 580 2101 supererit
613 2013 829 2101 difficultatis.
863 2013 944 2080 llinc
969 2012 1066 2079 simul
1085 2023 1218 2100 apparet
1244 2009 1328 2077 unde

136 2118 309 2186 lleuandcr
332 2120 486 2186 sumserit
509 2140 605 2187 suum

169 2219 173 2226 “
244 2223 404 2291 Postremo
427 2235 589 2312 tamquam
613 2228 646 2292 in
670 2226 831 2312 speculum
854 2226 887 2290 οἰι
906 2225 1045 2313 patinos,
1069 2223 1206 2312 Demea,

142 2403 146 2411 ‚
243 2330 396 2418 inspicare
418 2331 508 2398 iubeo
531 2342 560 2398 ct
584 2353 692 2400 moneo
715 2333 791 2419 quid
813 2333 897 2419 sacto
919 2351 995 2396 υσιιο
1018 2330 1088 2396 sict.

140 2433 172 2500 in
196 2429 329 2522 Adelph.
354 2436 408 2503 lll.
433 2443 464 2504 ὅ.
492 2441 544 2528 74.
580 2436 699 2504 Graece
723 2437 860 2504 dixeris:

341 2543 379 2615 ἐς
403 2545 447 2616 εἷς
471 2541 635 2626 κότοπτρα
657 2545 728 2616 τοὺς
751 2544 906 2621 πόνοοιιας,
931 2539 952 2608 ὦ
977 2540 1110 2628 Δημέα,

342 2646 474 2726 βλέπειν
496 2649 624 2718 κελεθυ.

190 2751 271 2818 Item
316 2751 347 2816 in
384 2773 455 2839 sqq.
492 2751 549 2822 εἶτ’
586 2758 628 2831 εές
663 2755 832 2844 δικαςιὶριον
865 2753 1043 2833 ἐμπεσόντα
1080 2749 1328 2840 [βλαπτόμενον]

140 2845 197 2924 ὑπὸ
222 2863 423 2941 συκοφαντῶν
447 2859 464 2938 ii
488 2859 684 2928 θποθανόντα
704 2861 721 2938 οἳ
742 2858 915 2926 ἐκπεσόντα
936 2861 952 2936 ἢ
972 2859 1168 2938 οέτιμυθέντα
1181 2858 1329 2944 spurium

140 2972 189 3030 cst
212 2973 245 3030 et
270 2963 444 3030 insiticium
471 2966 677 3054 participium
700 2965 937 3048 βλαπτόμενον,
961 2986 1024 3052 quo
1047 2964 1218 3031 absurdius
1238 2982 1329 3028 voca·

142 3068 251 3135 bulum
278 3068 478 3154 magistellos
498 3074 680 3157 excogitare
704 3091 881 3159 numquam
905 3072 1070 3158 potuisset.
1107 3069 1238 3136 Pession
1257 3087 1326 3136 esse

141 3173 320 3252 ἐμπεσόντα
343 3182 376 3239 et
399 3176 592 3262 οέποθανόντα
616 3185 648 3244 et
672 3178 843 3244 ἐκπεσόντα
868 3176 1033 3244 Graeculis
1059 3179 1090 3243 in
1116 3184 1255 3243 mentem
1277 3197 1327 3243 ve·

141 3281 213 3347 uiro
240 3299 300 3346 non
326 3289 467 3367 poterat:
492 3291 557 3349 tam
585 3282 663 3348 nihil
685 3285 716 3348 in
738 3282 866 3369 linguae
886 3284 1039 3370 anitiquae
1058 3302 1119 3349 usu
1139 3283 1327 3354 cernebautt

142 3385 254 3472 ltaque
287 3388 580 3472 comminiscuntur
608 3387 729 3474 aliquid
761 3387 801 3453 de
831 3408 909 3467 suo,
941 3387 1024 3475 quod
1056 3407 1129 3454 cum
1163 3389 1220 3455 ὑπὸ
1244 3416 1330 3458 nouo·

141 3499 268 3574 φοιτῶν
291 3502 468 3582 utcumque
489 3495 641 3580 coniungi
668 3513 757 3581 posse
781 3494 963 3580 opinentur.
1001 3493 1185 3561 Badlamus
1206 3498 1331 3582 primus

143 3595 288 3686 fraudem
313 3600 414 3666 sensit
437 3608 470 3666 et
494 3601 637 3688 ineptum
661 3598 883 3680 βλαπτόμενον
907 3602 1057 3666 resecuit.

192 3703 236 3778 De
260 3702 335 3789 Rep.
361 3725 391 3791 p.
417 3710 493 3772 555.
519 3726 548 3772 λ.
573 3707 658 3772 κατόν
676 3708 731 3783 τέρν
751 3706 1016 3788 ὀλιγαρχουμένην
1036 3705 1125 3772 πόλιν
1146 3690 1327 3796 [όμοιότιρτο]

143 3811 195 3875 τόν
224 3809 373 3894 φειδωλόν
404 3835 440 3878 τε
471 3810 523 3878 καὶ
553 3813 751 3892 χρηματιςέιν
774 3811 948 3893 τετάχθαι,
979 3831 1017 3878 ex
1043 3814 1330 3899 interpretamento

50 3987 56 4002 ,
145 3923 257 3982 ιιοῑυιι]
282 3916 434 3996 ὁμοιότητι
454 3903 683 3984 obiiciendum.
718 3917 814 3984 Plane
834 3916 944 3985 eadem
966 3917 1169 4004 interpolatio
1190 3919 1331 3986 nouaculat

143 4021 248 4088 locum
282 4022 419 4093 similem
453 4044 483 4110 p.
510 4027 585 4092 676.
616 4045 644 4090 c.
675 4020 693 4090 ό
721 4046 762 4102 γε
789 4024 960 4105 τυραννικὸς
984 4023 1071 4088 κατόν
1094 4024 1149 4098 rio
1171 4049 1330 4107 τυραννου-

141 4127 235 4208 μένιρν
259 4126 348 4194 πόλιν
371 4127 410 4196 ἂν
434 4128 479 4206 sin
505 4127 699 4218 [όμοιότιρτι].

191 4233 236 4299 lte
260 4233 336 4319 Rep.
371 4255 400 4321 p.
429 4225 505 4302 660.
530 4256 556 4300 a.
586 4235 656 4301 οὔτε
680 4236 776 4311 αὐτὴν
798 4237 853 4310 τὴν
875 4232 1068 4316 ξυμμαχίαν
1091 4240 1237 4318 παροόισιν
1259 4238 1330 4304 οὔτε

142 4338 288 4422 πρέσβεις
318 4339 529 4422 πρεσβυτέρων
558 4338 669 4420 λόγους
698 4346 908 4408 ἸΔῙΩΤΩΝ
939 4339 1150 4421 εἰσδέχονται,
1176 4341 1330 4429 palmaria

143 4453 192 4510 est
218 4443 370 4512 Badlmmi
396 4445 458 4512 mei
483 4445 665 4514 emendatio
688 4435 890 4524 ΔΙΩΤΩΝ.
928 4447 975 4512 δι’
998 4446 1106 4514 ὤτοιν
1129 4449 1333 4530 εθσδέχοντοοι.
