3204 4978
783 365 852 437 372

647 561 662 626 d
685 558 915 644 σχινοκέφαλος
939 559 1016 632 Ζεὺς
1042 555 1091 625 tte

465 669 670 753 προσέρχεται
695 665 815 750 τῷδείον
840 667 892 732 ἐπὶ
916 672 970 734 τοῦ
995 666 1115 749 κρανίου

465 775 544 859 ἔχων
567 775 633 842 κτὲ.

263 881 424 952 insulsum
453 893 524 950 erat
555 883 658 948 iocoso
691 879 814 946 numiui
845 877 962 946 addere
999 900 1111 947 verum
1136 901 1265 948 numen.
1314 881 1410 968 Apud

220 991 377 1058 Puccucuu
409 989 449 1056 11.
483 993 524 1056 tc
558 988 683 1054 Beuum
716 985 874 1052 festinans
896 985 999 1053 edidit
1022 987 1245 1071 ἕχονοκέφαλον
1268 988 1301 1054 δέ
1325 999 1411 1070 Κρα-

217 1105 296 1170 τῖνος
320 1096 372 1161 τὸν
394 1095 547 1178 Περικλέα
572 1091 641 1162 είπε
674 1113 731 1181 pro
762 1091 1002 1175 σχινοκέφαλον.
1051 1092 1171 1161 Eadem
1198 1097 1322 1161 ratione
1345 1105 1411 1162 Πε·

217 1213 322 1286 ρικλης
355 1205 462 1289 inepte
493 1200 638 1269 additum
676 1207 724 1266 est
757 1204 790 1265 in
824 1200 970 1265 Pcarours
1009 1197 1184 1288 Prethere
1215 1223 1245 1289 p.
1277 1205 1344 1269 320
1378 1226 1409 1268 ε.

218 1309 232 1376 d
263 1305 465 1382 ddcdccdccc
489 1309 562 1389 άνηρ
591 1305 783 1395 [Περικλῆς].
832 1305 1008 1372 Morituros
1035 1305 1175 1373 Pericles
1198 1307 1318 1375 dixisse
1342 1306 1410 1374 ier·

219 1425 275 1484 tur
307 1435 378 1501 cop.
413 1419 456 1482 58
486 1415 580 1488 ούδείς
613 1413 650 1478 δι’
683 1414 821 1492 ἐμέτων
850 1410 942 1478 άντων
972 1413 1137 1488 Ἀθηναίων
1159 1413 1262 1493 μέλαν
1285 1413 1410 1493 ίμάτιον

217 1523 444 1607 περιεβάλετο,
469 1517 644 1588 absurdum
671 1527 720 1584 est
752 1519 958 1605 participium
982 1518 1089 1597 άντων,
1114 1521 1205 1607 quasi
1237 1539 1312 1586 vero
1335 1521 1411 1606 quis

219 1631 285 1712 περὶ
311 1637 368 1696 τῶν
385 1631 439 1695 οὐκ
461 1627 552 1695 ίντων
577 1624 778 1692 hecdicium
800 1644 870 1691 csse
892 1633 1004 1710 putare
1025 1635 1139 1712 posset.
1187 1625 1224 1692 iu
1245 1635 1409 1692 ΟΝΤΩΝ

220 1736 297 1803 latet
327 1743 550 1812 πΟΛΙΤΩΝ,
583 1731 717 1800 emenda
749 1737 807 1797 τῶν
839 1737 971 1796 πολιτῶν
1003 1741 1034 1797 et
1059 1733 1225 1808 Ἀθηναίων
1247 1752 1407 1820 expunge.

220 1842 256 1908 ln
281 1840 444 1906 Alcibiade
467 1861 535 1928 cap.
562 1845 581 1906 6
606 1838 675 1905 dete
694 1837 927 1914 ἀναπείθοντες,
953 1839 1028 1924 quia
1054 1841 1190 1913 decom
1214 1841 1410 1906 accusativis

220 1947 449 2023 coniunctum,
481 1954 516 2011 ut
550 1944 581 2010 h.
606 1943 626 2008 Ι.
658 1947 696 2018 cie
732 1945 957 2024 άμάυράεοντα
988 1943 1271 2024 τοὺςάλλονς,θῑ
1297 1965 1411 2031 perse

220 2053 380 2140 optimum
416 2059 488 2130 est,
533 2059 565 2117 et
600 2069 675 2116 com
714 2051 889 2116 άναπείίειν
927 2053 1074 2137 componi
1109 2071 1171 2116 uon
1207 2059 1323 2138 potest.
1373 2051 1410 2117 In

221 2179 290 2244 cap.
316 2163 369 2224 δά.
395 2157 514 2242 iegitur
545 2159 600 2234 τίην
631 2158 688 2236 μέν
719 2154 767 2224 οὖν
800 2157 1009 2237 είσαγμελίαν
1042 2155 1133 2231 οὕτως
1165 2157 1299 2240 ἔχουσαν
1331 2159 1410 2223 άνα-

221 2264 396 2348 γράφουσι·
444 2267 605 2338 Θεσσαλὸς
641 2264 776 2344 Κίμωνος
823 2262 984 2338 Λακιάδης
1025 2264 1232 2344 Ἀλκιβιάδην
1273 2264 1411 2330 Κλεινίου

221 2370 449 2452 Σκαμβωνίδην
483 2373 682 2451 είσιίμμειλευ
718 2371 832 2436 άδικείν
873 2369 940 2451 περί
974 2371 1016 2436 τίν
1059 2372 1112 2436 ύεὼ
1152 2371 1220 2459 [την
1257 2372 1410 2451 Δύμητρα

220 2478 273 2545 καί
302 2477 356 2552 την
390 2476 496 2563 Κίρην]
530 2479 597 2544 κτέ.
655 2477 773 2562 Ecquis
803 2475 948 2552 dubitat,
990 2477 1067 2562 quin
1108 2475 1184 2542 haec
1218 2477 1411 2542 Pauraacuus

220 2583 427 2671 descripserit
452 2584 486 2648 εἰς
509 2589 566 2649 τῶν
588 2587 740 2664 Κρατεροῦ
763 2581 1001 2665 ψηφισμάτωνί
1050 2583 1160 2669 ltaque
1181 2583 1260 2650 satis
1283 2591 1409 2649 certum

220 2690 384 2758 videbitur
407 2692 461 2767 την
485 2693 640 2771 Δήμητρα
665 2690 718 2755 καί
742 2691 797 2765 την
820 2687 914 2770 Κίρην
939 2687 1020 2754 maie
1044 2708 1115 2755 esse
1142 2698 1264 2757 assuta.
1311 2689 1411 2755 Nemo

222 2807 292 2866 erat
320 2796 498 2874 docenduS,
530 2793 609 2882 quid
640 2802 725 2861 esset
756 2795 823 2876 περί
854 2796 896 2862 τὼ
928 2795 982 2860 tce
1014 2797 1151 2875 άδικείν,
1182 2797 1226 2862 τά
1249 2803 1312 2862 τοῖν
1336 2796 1412 2862 ύεοίν

222 2905 374 2986 evetita,
407 2907 439 2981 νίη
471 2906 512 2969 τὼ
544 2903 616 2980 dcci,
652 2909 682 2968 et
715 2901 789 2968 sim.
839 2902 875 2969 lu
912 2899 1034 2988 reliqua
1068 2911 1159 2988 parte
1192 2902 1411 2989 antiquissimi

221 3013 430 3094 ψηφίσματος
450 3006 554 3073 obiter
576 3007 653 3074 haec
673 3009 816 3094 corrige:
840 3008 1016 3087 δεικνύντα,
1039 3004 1162 3092 οίανπερ
1189 3011 1203 3075 d
1229 3007 1411 3091 ἱεροφάντης

223 3117 303 3198 ἔχων
335 3113 467 3180 δείκνυτο
496 3113 540 3178 τά
568 3114 652 3195 ίερά,
687 3122 755 3180 tum
786 3113 1007 3190 Πουλυτίωνα,
1041 3113 1188 3197 Θεύδωρον
1220 3119 1349 3194 Φηγαιᾶ
1380 3123 1412 3181 ct

222 3219 425 3300 Εὐμολπιδῶν
455 3219 508 3284 καὶ
541 3220 693 3302 Κηρύκων.
742 3217 898 3305 volgatae
929 3219 1081 3286 lectiones
1117 3228 1194 3287 sunt
1221 3221 1412 3298 δεικνύοντα,

223 3325 388 3393 omittitur
411 3326 442 3401 ὃ,
462 3325 607 3403 δεικνύει,
630 3326 827 3404 Πολυτίωνα,
846 3325 972 3406 Φημεέα
992 3335 1025 3393 et
1044 3327 1187 3409 κηρύκων.
1221 3327 1257 3394 ln
1277 3349 1348 3416 cap.
1369 3333 1412 3395 54

223 3435 254 3498 ἐν
283 3439 355 3503 ταῖς
386 3430 510 3511 μάλιτα
548 3439 606 3500 τῶν
640 3432 828 3515 άποφράδων
863 3434 918 3508 τίην
953 3434 1069 3514 ἡμέραν
1102 3434 1220 3510 ταύτην
1255 3431 1414 3516 άπραιιτον

223 3539 375 3614 Ἀθηναῖοι
406 3539 592 3622 νομίζουσιν,
624 3539 743 3606 Graece
767 3538 940 3606 dicendum
964 3547 1013 3606 est
1036 3541 1066 3607 ἐν
1090 3535 1161 3615 ταῖς
1184 3539 1311 3620 μάλιςα
1332 3543 1415 3608 ciare-

223 3645 350 3730 φράδα,
375 3647 460 3735 quod
492 3647 520 3712 si
552 3646 734 3712 restitueris
757 3645 917 3728 depeream
941 3645 1025 3712 uitro
1057 3647 1193 3712 excidet.
1244 3646 1278 3711 Ιιι
1312 3645 1414 3713 Ρουίο

223 3750 358 3819 Aemilio
394 3773 464 3842 cap.
496 3758 534 3819 te
571 3753 766 3818 Paursucuus
796 3754 972 3840 scripserat
1006 3752 1070 3818 άπὸ
1099 3753 1244 3831 ποιμνίων
1271 3752 1325 3835 ζῆν
1356 3752 1414 3819 ad·

224 3860 356 3945 scripsit
390 3861 498 3926 nescio
530 3861 604 3945 quis
639 3859 790 3937 νέμοντες,
840 3859 876 3925 In
908 3857 1045 3924 Aristide
1079 3878 1149 3945 cap.
1186 3863 1214 3924 1.
1245 3859 1340 3925 ἐδόκει
1368 3883 1416 3933 τις

224 3961 302 4032 εἶναι
338 3964 518 4053 [τερισσίς].
569 3969 611 4030 tt
642 3965 716 4052 quis
748 3965 850 4032 nescit
886 3963 1005 4031 Graece
1038 3962 1102 4029 dici
1133 3964 1235 4031 sotere
1266 3965 1349 4032 δοκεῖ
1368 3990 1415 4040 τις

225 4068 322 4151 εἶναι,
348 4073 442 4140 δοκεῖν
465 4073 535 4139 τινά
567 4069 662 4148 είνοοο,
694 4069 965 4159 quemadmodum
991 4091 1102 4138 ornnes
1127 4069 1359 4158 loquebantur,
1384 4082 1418 4139 ct

227 4177 274 4246 vel
300 4180 466 4246 Torocmrr
489 4178 623 4267 Cyclops
647 4176 702 4244 xl.
729 4182 782 4243 79.

408 4286 545 4360 δηλονύτ’
568 4287 599 4350 έν
622 4292 664 4369 τρῖ
687 4291 735 4369 μᾷ
759 4285 861 4361 κῆμύν
881 4307 929 4358 τις
953 4285 1108 4368 φαίνομαι
1133 4279 1220 4364 ἦμεν.

274 4390 310 4457 In
349 4391 461 4457 Gctcrm
496 4393 614 4457 maiore
645 4411 716 4477 cap.
741 4395 761 4456 8
792 4391 886 4474 φύσει
916 4395 1005 4457 τοῦτο
1035 4393 1070 4456 τὸ
1095 4391 1166 4474 ζῷον
1194 4391 1221 4479 [ὁ
1245 4391 1413 4480 βασιλεύς]

227 4497 427 4581 σαρκοφάγον
450 4499 507 4570 et.
545 4497 665 4564 Bonum
687 4495 830 4574 dictum,
852 4505 887 4562 ut
908 4495 961 4574 ot,
984 4495 1142 4564 emblema
1164 4497 1353 4585 corrumpit.
1378 4497 1416 4564 ln
