3178 4972
770 370 840 416 XXII

211 536 309 603 editio
331 538 466 606 dimidia
480 531 544 608 fere
566 546 655 628 parte
676 543 799 607 auctior
820 541 951 627 prodeat
967 543 1001 606 in
1023 541 1139 607 lucem.
1175 539 1211 606 In
1234 539 1401 610 Ermnrso

205 651 320 725 ‘autem
347 681 411 727 non
434 662 521 727 idem
543 663 712 728 consilium
735 663 819 748 quod
848 665 883 728 in
904 662 1018 729 Vanus
1040 649 1254 730 annrorsmus
1275 672 1402 732 secutus

211 801 293 847 sum.
340 783 418 849 Erat
448 775 520 849 tum
549 784 633 849 mihi
664 785 863 870 propositum
891 804 931 850 ex
963 785 1172 850 nncnnnonn
1198 789 1231 850 et
1259 784 1402 852 Lucmuo

210 905 416 988 potissimum
444 905 663 977 demonstrare.
680 911 798 991 quanto
826 927 918 991 opere
942 907 1089 992 antiquae
1113 904 1251 973 Graecae
1273 906 1403 994 hngnae

212 1027 332 1092 sanitas
359 1031 391 1092 et
413 1028 581 1114 integritas
604 1030 635 1092 et
657 1025 764 1093 lucida
795 1029 945 1092 serenitas
967 1027 1143 1092 imminute
1172 1033 1253 1096 esset
1283 1034 1317 1093 et
1339 1049 1403 1096 cor·

212 1152 307 1232 rupta
336 1150 435 1214 etiam
465 1149 549 1234 apud
580 1169 649 1227 eos,
674 1150 729 1233 qui
759 1153 791 1213 et
815 1149 877 1214 sibi
904 1153 937 1213 et
959 1151 1091 1214 cacteris
1113 1150 1246 1222 ἁττικῶς
1269 1150 1403 1215 scribere

212 1268 410 1336 videbantur.
457 1269 528 1336 Hoc
559 1270 695 1359 agebam
717 1275 755 1334 ut
785 1269 982 1335 ostenderem
1007 1272 1043 1334 in
1066 1275 1184 1356 quanto
1206 1264 1308 1337 errore
1334 1291 1404 1336 ver·

213 1396 357 1456 serentur
389 1390 535 1458 homines
569 1390 687 1456 eruditi
724 1411 835 1476 quum·
858 1392 936 1456 istos
971 1391 1112 1457 infelices
1147 1397 1179 1457 et
1213 1389 1282 1458 sero
1314 1397 1405 1458 natos

212 1513 394 1579 Atticorum
423 1514 601 1579 imitatores
631 1513 771 1577 nimium
802 1515 975 1597 patienter,
1005 1533 1044 1578 ne
1074 1513 1180 1579 dicem
1207 1512 1320 1590 stulte,
1351 1511 1404 1578 ad·

213 1636 414 1700 mirarentur.
464 1633 645 1716 „mismo
667 1634 780 1718 empta
804 1632 921 1721 (iudice
949 1633 1081 1700 Reiskia
1103 1637 1137 1699 in
1159 1635 1352 1720 praefatione
1372 1641 1405 1700 et

213 1757 426 1820 consentiente
447 1753 595 1833 Reislcio,
619 1755 804 1820 acutissimo
833 1755 916 1836 viro)
943 1763 985 1820 tot
1016 1755 1171 1841 aequato«
1200 1757 1355 1821 vacabas
1376 1762 1405 1820 et

213 1876 323 1940 Atticis
345 1876 501 1958 clepontia'c
529 1876 626 1940 cited
654 1881 689 1938 at
717 1874 813 1939 Attici
842 1877 983 1941 samonis
1010 1875 1114 1942 torosa
1139 1877 1243 1941 haberi
1256 1875 1404 1961 poseiat.”
1472 1919 1474 1922 -

213 1995 301 2063 Haec
335 2002 402 2064 erat
435 2003 507 2062 tum
541 1997 704 2074 omnium,
739 2017 823 2062 nnnc
864 1998 964 2062 etiam
1004 1996 1201 2077 multorum,
1237 1999 1402 2064 sententia.

214 2117 368 2184 libanius
397 2118 493 2183 Attici
513 2117 655 2182 samona
676 2139 796 2196 ammo,
821 2113 843 2182 ὦ
868 2121 993 2182 Μοῦσαι
1015 2113 1129 2200 place!
1165 2117 1319 2184 libanius
1341 2137 1404 2184 non

213 2241 487 2327 estccripcoribus
510 2239 627 2304 Atticis
648 2239 755 2325 magis
782 2236 899 2302 similis
928 2257 1025 2323 quem
1052 2236 1241 2323 Apollonius
1262 2238 1406 2304 Rhodius

212 2359 365 2428 Homero.
412 2359 518 2426 Simul
549 2358 756 2445 ostendique
780 2359 894 2424 iudicii
924 2380 1026 2426 errore
1048 2359 1147 2424 multi
1175 2359 1406 2426 Alexandrinos

212 2487 321 2567 poetae
343 2482 493 2546 laudibus
515 2479 716 2546 celebrarent.
764 2478 895 2545 Ostendi
924 2500 1021 2566 quam
1050 2480 1134 2546 nihil
1156 2489 1238 2548 esset
1266 2483 1406 2548 tribuen-

213 2602 292 2668 dum
314 2606 347 2667 et
367 2602 559 2668 credendum
581 2601 648 2667 illis
668 2599 859 2668 Graecitatis
881 2605 1061 2690 magistris,
1087 2604 1142 2687 qui
1160 2624 1314 2691 magnam
1337 2623 1405 2668 era·

213 2724 344 2790 ditionis
366 2725 504 2809 speciem
526 2744 599 2809 prae
621 2744 655 2789 se
677 2723 812 2788 ferentes
840 2725 874 2788 in
904 2740 1022 2789 errores
1044 2720 1200 2826 plurimos
1230 2728 1263 2789 et
1284 2726 1405 2812 gravis

214 2848 312 2913 simos
334 2867 408 2932 prae
430 2847 558 2911 inscitia
580 2865 646 2911 sese
668 2844 858 2909 induebant:
883 2846 940 2929 qui
962 2847 1043 2909 serio
1065 2848 1098 2909 et
1125 2846 1266 2934 graviter
1287 2845 1405 2911 dabant

213 2972 381 3050 περισΙΓῖιν
404 2988 460 3054 pro
480 2969 654 3048 περισΠᾶν,
679 2970 712 3031 et
730 2965 888 3047 alMtbxe:
914 2964 1081 3042 aiassae,
1102 2985 1159 3053 pro
1177 2966 1344 3048 λέΛΑφας
1365 2987 1405 3031 ex

212 3089 435 3177 Aristophanis
456 3087 630 3154 versiculo:

394 3213 429 3276 cl
454 3211 479 3275 δ’
504 3203 587 3288 αἷμα
610 3207 761 3291 λέλαφας
784 3207 913 3286 τούμόν,
936 3205 1017 3287 ὦναξ
1040 3208 1189 3276 δέσποτα.

259 3331 373 3399 Palam
395 3332 456 3398 feci
477 3329 638 3416 pudendas
661 3335 693 3396 et
721 3329 923 3396 incredibiles
945 3330 1209 3397 hallucinationes
1231 3331 1403 3420 Hesychii,

213 3455 386 3532 Moeridis,
411 3452 687 3538 Harpocrationis,
711 3450 872 3530 Pollucis,
904 3451 1100 3540 Phrynichi,
1132 3452 1242 3522 Photii
1273 3459 1305 3519 et
1328 3451 1404 3520 alio·

214 3599 286 3644 rum
302 3579 336 3658 ¹).
383 3573 500 3642 Multis
522 3571 676 3658 exemplis
704 3572 845 3638 indicavi
873 3573 1024 3638 vitiosam
1054 3569 1285 3640 Graeculorum
1316 3573 1404 3650 συνή-

218 3771 222 3779 ι

217 3787 415 3803 ’.ο-

251 3930 275 3988 i)
293 3923 474 3974 Eruditinsimns
491 3921 599 3971 omnium
616 3919 752 3969 Athenaeus
773 3919 798 3967 in
815 3933 886 3984 qnam
905 3918 1027 3985 pudendos
1049 3932 1140 3969 errores
1156 3934 1181 3968 se
1198 3919 1302 3970 induerit
1319 3925 1403 3972 notum

214 4028 256 4075 est.
292 4025 323 4073 ln
340 4022 431 4087 Ephori
447 4021 533 4070 Codice
547 4034 590 4085 pro
609 4010 786 4068 CICTQOC
803 4015 861 4064 alias
877 4031 915 4066 τω
930 4033 1001 4082 egens
1017 4017 1076 4083 legit
1095 4011 1259 4068 CKTG’OC
1277 4035 1300 4083 p.
1312 4019 1360 4069 500
1375 4020 1402 4071 C.

213 4115 237 4159 et
251 4111 345 4176 ineptus
361 4109 460 4158 credidit
474 4108 626 4175 Dercylidsm
637 4111 734 4172 propter
750 4109 867 4154 caedam
886 4107 908 4152 et
920 4107 1029 4156 callidam
1046 4108 1164 4172 ispaniam
1180 4120 1301 4158 rocuauu
1318 4125 1404 4174 cogno-

213 4195 331 4244 minatum
348 4193 425 4242 fnisse.
462 4192 528 4241 ldcnr
542 4207 565 4256 p.
584 4191 632 4246 751
649 4203 675 4239 n.
692 4187 719 4238 in
735 4187 859 4252 Eupolidis
873 4190 1002 4239 versiculos

465 4277 494 4322 'ct
511 4275 563 4341 γάρ
579 4273 615 4330 se·
632 4271 748 4334 lacteae,
767 4269 952 4336 dascHATpp’
967 4269 1120 4328 ἀλόπεκος.

213 4357 286 4408 stuba
302 4357 361 4423 legit
378 4353 587 4418 dotcTPAI'qp'
613 4354 753 4411 ἀλὼπεκος
775 4359 799 4404 et
823 4355 880 4420 quid
905 4361 965 4406 esset
986 4354 1169 4422 ἀποτράγημα
1192 4355 1221 4404 dc
1243 4356 1320 4406 nihilo
1341 4372 1404 4406 com·

213 4445 307 4491 meruius
323 4445 366 4491 eet.
393 4441 458 4490 ldcm
477 4455 500 4505 p.
519 4441 567 4489 396
585 4453 608 4488 Β.
626 4440 699 4504 pisces
716 4439 919 4503 raedemptor
935 4453 1075 4488 enumerans
1090 4437 1119 4485 lv
1137 4439 1175 4504 τῷ
1193 4438 1218 4484 Τ
1233 4441 1312 4504 posuit
1330 4438 1405 4487 Tun-
