3204 4978
814 371 982 446 830'

250 577 325 638 svvot
348 570 457 656 pueris
478 578 573 649 nota,
598 579 632 636 at
651 577 728 637 sunt
749 568 810 636 alia
833 589 895 636 noo
917 570 1025 636 minus
1046 574 1155 646 certa,
1178 587 1262 654 quae
1275 570 1444 638 Atticietas

250 675 381 764 quidem
414 697 526 744 ornnes
559 675 713 762 sugerunt
741 685 776 742 et
805 675 1042 742 Grammaticos
1065 675 1211 739 omnium
1238 686 1442 762 temporum,

250 801 268 848 e
289 801 427 868 quorum
449 773 584 848 numero
602 793 652 848 est
673 803 750 850 osus
768 782 855 848 verbi
872 783 968 847 unius
980 780 1124 846 omnium
1140 781 1299 846 notissimi
1319 785 1445 860 τύπτον,

252 887 285 951 iu
321 907 385 972 quo
416 887 636 972 cognoscendo
668 897 700 955 et
731 887 902 954 ediscendo
934 885 1179 952 innumerabilis
1210 887 1442 974 discipulorum

250 991 426 1060 multitudo
459 992 533 1058 inde
565 993 605 1058 ab
635 995 779 1081 antiquis
809 992 1008 1080 temporibus
1034 993 1220 1058 tirocinium
1250 991 1343 1073 iecit,
1369 1013 1442 1060 nam

251 1099 307 1184 qui
338 1098 412 1165 olim
445 1099 511 1181 περὶ
542 1101 671 1174 κλίσεως
701 1097 855 1179 ὀνομάτων
885 1099 937 1165 καὶ
958 1097 1103 1181 ρνμύτον
1126 1097 1351 1184 scriptitabant
1374 1117 1444 1164 om·

253 1223 309 1271 nes
333 1205 364 1268 in
392 1204 556 1293 berytoois
574 1205 632 1272 boe
652 1204 798 1291 exemplo
811 1205 986 1271 utebantur
1006 1215 1038 1271 et
1051 1199 1443 1291 discipulosexercebaut.

250 1307 334 1376 unm
364 1319 438 1377 nata
468 1319 546 1380 svvot
578 1319 722 1378 monstra
751 1319 784 1376 et
809 1319 955 1397 portenta
981 1310 1159 1376 formarum
1183 1317 1289 1387 τντῶ,
1312 1309 1444 1389 trueco,

251 1414 426 1496 ἓτντύμνρν,
447 1417 590 1496 νέοντο,
613 1416 790 1493 ἐτετύτενν,
814 1415 993 1496 τοττέτον,
1016 1416 1228 1496 sandarico,
1254 1417 1334 1496 adia,
1362 1433 1445 1504 quae

251 1532 284 1596 in
312 1521 565 1609 magistellovum
589 1523 732 1590 cerebris
757 1529 841 1620 nata}¹
855 1531 950 1601 sunt,
977 1523 1009 1588 io
1033 1523 1228 1590 Graecorum
1255 1521 1346 1588 tibris
1367 1541 1445 1588 noe·

249 1645 348 1714 quarn
374 1628 543 1715 legentum
565 1639 599 1696 at
624 1629 776 1716 teguntur
800 1637 833 1694 et
857 1629 1061 1715 erptioaotuv·
1083 1629 1169 1714 apud
1195 1628 1390 1700 Toeooosvurr
1411 1629 1446 1694 in

253 1735 387 1800 Brevem
420 1735 535 1802 Aoecd.
561 1734 600 1801 li.
635 1757 666 1821 p.
694 1739 779 1804 1008
812 1754 881 1820 sqq.
911 1743 944 1800 et
968 1734 1046 1799 alios
1071 1734 1200 1801 multos.
1248 1735 1288 1800 Et
1311 1735 1352 1800 de
1376 1735 1449 1801 istis

252 1841 380 1926 quidem
414 1840 522 1911 diacre
554 1840 634 1907 nibil
666 1842 800 1908 attinet:
832 1839 937 1909 dicam
971 1839 1011 1906 de
1043 1838 1155 1907 formis
1185 1839 1448 1918 semimortuo,

251 1947 371 2036 quibus
403 1957 495 2018 vetus
526 1948 636 2034 tingue
671 1957 838 2026 uteretur,
870 1945 1007 2032 aliisque
1032 1965 1093 2012 usu
1117 1947 1262 2015 omnium
1288 1965 1361 2012 eum
1386 1944 1450 2012 boc

254 2051 351 2120 verbo
376 2054 576 2132 coniunctis,
601 2063 637 2121 ut
652 2049 727 2136 da,
752 2049 834 2132 εύμν,
857 2049 946 2127 ἦούον
969 2072 1044 2124 curo
1068 2051 1218 2134 ύρχνμνινο
1242 2052 1317 2133 epo,
1340 2047 1447 2128 εἶτον,

254 2157 359 2241 εἵρνκνν
396 2179 471 2224 curn
502 2161 712 2242 οὶτοιρορεύιν,
746 2157 975 2240 προσαγορεύω,
1010 2159 1210 2244 caeterisque
1239 2158 1448 2244 europusivts,

256 2264 383 2350 aliaque
414 2285 497 2351 quae
522 2267 687 2351 sequioves
710 2265 858 2336 Graeeuti
884 2283 946 2330 noo
971 2263 1282 2332 ooivoadverteruot.
1328 2263 1449 2330 Τύττω

252 2368 414 2458 duplicem
440 2370 534 2438 hebet
554 2369 761 2457 significandi
794 2379 1003 2456 potestatem,
1029 2390 1110 2456 quae
1133 2371 1181 2436 sic
1203 2366 1325 2456 optime
1349 2389 1450 2458 appa-

255 2476 337 2543 rebit
369 2477 395 2542 si
427 2476 648 2544 observaveris
673 2477 704 2542 id
729 2475 813 2562 quod
839 2476 965 2542 dicam:
1000 2475 1133 2543 verbum
1160 2475 1218 2542 boo
1245 2476 1276 2540 iu
1300 2474 1448 2562 populari

254 2601 402 2649 sermone
435 2603 548 2652 nomeu
581 2603 621 2652 ex
653 2603 687 2650 sc
719 2591 831 2648 natum
864 2601 925 2648 non
950 2579 1063 2656 habet,
1097 2579 1152 2652 sed
1173 2579 1447 2668 quemadmodum

255 2686 352 2755 verbo
383 2688 460 2754 Ξένον
492 2697 524 2758 et
552 2691 739 2776 conopoeitis
770 2687 942 2775 respondet
975 2705 1090 2754 nomen
1113 2685 1179 2762 aab
1206 2685 1258 2775 (ut
1284 2687 1348 2753 ὁδὸν
1370 2687 1448 2754 itum

254 2793 364 2864 eodem
400 2795 494 2862 nvodo
524 2794 653 2861 dicatur
683 2805 782 2882 atque
803 2795 887 2862 νότον
911 2793 1035 2880 νοσεῖν),
1066 2794 1112 2861 sic
1144 2792 1239 2858 verbo
1261 2795 1392 2861 τύπτειν
1415 2803 1449 2860 et

252 2899 426 2970 rimandae
451 2900 624 2986 respondet
649 2921 762 2967 nomen
788 2903 909 2980 rnnyvt.
949 2901 1068 2967 Τύττο
1087 2900 1190 2984 igitur
1208 2899 1372 2986 siguificat
1388 2909 1450 2970 aut

254 3010 379 3086 πληγὲν
410 3006 518 3086 δίδωμι
541 3016 595 3074 aut
623 3007 753 3086 πληγὰς
778 3005 886 3086 δίδωμι
910 3005 974 3095 (vei
998 3005 1152 3085 ἐμβάλλον
1180 3003 1227 3072 vel
1253 3006 1373 3073 ἐντεύνω
1397 3006 1448 3074 vol

252 3113 398 3197 turpido,
427 3133 510 3198 quae
539 3114 647 3182 omnia
671 3111 755 3199 apud
788 3133 899 3180 omnes
923 3113 955 3178 io
983 3132 1042 3178 vvsvv
1066 3113 1168 3196 sont).
1218 3111 1284 3178 Hoc
1307 3121 1357 3178 est
1380 3133 1448 3179 oce-

252 3219 346 3296 dere,
371 3217 549 3296 cubavere,
574 3240 602 3286 v.
628 3241 657 3288 c.
684 3239 821 3305 pueruvu
849 3237 986 3306 nequam
1012 3216 1061 3283 vel
1081 3216 1251 3284 indocilem
1274 3237 1373 3290 uvavvu
1390 3227 1448 3285 aut

253 3323 358 3402 iuste,
384 3321 461 3390 iilud
486 3325 604 3412 scrire,
629 3325 743 3392 ocinus
766 3327 929 3412 inflipcre.
965 3323 1087 3408 gtadvo,
1118 3325 1257 3410 pugione
1288 3324 1337 3391 vel
1370 3344 1448 3412 quo-

252 3449 392 3518 cumque
424 3429 486 3498 telo
518 3431 685 3512 cominus,
720 3441 756 3498 ut
787 3434 899 3512 τονρύ
930 3422 966 3497 et'
993 3436 1120 3514 τραῦμα
1150 3431 1191 3495 sit
1223 3431 1315 3518 piane
1347 3431 1446 3499 idem.

251 3536 364 3625 itaque
398 3536 521 3606 laborat
554 3537 644 3612 iocus
678 3539 826 3606 Pmronvs
857 3539 895 3606 de
926 3537 1064 3624 Lepidos
1096 3537 1152 3605 IX.
1187 3557 1217 3623 p.
1251 3542 1327 3604 877.
1360 3559 1385 3602 n
1420 3539 1447 3604 st

251 3645 452 3722 ἐτελεύτησεν
483 3645 517 3712 ε’νε
547 3653 603 3720 τῆς
634 3651 759 3724 πληγῆς
791 3649 845 3713 τοῦ
869 3646 1068 3728 specimen-cp,
1104 3645 1157 3712 ubi
1180 3649 1237 3710 τοῦ
1261 3643 1446 3726 τρούριοοτοε

250 3750 500 3838 expungendum
526 3759 584 3818 est.
611 3749 751 3837 Utroque
775 3750 1232 3830 consummaremur
1255 3751 1448 3838 saepissime

252 3855 406 3944 teguntur
434 3855 521 3944 apud
554 3857 728 3943 scriptores
762 3877 873 3926 omnes
904 3858 1079 3928 cuivvsttbet
1107 3857 1223 3925 aetatis
1246 3863 1280 3923 et
1303 3857 1446 3944 patriae:

251 3964 359 4032 τύπω
393 3983 486 4050 saepe
512 3971 564 4034 est
590 3965 717 4044 τοννὶνν
747 3965 876 4045 iteum,
909 3975 942 4032 at
974 3965 1067 4051 longe
1089 3962 1292 4051 frequentius
1316 3963 1448 4043 πληγὰς

253 4069 424 4152 spedoteno:
456 4079 567 4137 contra
598 4069 760 4150 τύττομνο
790 4069 858 4138 iere
885 4091 1012 4157 semper
1035 4078 1085 4138 est
1108 4071 1239 4150 τλνγύε
1268 4069 1448 4160 λαμβάνον,

251 4177 376 4264 vopulo.
424 4178 609 4244 Promissus
641 4175 798 4243 dicuntur
829 4176 954 4254 τύττω,
986 4177 1086 4257 ncta,
1115 4176 1245 4257 πληγὰς
1269 4173 1447 4256 ἐμβάλλον,

253 4293 285 4350 et
318 4283 500 4365 τύπτομαι,
532 4283 689 4363 noviorem,
725 4283 856 4364 τλνρύις
891 4283 1072 4364 λομβύνο,
1111 4303 1194 4372 quae
1228 4301 1341 4350 omnes
1370 4289 1449 4349 sunt

192 4473 194 4476 Ι
254 4387 429 4474 vuasonem
452 4397 484 4460 et
509 4388 682 4462 variandae
706 4389 861 4459 orationis
881 4397 979 4458 causa
999 4389 1160 4460 aitevnaot
1181 4399 1214 4458 ot
1235 4389 1366 4458 intense
1380 4407 1449 4476 pev-

254 4505 435 4566 mutantur.
