3150 4972
772 325 842 400 128

206 531 237 589 ct
261 520 445 612 apographa
478 522 680 605 κεχριεμύναι
706 521 841 599 babent,
867 521 914 587 sic
939 520 1134 588 Xeroraorrr
1157 527 1190 588 et
1214 519 1286 588 aliis
1310 524 1400 584 rete·
1557 391 1567 584 ύ

207 650 301 708 rum,
336 629 389 694 ubi
413 627 580 709 κε’χρισμαι
609 629 783 705 scribitur,
809 628 895 694 labes
919 627 1070 714 adspersa
1095 637 1184 694 esta
1211 623 1398 700 Graeculis,
1564 622 1567 633 '

206 744 239 801 et
269 743 374 816 χρῖμα
406 735 438 799 iu
472 733 632 820 Symporii
654 734 723 800 locu
746 744 778 802 ct
802 735 878 801 aiibi
903 732 1145 820 reponendum,
1169 733 1254 820 quod
1279 734 1396 798 iterum
1421 809 1423 814 Δ

206 839 329 906 salvum
353 840 432 905 abiit
456 841 542 927 apud
569 841 764 908 Porcoxmurr
788 842 942 908 Aramum
968 839 1023 905 lx.
1050 859 1080 926 p.
1106 842 1171 906 409
1195 836 1344 923 χρύμοιτύ
1367 841 1398 904 τ’

206 947 436 1027 ἀμβροσίοδμα.
484 947 653 1014 Caeterum
688 947 864 1013 discrimen
901 947 985 1010 iuter
1019 948 1179 1027 κεχοῑσύαι
1212 955 1244 1011 et
1276 950 1398 1027 ιιεχρεῑ·
1450 965 1453 968 ·

207 1056 295 1130 σύαι,
321 1051 406 1140 quod
430 1053 623 1119 Pourmcaus
643 1052 927 1120 commemoratio
950 1053 1082 1117 Brrrcm
1103 1051 1218 1118 Aoccd.
1237 1050 1263 1116 Ι.
1284 1072 1313 1138 p.
1335 1053 1397 1126 46,

207 1159 470 1225 commenticium
495 1166 554 1224 cst.
603 1159 706 1224 Unum
733 1168 829 1245 atquc
851 1157 933 1223 iriam
960 1158 1092 1229 verbum
1116 1167 1165 1226 ost
1181 1164 1214 1224 ct
1235 1158 1396 1242 scriptura

207 1265 372 1346 κε’χρειμαι
392 1272 424 1330 ei
443 1267 638 1346 κεχρεῖσύαι,
666 1273 700 1330 ut
719 1265 850 1347 χρεύειν,
877 1273 911 1330 ut
929 1265 1109 1343 μοιλιοεύειν,
1133 1273 1169 1329 ut
1188 1263 1317 1348 βεινεῖν,
1341 1261 1396 1328 rei·

207 1377 298 1454 φειν,
323 1370 453 1447 statur,
479 1371 541 1436 aba
562 1380 730 1444 sexcenta,
755 1370 891 1437 debetur
912 1370 970 1447 iis,
994 1371 1049 1457 qui
1062 1367 1396 1456 constanterrprodu·

208 1486 296 1544 ctum
328 1479 370 1543 ita
403 1477 598 1543 scribebant.
646 1475 738 1562 Apud
770 1477 924 1542 Lucrmuu
958 1496 1085 1563 quoque
1116 1481 1175 1551 70.
1207 1481 1238 1542 2.
1270 1473 1396 1558 ἀσβόλῳ

207 1583 405 1666 κεχρισμένον
437 1584 471 1648 τὸ
503 1581 662 1665 τρύσοτον
691 1582 731 1649 ad
763 1593 909 1649 veterum
944 1601 1038 1648 usum
1071 1579 1295 1667 refingeodurn
1328 1599 1398 1646 esso

208 1710 331 1757 censeo.

255 1796 390 1860 Prorsus
410 1794 520 1862 eodem
542 1795 655 1873 modo,
676 1815 739 1882 quo
757 1795 788 1860 iu
803 1793 1124 1877 circumscribimus,
1148 1793 1296 1862 Graeculi
1309 1811 1397 1879 gras·

209 1910 324 1968 santur
355 1903 387 1966 in
420 1899 590 1979 κεκύνιμαι.
640 1901 678 1968 Ut
702 1903 778 1983 χρύιι
802 1903 849 1968 sic
872 1902 957 1968 κονΙο·
982 1900 1160 1988 penultima
1183 1900 1276 1986 longa
1305 1902 1399 1966 unice

208 2027 282 2073 vera
307 2019 338 2072 ct
364 2009 460 2092 proba
489 2007 590 2073 {orma
613 2017 683 2085 est,
710 2007 991 2087 undenariorum,
1016 2006 1164 2084 κεκόνιτο,
1189 2005 1398 2084 κεκονιμένος,

208 2112 367 2200 quidquid
398 2113 522 2180 scribae
553 2112 750 2192 moliuntur,
787 2114 851 2180 scia
881 2114 1116 2191 Graccosunt,
1142 2111 1398 2190 elucubrabat,

209 2218 359 2297 κεκύνιςο,
391 2220 599 2300 κεκονισμένος
630 2240 667 2286 ex
696 2203 859 2286 veteribus
884 2219 1014 2306 quidem
1039 2229 1072 2286 et
1095 2219 1239 2307 probatis
1264 2219 1398 2306 scripto·

208 2327 300 2392 ribus
327 2325 467 2412 undiquc
489 2334 565 2392 suut
589 2325 689 2392 iurcis
706 2325 903 2413 expolienda.
931 2325 969 2392 Ut
990 2325 1147 2408 κέχρημαι
1168 2327 1214 2392 sic
1232 2323 1398 2402 κεκύνκμοιι

210 2434 241 2498 in
265 2431 354 2497 libris
375 2434 517 2498 servarit
538 2434 627 2498 iutus
649 2434 761 2499 bonam
776 2433 923 2498 sormam.
949 2431 1059 2514 Κονύζοι
1073 2431 1231 2506 oibiiest.
1256 2429 1399 2496 abram·

208 2539 338 2604 maricis
371 2537 481 2605 fictum
516 2549 553 2604 ut
576 2539 690 2622 ιὶιιίζιι,
714 2539 878 2622 αμφιέζο,
903 2539 1057 2618 σκλαίνοι,
1080 2538 1169 2619 χύο,
1194 2535 1325 2619 ιὀχύζοι,
1347 2534 1400 2602 αἲ-

207 2647 336 2724 σύομαι,
371 2645 435 2711 aaa
468 2645 538 2733 (pro
561 2648 634 2725 αἱιῶ
658 2665 696 2711 ex
719 2645 890 2723 ύιιίσκομαι
916 2646 1112 2732 repetitum,
1138 2644 1296 2710 Gaurum.
1323 2643 1399 2707 Bm-

207 2773 277 2818 ttcm
302 2751 418 2819 Aoecd.
443 2751 468 2818 Ι.
495 2773 526 2838 p.
560 2753 653 2840 123),
676 2752 832 2828 ύνύησσύ,
856 2753 981 2832 ύριχνῶ,
1006 2751 1164 2828 τννύούνοι,
1185 2751 1308 2832 προειδῶ
1328 2747 1399 2814 ἀντὶ

207 2861 260 2924 τοῦ
285 2865 409 2939 τρονοιῖι,
434 2860 578 2940 aperito,
604 2859 735 2940 σφήιιο,
758 2857 836 2923 hacc
859 2859 966 2923 omnia
988 2866 1114 2944 praeter
1135 2865 1274 2944 quatuor
1295 2854 1398 2940 prima

209 2965 293 3032 idem
317 2965 456 3030 Burrum
477 2965 719 3031 Grammaticus
738 2964 819 3030 boua
845 2963 905 3030 fide
927 2984 984 3050 pro
1008 2965 1134 3030 Graccis
1150 2961 1255 3029 affert.
1281 2961 1400 3027 Braur-

209 3093 264 3138 uos
289 3072 358 3158 ipse
382 3071 414 3134 iu
441 3071 594 3136 isocmrrs
616 3069 742 3137 Nicocic
762 3075 779 3157 §
803 3078 821 3137 ὅ
844 3091 902 3158 pro
922 3071 1117 3136 αἰσθάνονται
1137 3068 1217 3134 alias
1237 3084 1400 3151 resagcos

209 3197 245 3242 ex
270 3176 380 3242 codice
405 3176 432 3242 G
458 3178 579 3263 recepit
599 3177 766 3243 αἵσύοιτοιι.
794 3176 945 3244 Eiusdem
970 3175 1093 3243 farinae
1116 3184 1165 3242 est
1191 3173 1399 3252 διαβύιομοιι,

209 3281 292 3367 quoii
319 3281 454 3347 nimium
479 3281 637 3368 patienter
662 3283 769 3350 icrunt
796 3286 827 3348 io
855 3283 1015 3348 Hccoooro
1039 3282 1077 3350 ΙΙ.
1102 3285 1163 3355 96,
1186 3281 1222 3347 τὸ
1250 3277 1401 3355 πηδάλιον

208 3388 258 3454 bb
282 3397 338 3465 τῆς
362 3388 480 3470 τούτιος
504 3387 686 3468 διαβύνεται
711 3409 769 3475 pro
788 3388 1006 3468 διαβννέετοοι,
1033 3408 1171 3475 namque
1191 3387 1224 3452 iu
1248 3405 1308 3453 usu
1328 3391 1401 3451 erat

208 3494 306 3573 βονῶ,
325 3494 430 3575 βύσα,
455 3495 574 3574 ἔβυσα,
598 3495 784 3575 βέβνσμαι,
811 3493 895 3559 uncte
908 3494 1004 3577 βύζην
1020 3496 1091 3582 (pro
1102 3493 1246 3579 βύσδινν),
1261 3499 1297 3556 ub
1309 3497 1399 3568 κοννῶ,

207 3601 309 3681 κύσα,
335 3599 442 3668 ἔκοσα.
491 3601 740 3687 Lexicograpbis
764 3599 924 3667 delrcutor
948 3599 1070 3668 formae
1092 3598 1307 3681 αναδύζομαι,
1333 3597 1400 3662 δια-

207 3707 341 3790 δύζομαι
365 3706 462 3773 simil.
487 3728 544 3794 pro
568 3707 686 3794 quibus
714 3707 823 3773 Gracci
845 3707 1054 3787 οὶναδαύομοοι,
1081 3715 1143 3773 cet.
1167 3703 1337 3781 dicebant,
1364 3710 1402 3768 ub

209 3815 240 3878 iu
267 3813 404 3880 Oraculo
428 3814 512 3900 apud
538 3799 652 3882 Horou.
679 3814 733 3880 IV.
762 3817 843 3880 159:

344 3915 374 3992 ὃς
399 3919 430 3985 δι’
455 3944 506 3984 κεν
530 3921 560 3994 ἒς
584 3921 706 4001 Λιβύαν
729 3923 919 4002 τολούρατον
944 3915 1046 3999 ύτερον
1069 3917 1139 4003 tra„

343 4028 407 4105 χοῖς
430 4025 655 4104 ἀναδαιομένας
683 4025 768 4106 μετού
791 4025 821 4092 οἵ
839 4025 921 4092 τοιού
944 4032 1032 4109 Φαμι
1061 4026 1218 4104 μελήσειν.

210 4131 263 4196 ιιΙιί
295 4133 421 4218 corrige
450 4131 577 4210 Λιβύαν
601 4143 631 4198 et
656 4143 822 4212 μελνσεῖν,
849 4151 987 4218 namque
1009 4131 1147 4212 δορίσδεν
1170 4127 1328 4207 τοτέοικε,
1352 4127 1402 4194 δο-

207 4245 265 4314 κῶ,
298 4247 361 4311 τοῖς
387 4240 562 4321 Δοριέεσσι.
612 4238 728 4304 iisdem
754 4239 922 4315 ύνατλιὶύοι
946 4247 1115 4324 accepturu
1143 4234 1315 4302 referimus
1341 4251 1403 4319 pro

207 4346 434 4424 οὶνατίμτιικμι
459 4353 491 4410 et
509 4344 573 4410 abia
594 4365 610 4410 e
633 4343 738 4411 fallaci
758 4345 903 4431 analogia
924 4353 1035 4410 contra
1057 4362 1151 4408 usum
1166 4339 1296 4409 dicendi
1310 4337 1401 4418 bota,

208 4452 241 4517 io
265 4469 330 4538 qua
355 4470 389 4518 re
413 4451 600 4539 saepissime
629 4451 739 4518 Gracci
761 4450 926 4539 sequiores
951 4451 1148 4539 impingunt.
1178 4447 1404 4532 borraciani,
