3150 4972
765 343 836 419 lou

204 541 355 629 ἀνέφελος
390 552 423 610 ct
457 540 552 618 aiibi,
586 540 634 608 sic
665 541 697 608 iu
731 541 873 608 Nubibus
904 547 968 609 3⁴2
1001 541 1118 623 είξαοιν
1147 547 1173 613 δ’
1203 544 1252 613 οὖν
1279 545 1394 629 ίρίιιτιν

205 648 460 730 πεπταμίοοιοιν,
485 656 517 715 et
541 648 659 735 passion
685 647 769 735 apud
799 648 927 715 Atticos.
952 649 1063 737 ltaque
1088 654 1249 739 scriptura
1274 651 1394 718 codicis

203 767 232 824 λ
268 755 510 822 ἀναπεπέταται
545 753 660 820 leniter
697 753 902 840 rebngende.
939 764 974 822 ut
1004 759 1144 842 genuina
1173 758 1276 824 iorma
1302 766 1395 824 exeat

205 859 442 928 ἀναπέπταται.

252 967 286 1034 in
318 965 555 1052 icorcmccippc
583 969 601 1054 ς
637 970 676 1033 10
711 985 769 1052 pro
796 961 857 1044 ύπκ
888 968 1078 1051 τραπόμενος
1104 990 1214 1038 verum
1238 979 1288 1038 est
1311 965 1395 1045 ύποι,

205 1082 243 1141 ut
278 1074 310 1139 in
347 1083 403 1140 ποῖ
433 1071 624 1155 τράπομαι;
662 1082 718 1138 ποῖ
749 1071 920 1156 τίτροφαςς
952 1085 985 1141 at
1017 1076 1180 1144 similibus
1204 1086 1394 1166 perpetuum

204 1188 270 1255 est;
304 1187 349 1256 πῆ
372 1179 539 1261 τράπυμαι
565 1187 630 1244 tam
657 1178 806 1244 vitiosum
832 1187 881 1246 est
904 1199 941 1246 ac
965 1182 993 1246 si
1018 1181 1130 1249 Latine
1152 1182 1251 1250 velles
1274 1183 1394 1250 dicere:

205 1307 267 1374 quo
300 1301 351 1352 rue
384 1284 528 1351 vertant?
562 1285 595 1349 in
625 1287 643 1369 §
674 1288 714 1350 19
740 1304 796 1372 pro
819 1285 944 1361 πηλίκοι
966 1287 1155 1368 διεφαίνοντο
1180 1289 1260 1368 ίίνυι
1288 1288 1396 1376 requi·

206 1391 292 1458 ritur
313 1389 444 1468 ύνοιίεν,
469 1400 505 1458 ut
529 1393 561 1458 in
588 1391 607 1476 ς
636 1394 676 1456 18
700 1393 739 1465 ῶς
763 1391 835 1459 τίτε
859 1416 910 1471 μοι
934 1391 1045 1460 ύνυίεν
1069 1396 1226 1478 ἐφαίνετο.
1253 1397 1284 1462 in
1310 1399 1328 1481 ς
1353 1398 1397 1462 20

203 1497 304 1573 δίκτιν
327 1496 502 1575 ἀπένεμκαι
526 1500 598 1579 παρ’
623 1498 696 1576 ἐμοῦ
720 1499 762 1578 τῷ
788 1499 860 1575 Διΐ,
885 1498 1124 1567 subabsurdum
1150 1512 1198 1569 cst
1222 1503 1397 1582 ἀπένενκαι

204 1622 265 1690 pro
295 1601 461 1682 ἀπένεγκε.
512 1603 545 1670 iu
580 1607 598 1689 S
631 1606 673 1669 24
704 1603 892 1685 πανηγύρεις
924 1605 1076 1685 androco
1101 1606 1316 1676 mulcebitur
1340 1627 1398 1694 pro
1524 1667 1529 1672 .

207 1705 333 1788 cycnei.
363 1708 641 1793 Περικγμειλύμκν
673 1709 704 1774 iu
731 1713 749 1795 ς
781 1715 822 1776 35
849 1711 1034 1796 corrigatur
1056 1713 1088 1779 in
1113 1716 1397 1796 περιαγγείλαμεν,

206 1814 344 1902 benique
369 1819 388 1902 ς
414 1820 455 1882 34
481 1815 614 1883 emenda
638 1816 706 1898 περὶ
730 1815 761 1882 δὲ
785 1816 951 1884 Μενίππου
975 1817 1051 1885 τάδε
1070 1819 1166 1898 δοκεῖ,
1191 1819 1397 1907 provulgata

205 1926 312 1989 ταῦτα
335 1923 426 1990 δοκεῖ.

251 2029 288 2095 In
313 2026 444 2114 Dialogo
469 2033 510 2094 ii
535 2028 554 2113 ς
590 2035 602 2094 l
631 2028 846 2111 ἐκκεκώφηται
869 2028 961 2095 cedat
984 2047 1078 2096 vcrac
1101 2030 1283 2117 scripturae
1307 2032 1394 2098 ἐκκε-

206 2133 354 2217 cuperet
375 2139 407 2200 et
433 2135 466 2199 in
491 2134 553 2200 bne
577 2131 687 2208 ἕκατίς
711 2160 740 2201 τι
763 2134 976 2213 ξυντελούντει
1002 2155 1060 2223 pro
1081 2133 1186 2205 ἕκαςοι
1207 2144 1393 2222 περιτοναίου.

206 2241 225 2326 5
253 2247 272 2307 u
303 2239 387 2308 ἔπιεν
418 2239 520 2316 ἀίλιος
553 2246 606 2307 τοῦ
629 2241 770 2320 κωνείου,
803 2243 950 2328 scripsit,
987 2240 1099 2317 credo,
1123 2240 1207 2328 quob
1231 2241 1315 2330 apud
1341 2262 1393 2308 ve·

207 2356 292 2415 teres
328 2354 513 2414 constanter
548 2347 723 2424 scribitur,
758 2349 793 2414 τὸ
828 2349 955 2414 κύνειον.
1004 2347 1038 2413 tn
1076 2349 1094 2432 §
1135 2353 1170 2412 tl
1206 2348 1395 2429 ἀπέρχονται

204 2452 448 2535 λοιδορησάμενοι
481 2455 630 2530 ἀλλήλοις
665 2457 690 2520 ci
724 2455 834 2519 πολλοί
871 2454 922 2519 τδν
957 2454 1067 2535 ἱδρῶτα
1100 2454 1134 2519 ἐκ
1163 2459 1216 2520 τοῦ
1253 2455 1396 2534 μετῶπου

205 2559 337 2642 ἀγκύλῳ
364 2563 406 2642 τῷ
437 2559 581 2642 δακτύλῳ
605 2557 805 2639 ύποξυίμενοι
828 2563 880 2626 καί
905 2556 990 2634 ούτοτ
1014 2567 1136 2641 κρατεῖν
1161 2557 1278 2644 ἔδοξεν,
1304 2553 1335 2633 δε
1358 2559 1397 2627 ἀν

204 2666 499 2751 μεγαλοφωνίτερος
523 2668 624 2733 αύτῶν
645 2663 664 2748 ᾖ
689 2666 742 2731 καί
767 2666 945 2747 θρασύτερος
970 2667 1022 2732 καί
1048 2667 1249 2745 διαλυομένων
1275 2667 1396 2751 ἀπέλύῳ

205 2765 321 2853 ύτιρος.
371 2772 449 2853 Quis
481 2769 666 2837 abnronitus
698 2791 759 2836 uon
792 2769 899 2837 videat
924 2773 1046 2858 requiri
1070 2772 1394 2856 μεγαλοφωνότατος,

205 2877 393 2958 θρασύτατοι
419 2885 450 2943 et
474 2874 608 2953 ύεατοιί
634 2875 944 2966 Tncbpgraphornnt
967 2878 1167 2964 compendiis
1188 2877 1307 2944 iactum
1331 2886 1396 2955 est,

206 2991 242 3049 ut
266 3002 322 3050 eae
347 2981 468 3049 iormae
493 3003 588 3071 caepe
612 2985 697 3049 inter
721 3002 754 3048 se
782 2990 1065 3070 pernotarentur3
1091 2982 1204 3050 deinde
1235 2983 1313 3070 quit
1347 2991 1398 3050 cst

205 3088 335 3171 ἀγκύλῳ
367 3089 409 3171 τῷ
441 3089 584 3170 δακτύλῳ
615 3089 816 3169 ἀποξυίμενοι
852 3089 904 3155 τδν
928 3089 1058 3171 ίδρῶταί
1084 3089 1166 3172 ῶκρῳ
1187 3093 1229 3173 τῷ
1253 3091 1396 3174 δακτύλῳ

206 3195 239 3259 in
265 3198 283 3279 §
310 3193 432 3280 aquid
458 3195 500 3259 sit
526 3201 635 3261 notum
660 3204 728 3273 est,
750 3195 846 3262 citius
871 3195 918 3260 rei
939 3197 1139 3262 contrarium
1161 3194 1227 3262 iere
1248 3195 1396 3262 hocloco

205 3299 395 3385 requiritur.
445 3301 508 3366 but
538 3321 597 3387 ego
629 3301 723 3368 iaticr
754 3311 810 3367 aut
843 3301 992 3367 Lucrinus
1025 3302 1156 3389 scripsit
1178 3305 1296 3383 ἀγκῶνι
1318 3305 1395 3369 ἀπο

202 3403 359 3500 ξυίμευοι,
390 3405 506 3473 cernue
538 3417 706 3495 postquam
737 3409 853 3486 ἀγκῶνι
879 3407 911 3472 in
935 3405 1067 3490 ἀγκύλῳ
1090 3405 1302 3494 depravatum
1323 3417 1394 3486 cst,

202 3514 245 3595 τῶ
268 3511 410 3596 δακτύλῳ
436 3511 634 3600 adscriptum
659 3522 709 3581 est
730 3534 748 3580 u
772 3513 881 3580 nescio
905 3533 987 3600 quo,
1014 3522 1051 3580 ut
1073 3512 1181 3600 aliqua
1207 3515 1238 3580 in
1264 3515 1303 3580 iis
1325 3534 1394 3581 sen·

204 3618 306 3685 tentia
330 3619 436 3685 inesse
461 3618 634 3686 videretur.
685 3618 911 3705 Pernuigatunt
933 3629 981 3685 est
1007 3619 1065 3686 hoc
1085 3618 1177 3685 modo
1197 3629 1396 3686 correctores

202 3725 345 3810 grassari
379 3726 410 3790 in
442 3725 523 3792 iocis
555 3723 669 3792 ieviter
703 3727 877 3812 corruptis.
926 3725 1035 3812 ipsum
1061 3727 1177 3792 vitium
1200 3746 1305 3812 nequo
1327 3725 1395 3792 ani·

204 3828 412 3896 nrndrertunt
444 3850 549 3916 neque
579 3831 765 3916 corrigunt:
791 3831 829 3898 sie
854 3851 913 3898 auo
936 3831 1125 3898 adscribunt
1148 3830 1286 3918 aiiquid,
1310 3830 1395 3918 quod

205 3935 310 4002 iocum
343 3935 540 4002 laborantem
575 3935 706 4002 fulciet:
740 3936 793 4003 ubi
823 3939 897 4024 quis
924 3937 1026 4024 ipsam
1054 3939 1122 4005 vitii
1148 3935 1255 4004 cedent
1280 3936 1395 4024 depre-

204 4039 353 4108 benticrit
386 4051 418 4107 et
451 4062 561 4108 verurn
593 4043 771 4128 repererit,
805 4044 889 4109 uitro
925 4042 1077 4110 excidunt
1110 4063 1191 4129 quac
1226 4062 1394 4132 perperam

204 4145 406 4233 adglutinata
436 4147 578 4214 inerunt.
627 4150 754 4234 (inpium
779 4149 999 4235 exemplorum
1025 4148 1122 4216 huius
1147 4151 1193 4215 rei
1217 4169 1292 4216 cunr
1317 4150 1396 4216 insi·

203 4254 260 4338 gni
292 4251 401 4319 fructu
422 4253 572 4338 colliget,
601 4255 657 4340 qni
684 4254 765 4321 rotet
790 4256 822 4320 in
850 4255 993 4322 bronrsro
1018 4254 1292 4322 Htcrcnnntsscusr
1317 4254 1395 4322 scri·

202 4366 314 4444 pturos
339 4357 469 4426 Codicis
499 4357 638 4426 Vaticani
660 4379 735 4427 cum
763 4360 901 4446 vulgatis
926 4358 1090 4439 conierrc,
1113 4369 1170 4428 aut
1193 4361 1225 4426 in
1251 4362 1395 4428 Isocnrrr

205 4464 364 4534 Urbincu'r
394 4465 520 4533 Codicis
552 4464 706 4534 lectiones
736 4486 809 4534 cunr
837 4468 895 4544 iis,
919 4485 1001 4567 quoq
1026 4468 1057 4532 in
1080 4467 1221 4536 caeteris
1240 4467 1395 4534 erunibus
