3178 4972
718 382 763 452 89

145 572 244 654 dum,
278 593 418 663 namque
450 573 641 658 ἐξαγορεύειν
674 575 757 644 idern
795 582 845 642 est
876 574 960 664 quod
994 576 1150 660 ἐκφέρειν,
1181 575 1335 666 atalpero,

141 680 249 766 palam
273 684 394 768 (name,
421 690 456 748 ut
480 684 659 749 innoteseat
681 681 846 755 coruinum
874 682 1051 768 requiritur
1076 682 1228 749 indicium
1251 689 1336 772 saca·

143 807 176 852 ra
199 787 270 852 viro
293 785 333 854 tle
356 789 467 855 uxoris
498 787 637 874 flagitio,
669 787 753 874 quoti
784 789 1005 870 καταγορεύειν
1029 787 1077 853 tel
1105 789 1228 867 μηνύειν
1252 788 1333 855 ‹lict-

144 904 206 958 tur.
255 893 378 960 Atticas
409 894 509 978 igitur
539 894 572 958 in
604 913 641 959 ea
674 911 710 959 re
735 901 883 960 κατεῖπον
919 894 1122 980 scripsisset,
1155 897 1336 964 Ἀετινιιεαύ

143 1017 257 1064 omnes
278 1008 432 1085 perpetuo
451 997 514 1065 labi
536 998 656 1074 solunt,
679 1018 816 1085 quorum
836 999 944 1066 nullus
963 1007 1028 1077 est,
1049 997 1134 1084 apud
1154 1019 1248 1085 quem
1271 1021 1334 1066 noo

143 1122 238 1189 saepe
265 1102 416 1190 legantur
438 1124 475 1171 ea
499 1106 626 1183 artinis,
652 1124 734 1190 qtrae
759 1105 799 1170 ab
823 1107 1029 1192 antiquorum
1054 1124 1132 1170 sana
1152 1113 1185 1171 ot
1206 1107 1333 1173 sincera

144 1208 255 1293 lingua
280 1209 384 1276 alieno
408 1230 477 1277 esse
500 1209 804 1276 demonstrauimus.
842 1211 1070 1297 Exemplorum
1093 1211 1259 1295 quamsit
1284 1212 1334 1276 iu-

142 1333 223 1398 gens
249 1316 362 1400 eopia,
388 1317 467 1381 salis
491 1315 612 1383 habebo
633 1335 732 1401 pauca
746 1315 902 1402 quaedam
916 1337 934 1382 e
947 1316 1079 1382 Luornno
1099 1315 1229 1382 allerre:
1252 1314 1332 1382 xil.

143 1423 195 1484 ll.
221 1415 253 1484 ὃν
277 1420 518 1501 ἀναβιβάσομαι
542 1420 804 1502 συναγορεύσοντά
829 1445 892 1498 σοι,
918 1441 974 1508 pro
994 1421 1106 1486 Atticis
1127 1422 1335 1500 ἀναβιβῶμαι

142 1530 344 1606 συνεροῦνσα,
378 1526 445 1592 XV.
476 1532 515 1594 lt
547 1527 693 1609 ἠγόρευσε
725 1535 827 1600 κακῶς
856 1547 913 1614 pro
936 1523 1006 1592 εἷσε
1030 1525 1173 1592 XXXIV.
1198 1531 1217 1592 5
1242 1551 1334 1608 σρονρ·

142 1631 270 1713 γύρεοτο
301 1633 385 1714 αύσῷ
409 1633 458 1698 lari
488 1635 531 1700 τοὶ
560 1633 665 1713 γύοιγιι
696 1634 864 1712 οὶινανεῖον,
897 1640 994 1718 atque
1027 1630 1105 1697 haec
1141 1631 1334 1698 Lemannus

144 1735 223 1802 licit
254 1737 532 1820 ὅὺσερασσικύζοον
546 1789 554 1818 ,
590 1744 646 1825 qul
682 1739 748 1820 περὶ
784 1739 827 1804 σοὶ
861 1737 967 1818 γε’λγνρ
1002 1737 1149 1814 dixerat,
1189 1737 1335 1803 Eueoutttt

144 1841 325 1908 sublectum
346 1842 431 1929 apud
455 1843 612 1910 Pouuuoeu
633 1843 686 1910 tx.
708 1849 761 1911 47.
787 1845 934 1910 Daunum
957 1852 1065 1909 aulem
1091 1841 1251 1910 XXXVll.
1277 1849 1333 1921 tl,

146 1947 204 2013 llos
227 1956 258 2013 et
284 1947 385 2014 robur
406 1948 618 2038 Cynicorum,
642 1947 738 2015 dicit:
762 1945 809 2016 ύει
830 1988 875 2000 -
894 1954 989 2015 οιῖοσιν
1013 1947 1098 2015 circi
1122 1945 1333 2029 ἕξαγορεύ·

144 2077 250 2132 σειν,
283 2054 411 2140 corrige
441 2053 654 2137 ἐξαγορεύσει,
688 2055 741 2121 ubi
773 2065 897 2124 ueteres
931 2075 994 2122 uno
1017 2073 1073 2120 ore
1097 2072 1208 2120 ornnes
1238 2052 1336 2134 ἐξερεῖ

145 2157 266 2225 dicturi
290 2157 440 2227 luissent.

190 2263 248 2330 llis
279 2264 418 2352 lienique
447 2262 562 2331 addam
593 2265 749 2334 inclinium
782 2267 929 2354 perpetui
961 2263 1129 2332 cuiusdam
1154 2263 1245 2342 vitii,
1270 2283 1334 2350 qua

145 2368 220 2435 olim
244 2371 391 2437 omnium
420 2370 497 2436 libri
531 2372 693 2458 inquinari
726 2371 870 2446 solebant
892 2381 924 2439 et
949 2371 1138 2445 Atticarum,
1168 2378 1201 2435 el
1223 2371 1250 2434 si
1275 2369 1332 2456 qui

147 2494 255 2541 eorum
290 2495 387 2562 quam
419 2474 578 2542 simillimi
609 2497 679 2544 esse
710 2477 872 2545 volebant:
907 2496 993 2543 nuuc
1017 2475 1190 2542 Atticorum
1210 2474 1332 2562 scripta

148 2581 290 2647 nonnihil
314 2601 352 2648 ea
376 2582 446 2649 labe
470 2585 602 2669 purgari
624 2591 736 2670 coepta
753 2591 849 2662 sum,
876 2583 1101 2649 Altioistarum
1114 2578 1334 2648 eodemmodo

147 2687 277 2774 purgari
306 2698 453 2774 oportere
483 2705 577 2754 nemo
600 2687 705 2755 adhuc
729 2690 888 2776 suspicari
914 2687 1053 2755 vitiatur.
1103 2685 1229 2752 Primae
1257 2705 1331 2772 per·

147 2811 240 2860 sonae
272 2793 305 2858 iu
329 2831 374 2844 -
400 2816 475 2872 ομιοι
508 2794 638 2859 exeunti
671 2794 841 2882 respondet
872 2793 1012 2862 monada
1046 2792 1079 2858 iu
1103 2825 1148 2840 -
1171 2814 1197 2857 ει
1220 2791 1332 2858 exieus

146 2895 229 2984 opud
253 2898 389 2976 Atticos,
416 2899 447 2963 io
469 2937 511 2948 —
531 2923 548 2982 ρ
571 2897 657 2985 apud
682 2899 865 2966 Graeculos.
914 2899 1028 2966 l'otuna
1053 2898 1087 2962 in
1108 2933 1149 2946 -
1172 2923 1190 2980 ρ
1215 2897 1332 2963 veteri-

148 3000 206 3068 ltus
227 3003 372 3070 ioauotta
395 3010 445 3070 est
470 3005 501 3070 io
527 3002 731 3083 inclinatius,
755 3014 867 3071 contra
891 3004 994 3072 lorino
1017 3005 1048 3068 in
1068 3024 1149 3068 -ει
1173 3000 1260 3088 apud
1283 3014 1341 3070 se··

148 3109 274 3194 quiores
292 3128 404 3175 omnes
424 3129 555 3196 prorsus
574 3108 714 3176 obsoleta
729 3119 793 3187 est,
815 3120 1039 3198 praeterquam
1062 3110 1093 3173 iu
1112 3107 1238 3187 βούλει,
1259 3108 1331 3188 οἴει,

146 3213 221 3294 tao.
269 3213 363 3282 Nulla
394 3225 502 3281 autem
528 3215 562 3282 iu
587 3235 622 3281 re
645 3215 792 3282 Graeculi
824 3216 1027 3284 ootrstoolius
1055 3214 1247 3301 antiquioris
1270 3213 1329 3280 liu-

147 3339 225 3405 guae
250 3339 345 3386 usum
378 3317 602 3387 obscurarum.
651 3321 731 3402 Quia
756 3319 938 3388 Macedones
960 3320 1073 3388 iormis
1095 3321 1127 3386 in
1148 3345 1234 3403 -ρ
1263 3330 1330 3387 ute·

147 3423 279 3503 bantur,
305 3423 512 3501 factumest,
537 3434 573 3492 ut
599 3427 661 3493 iam
687 3428 719 3492 in
746 3427 982 3494 vetustissimos
1002 3425 1101 3492 liltros
1118 3426 1331 3495 Alexandriae

147 3531 284 3617 scriptos
308 3533 505 3618 irreperent,
536 3529 651 3600 deinde
674 3533 790 3617 serpsit
816 3532 935 3600 titolum
961 3531 1096 3598 ulterius
1120 3540 1152 3598 et
1176 3551 1233 3619 per
1255 3551 1330 3598 out-

147 3655 201 3702 nes
223 3636 460 3703 Atheniensium
474 3635 579 3703 libros
601 3646 781 3723 grassatur.
817 3634 883 3702 Non
909 3643 957 3702 est
982 3656 1065 3701 uirus
1088 3636 1169 3704 liber
1190 3637 1332 3724 auripluo

148 3749 210 3808 lom
232 3751 343 3812 uetus.
367 3749 432 3808 tarn
459 3741 627 3810 enrertlate
651 3743 851 3828 descriptus,
875 3751 931 3807 aut
951 3741 1122 3826 diligenter
1142 3751 1330 3820 correctus,

147 3849 177 3914 in
200 3867 265 3937 quo
300 3869 361 3914 oon
394 3849 512 3934 passim
545 3847 576 3914 id
604 3849 718 3914 vitium
751 3855 914 3932 appareat.
964 3845 1151 3914 Clarln'anus
1183 3847 1330 3914 Pannonis

145 3951 256 4032 codex,
291 3952 436 4022 Urbinas.
453 3953 627 4031 lsoeonrts,
659 3952 889 4020 Laurentianus
920 3954 1069 4018 nascerer
1093 3962 1125 4019 et
1150 3952 1331 4033 Suanorum,

145 4057 310 4126 Parisinus
335 4059 360 4124 S
382 4058 612 4139 Druosrnems,
646 4057 741 4126 verbo
772 4060 914 4144 optimus
945 4059 1082 4145 quisque
1111 4067 1143 4124 et
1167 4059 1332 4146 antiquis-

146 4165 246 4232 simus
278 4163 360 4230 lilter
394 4163 457 4230 llS.
486 4167 573 4252 turpi
609 4166 822 4232 inconstantia
857 4161 976 4228 formas
1002 4173 1125 4232 veteres
1148 4172 1181 4232 et
1206 4166 1333 4232 novici·

146 4289 200 4348 νο,
232 4270 352 4338 Atticos
382 4279 414 4336 et
443 4268 672 4347 Macedonicas,
706 4271 888 4356 permiscet.
939 4269 977 4336 Ul
1011 4291 1107 4337 casus
1137 4278 1171 4336 et
1204 4270 1333 4338 iortuua

147 4375 266 4450 terebat
289 4384 321 4442 et
341 4374 521 4442 scribarum
546 4385 830 4463 correctorumque
850 4374 966 4454 libido,
993 4375 1086 4442 modo
1109 4375 1249 4462 genuina
1271 4374 1332 4444 lor-

149 4499 199 4548 tna
221 4485 345 4560 erasit,
371 4480 464 4548 modo
485 4482 598 4550 vitiosa
623 4483 795 4569 surrepsit.
833 4479 923 4548 llulti
949 4483 1011 4548 iam
1038 4489 1134 4556 sunt,
1159 4483 1214 4568 qui
1237 4481 1334 4548 inlel-

1560 3775 1562 3934 l
