3150 4972
704 366 748 439 81

136 568 192 646 24,
218 569 247 631 2.
272 562 355 647 Φασὶ
384 561 619 645 πυρεταίνοντάς
648 586 734 638 τινας
767 561 1023 638 hludowichus
1056 563 1114 628 άπ’
1139 565 1234 628 αὑτοῦ
1258 581 1315 649 pro

135 670 350 752 sceleratores:
384 678 482 735 cerla-
507 668 593 736 labes
624 678 673 735 est
704 679 735 732 et
762 667 884 734 Editori
909 665 1058 755 pudenda
1081 669 1113 734 ln
1138 671 1195 734 άπ’
1219 669 1316 734 αὐτοῦ
1391 752 1393 756 ¹

135 795 188 862 pro
211 777 261 840 ὑπ’
284 779 390 842 αὐτοῦ.
425 795 463 841 ne
494 774 552 841 boc
584 773 713 862 quidem
745 774 877 840 Lucieno
907 781 956 840 est
981 773 1205 860 imputandum
1231 773 1316 860 qnod

137 881 289 966 praeeedit
318 881 439 948 ἔπαυσε
468 882 579 960 μηκέτι
611 883 790 960 λοιμώττειν
820 879 942 954 αὐτούς.
973 881 1000 945 sl
1029 878 1146 947 ἔπαυσε
1176 879 1317 948 (ledisset

137 989 354 1066 λοιμθττοντας
387 985 580 1065 addidisset,
613 985 701 1054 dedit
733 987 867 1061 ἐποίησε.
915 985 1146 1072 corrigendum
1181 996 1251 1054 erat
1275 991 1316 1062 8,

138 1095 194 1169 ll,
222 1101 251 1159 l.
277 1094 463 1166 παιδοποιεῖς
490 1095 520 1160 in
546 1095 737 1171 παιδοποιεῖ,
765 1112 836 1158 nant
862 1099 1049 1157 cortsianler
1075 1092 1317 1158 παιδοποιεῖσθαι

138 1195 286 1265 dicebant.
313 1198 392 1266 llale
413 1199 576 1264 bernerus
595 1200 736 1265 serravit
758 1205 817 1275 td,
844 1202 897 1266 29.
923 1206 954 1263 et
978 1201 1036 1277 46,
1058 1202 1112 1264 tt.
1131 1199 1184 1264 inl
1206 1197 1317 1283 ξενίρι

139 1303 259 1370 ἐκάλουν
282 1313 312 1370 et
338 1305 388 1371 ἐπὶ
412 1303 517 1389 ξενία
546 1328 580 1369 σε
603 1310 780 1385 καλοῦμεν,
805 1323 887 1390 quae
910 1305 1093 1390 scriptura,
1119 1323 1314 1392 quanrquanr

140 1411 304 1476 sexcenties
336 1411 369 1475 in
400 1409 565 1476 codicibus
599 1411 756 1487 recurrit,
787 1407 957 1475 nranilesto
982 1407 1123 1476 absurda
1147 1419 1207 1477 est.
1255 1410 1317 1491 Qut

140 1515 225 1581 ciuem
248 1517 285 1581 ad
310 1537 442 1583 coenam
468 1527 559 1582 vocat
583 1517 705 1582 dieitur
725 1516 775 1582 inl
800 1515 918 1581 δεῖπνον
936 1523 1059 1594 καλεῖν,
1085 1517 1140 1603 qui
1166 1515 1317 1603 hospitem

139 1623 306 1689 nutrivisti
335 1621 439 1703 ξένια,
471 1643 572 1710 eaque
597 1643 649 1688 res
671 1623 706 1688 τὸ
732 1621 850 1688 δεῖπνον
875 1619 1054 1707 appellatur
1084 1629 1117 1688 el
1147 1621 1190 1688 τά
1212 1620 1315 1699 ξένιας

138 1726 345 1814 mopsistiae
368 1737 399 1795 et
424 1729 528 1808 ξενίοις
551 1729 686 1814 legitur:
713 1726 792 1792 nilril
817 1724 931 1792 borunr
954 1728 1052 1792 movit
1074 1725 1243 1800 librarios,
1260 1728 1314 1814 qtri

136 1829 195 1898 lere
217 1832 334 1920 ubique
359 1835 409 1901 ἐπὶ
433 1833 518 1920 ξενίρι
551 1833 627 1902 dare
657 1833 772 1900 solent:
798 1832 978 1899 scribarum
1005 1835 1182 1900 atrctoritas
1205 1833 1316 1900 doctos

137 1939 245 2018 trabit,
278 1939 364 2027 quod
396 1949 506 2008 contra
539 1939 717 2028 oportebat.
766 1938 932 2006 Soloccunr
966 1947 1015 2005 est
1043 1947 1077 2018 l,
1104 1945 1135 2008 h.
1167 1942 1316 2024 ἕρμοχλυ·

137 2045 224 2127 θείς,
260 2065 341 2133 quae
372 2046 474 2113 lorrna
507 2066 608 2133 aeque
641 2045 752 2112 vitiosa
779 2054 825 2111 est
851 2065 888 2112 ac
912 2045 938 2111 si
965 2047 1037 2131 quis
1061 2045 1244 2130 ζῳγραφεθο
1269 2045 1316 2112 rel

137 2154 328 2232 reportaretis
353 2153 505 2219 voluisset
530 2152 647 2220 dicere.
699 2151 849 2219 θισοοιιιιι
869 2161 917 2217 est
941 2153 1159 2234 ἑρμογλύφος,
1179 2151 1264 2240 qrrod
1285 2153 1317 2218 in

137 2255 235 2324 codem
267 2259 348 2324 libro
379 2259 473 2347 paulo
496 2268 570 2325 aute
595 2267 680 2325 reete
705 2256 834 2344 legitur.
882 2257 942 2323 l'ro
966 2257 1081 2342 ἔνορχιν
1106 2257 1191 2336 VB,
1217 2263 1254 2336 4,
1283 2264 1313 2327 l.

137 2370 163 2426 et
188 2363 260 2430 alibi
295 2365 514 2454 reponendum
550 2364 655 2432 luerat
686 2365 819 2447 ἐνόρχην.
875 2364 910 2430 ln
944 2363 1127 2452 becr'phone
1159 2367 1223 2441 54,
1261 2369 1312 2431 ll.

136 2469 263 2556 θειεχθίρ
285 2473 407 2553 σχεθείς
433 2471 525 2560 plane
550 2470 723 2538 barbarum
745 2479 814 2548 est,
840 2490 857 2536 a
890 2473 964 2545 θεοῖς
989 2469 1094 2553 ἐχθρθς
1126 2467 1314 2536 derivabant

136 2575 328 2661 θεοισεχθρία,
354 2577 437 2665 qrrod
463 2575 547 2664 aprrd
573 2579 803 2644 Anrsroeutaeu
828 2584 860 2641 et
885 2577 1106 2642 llnuosrnnnnn
1129 2576 1181 2640 rix
1201 2576 1313 2640 erasit.

137 2677 290 2749 destincte
320 2693 368 2749 est
398 2703 415 2747 a
441 2682 606 2750 Graeculis
631 2683 734 2750 lorino
758 2690 851 2749 vetus
877 2687 940 2760 to,
967 2685 1021 2747 hl.
1050 2681 1102 2746 ubi
1124 2683 1252 2769 quaerit
1275 2701 1314 2748 ex

136 2783 342 2854 lernourrurro
373 2789 492 2855 luntres
525 2809 565 2855 an
599 2789 659 2855 sibi
684 2789 888 2855 Athenienses
911 2789 945 2854 τδ
970 2786 1149 2866 Ὀλύμπιον
1175 2786 1315 2853 ἐπιτελέ-

136 2913 181 2955 σαι
198 2892 403 2960 διανοοῦνταιι
430 2904 588 2982 quantum
614 2895 749 2983 periculi
770 2915 788 2961 a
809 2893 975 2962 Graeculis
999 2891 1182 2980 impendent
1201 2891 1314 2958 formis

135 2995 163 3061 in
186 3000 300 3085 quibus
324 3026 361 3067 ιει
384 3009 597 3080 concurrant,
617 2998 760 3067 ostendet
785 3000 836 3066 bic
857 2999 945 3066 locus
966 3001 999 3064 in
1021 2998 1139 3065 Leeice
1161 3000 1264 3064 l‘uorn
1284 3019 1314 3065 v.

135 3103 306 3183 Ὀλάμπιατ
332 3109 375 3173 τά
396 3109 425 3173 ἒν
449 3108 529 3193 llice
551 3106 719 3186 Ὀλύμπια
742 3105 795 3173 καὶ
819 3107 854 3172 τὸ
879 3106 953 3187 ιἐρδν
977 3105 1208 3185 Ὀλύμπιον
1231 3129 1313 3171 πεν·

134 3210 397 3292 τασυλλάβας
420 3217 459 3286 alr
480 3219 720 3290 ’Λσκληπιεῖοντ
745 3213 799 3298 qul
825 3231 865 3280 ne
885 3209 937 3276 bie
958 3209 1087 3298 quidem
1110 3211 1314 3290 Ὀλυμπίειον

135 3311 299 3395 dederunt,
324 3317 400 3405 quid
425 3317 500 3385 alibi
522 3318 635 3386 iecisse
656 3317 809 3384 censeas?
834 3316 920 3384 Nilril
940 3326 988 3384 est
1009 3316 1093 3404 quod
1115 3316 1154 3382 ab
1176 3316 1238 3382 illis
1252 3337 1313 3382 non

135 3427 369 3506 exspectaveris.
396 3423 543 3503 Scribas,
565 3427 619 3512 qui
643 3423 785 3491 scholion
806 3421 845 3488 ad
867 3421 977 3510 Odyss.
1000 3427 1025 3489 θ.
1052 3427 1124 3488 186.
1149 3421 1188 3488 de
1211 3422 1312 3489 lnrmn

137 3526 226 3593 Attico
250 3527 268 3607 ἦ
291 3549 349 3618 pro
369 3527 401 3604 hv
422 3529 664 3618 describebant,
690 3532 720 3594 in
743 3528 893 3595 onnnibus
912 3527 1083 3616 exemplis,
1104 3528 1314 3616 qnilnrsbnec

137 3627 271 3700 doctrina
302 3634 533 3712 confirmatur,
566 3656 624 3723 pro
658 3631 676 3712 ἦ
704 3654 814 3700 omnes
839 3629 872 3709 ἦν
896 3633 1066 3702 dederunt.
1116 3635 1151 3700 ln
1179 3637 1313 3702 beurene

139 3733 241 3804 lueet.
259 3740 281 3806 l.
296 3762 326 3829 p.
341 3745 422 3818 tte,
438 3744 527 3808 51.ά
536 3766 551 3823 ρ
558 3741 723 3824 χιερέυν
736 3765 743 3806 t
763 3743 818 3805 orire
836 3740 1003 3824 ἀρχιερέα,
1017 3740 1151 3807 Πλάτων
1164 3741 1315 3822 ἑνδεκάτῳ

138 3841 255 3921 Νθμυν,
278 3845 380 3924 οξεῖαν
403 3847 500 3927 μέσην
531 3849 713 3928 evanesce:
750 3867 853 3932 neque
886 3846 1018 3913 librario
1044 3867 1146 3934 neque
1174 3847 1315 3913 benarno

140 3945 167 4008 in
191 3959 322 4018 urentem
346 3955 434 4018 venit
456 3956 619 4037 οῖρχιίρευν
636 3953 787 4020 scribere.
822 3952 1163 4040 Elegansrocabuluna
1180 3953 1315 4018 Atticum

141 4049 289 4122 intercidit
321 4065 362 4137 3,
393 4065 443 4126 12.
471 4061 543 4144 πρὸς
567 4060 603 4127 τὸ
633 4059 802 4140 καθαρὸν
825 4066 880 4134 τῆς
905 4059 1025 4134 διαίτης
1050 4061 1209 4139 μεθιςῖισιι
1236 4057 1314 4124 nibil

141 4157 286 4242 signifieat
309 4169 344 4233 τδ
371 4167 518 4249 καθαράν,
545 4169 679 4234 reslllue
699 4168 734 4232 τδ
755 4164 927 4247 καθάρειον,
948 4165 1032 4253 quod
1051 4166 1138 4231 iulet*
1156 4163 1315 4231 lentitiam

141 4269 166 4326 et
186 4267 286 4336 sordes
308 4273 450 4339 inedium
472 4293 574 4358 genus
591 4281 660 4351 est,
683 4271 833 4359 frequens
853 4271 937 4358 apud
956 4271 1175 4346 Athenienses,
1189 4272 1244 4358 qul
1258 4271 1319 4336 ele·

141 4373 288 4540 ganssiores
321 4398 419 4464 quant
453 4377 585 4446 ditiores
611 4379 778 4446 Menandro
802 4387 1054 4466 suggesserunt,
1079 4377 1162 4465 quod
1189 4377 1220 4442 in
1246 4395 1320 4464 pro·

143 4491 191 4540 rer
210 4478 271 4548 iuur
295 4483 392 4550 abiit:

1109 4591 1125 4635 6
