3086 4974
743 377 814 444 564

350 575 411 640 πῶς
434 567 472 635 dr
495 568 560 636 οὐτ’
587 571 625 634 ὢν
650 577 724 642 σαῖς
748 569 855 635 σαύσύ
879 575 930 636 νῦν
955 569 1021 651 ἔχοι
1045 571 1148 654 φοίρκ,

351 679 376 740 εἰ
401 677 444 753 uir
469 676 653 756 ξυναύξοινθ’
675 678 701 742 οἱ
725 676 838 742 πέπλοι
860 677 902 759 ad
927 678 1070 758 σύμασι;

167 789 200 846 el
221 782 252 845 in
279 781 450 846 Troadibus
471 803 517 846 vs.
547 787 644 849 1045.
678 779 853 848 Menelaum
878 789 985 848 monet
1005 782 1135 850 Hecuba
1155 804 1194 850 ne
1215 787 1247 850 in
1268 805 1362 851 suam

169 887 276 952 navim
303 886 454 953 Helenam
483 889 632 974 recipiat:

394 996 439 1072 μή
463 1019 512 1060 ννν
534 995 601 1069 νειύς
627 1019 672 1061 σοι
696 994 811 1061 σαύσύν
836 995 971 1074 είσβιίτοι
996 994 1131 1080 σκάφος.

168 1101 221 1168 oui
247 1097 316 1166 ille:

394 1207 427 1270 σί
447 1205 473 1272 δ’
497 1204 562 1284 ἕεις
586 1205 689 1288 μεῖζον
711 1207 813 1286 βρῑύος
836 1207 853 1284 ἢ
878 1205 993 1289 σούροιύ
1016 1211 1104 1289 ἔχεις

169 1313 354 1397 suspicatur
379 1309 480 1376 bonus
500 1311 661 1378 Menelaus
681 1321 825 1379 meluere
846 1312 1007 1380 Hecubam
1030 1335 1069 1380 ne
1087 1314 1204 1380 Helena
1223 1315 1362 1400 pondere

167 1418 311 1505 eorporis
336 1418 441 1484 navim
468 1417 638 1504 deprimat.
677 1417 812 1485 llillioile
835 1428 885 1485 esi
910 1418 949 1485 ad
974 1417 1051 1486 haee
1079 1440 1140 1486 non
1166 1420 1198 1486 in
1226 1419 1363 1486 caelun-

168 1545 225 1592 nos
248 1543 433 1610 erumpere:
467 1523 521 1592 sed
546 1534 622 1590 suni
646 1523 725 1590 haee
750 1544 851 1611 paura
879 1527 983 1613 ipsius
1008 1534 1119 1612 podiae
1143 1527 1362 1606 εὀιασσώμασα

167 1631 282 1698 mullis
311 1641 343 1696 ει
374 1631 503 1696 eximiis
536 1639 741 1719 compensata
769 1632 959 1710 virtutibus,
990 1635 1098 1720 itaque
1120 1652 1237 1700 manas
1261 1633 1362 1701 alasii-

169 1735 271 1804 uenda
297 1744 357 1802 esl.

215 1842 332 1910 Eadem
359 1844 441 1908 ralio
465 1853 512 1908 esl
537 1842 599 1908 loci
625 1843 657 1906 in
682 1840 791 1908 Medea
820 1847 914 1910 1078.

393 1948 445 2014 καί
470 1949 614 2026 perodio
638 1947 694 2026 μὲν
718 1943 767 2015 οἷα
791 1945 863 2029 ὐρᾶν
886 1949 993 2028 μέλλοι
1018 1955 1120 2028 κακοί,
1168 1976 1171 1982 ·

395 2053 486 2132 dapis
510 2055 542 2121 δὲ
566 2053 710 2132 κρείσσων
732 2060 791 2120 τῶν
816 2056 896 2133 ἐμῶν
918 2055 1151 2136 βονλενμοίσιον,

168 2165 246 2228 haee
277 2159 404 2226 Medeae
434 2168 509 2224 sunl
543 2159 651 2225 auimo
681 2158 826 2227 ardentis
857 2170 889 2228 el
915 2162 969 2227 ira
994 2165 1154 2249 percitae,
1190 2161 1245 2228 sed
1271 2163 1358 2250 quod

168 2266 298 2335 additur

432 2369 524 2454 ὐσπερ
548 2373 686 2451 μεμίσιον
709 2371 806 2446 αίσιος
830 2379 931 2440 κακῶν
953 2373 1084 2455 βροτοῖς.

165 2477 332 2564 Euripidis
366 2487 414 2544 esl
449 2477 489 2544 de
526 2487 640 2544 nalum
675 2488 708 2545 el
732 2479 861 2564 ingenio
886 2476 1028 2544 lanruamo
1051 2478 1247 2545 meditantis.
1282 2479 1358 2546 ilal-

163 2585 225 2652 lem
259 2582 406 2676 equidem
441 2583 583 2650 Medeam
617 2583 716 2650 solam
741 2585 873 2660 audire,
898 2584 953 2650 sed
978 2593 1090 2672 poetae
1114 2585 1209 2652 aliler
1237 2585 1356 2652 visum.

164 2691 281 2758 Contra
315 2691 346 2754 in
380 2689 492 2755 inullis
522 2689 593 2758 aliis
627 2711 688 2756 non
721 2711 795 2757 oum
828 2697 920 2776 poeta
953 2692 1044 2758 nobis
1069 2711 1120 2758 res
1143 2701 1192 2758 σοι
1216 2691 1271 2758 sed
1296 2701 1356 2758 aul

163 2818 238 2865 oum
265 2795 457 2862 histrionum
480 2804 512 2862 et
532 2795 705 2862 sciolorum
729 2798 874 2872 natione,
900 2799 954 2882 qui
975 2805 1084 2864 velera
1103 2799 1247 2863 earmina
1275 2797 1357 2864 mul·

163 2904 206 2970 tis
231 2901 334 2968 modis
358 2901 615 2987 interpolaruul,
641 2913 696 2968 aul
717 2923 791 2968 oum
813 2901 990 2969 lenioribus
1012 2905 1045 2968 in
1065 2923 1119 2969 ora
1143 2903 1215 2979 libri
1234 2902 1358 2970 adseri·

163 3010 314 3080 moribus
333 3008 466 3076 alterius
487 3010 641 3076 carminis
663 3007 788 3086 locum,
814 3010 906 3075 ouius
927 3007 990 3074 sibi
1010 3010 1043 3074 iu
1056 3008 1210 3096 Euripide
1223 3009 1358 3097 legendo

164 3117 315 3186 subiisset
341 3116 515 3194 memoria,
542 3124 576 3181 ul
603 3117 634 3180 in
662 3115 788 3182 Heoulro
812 3119 877 3182 826
903 3115 941 3180 ad
968 3113 1046 3180 haee
1070 3115 1260 3203 Euripiden:

345 3227 402 3288 πού
426 3221 485 3293 σούς
508 3223 608 3304 Φίλας
632 3223 700 3298 δῆτ’
725 3223 875 3306 εὐφρόναις
900 3219 1028 3302 δείξεις,
1053 3219 1150 3299 aaa&

344 3329 362 3404 ἢ
386 3334 445 3394 σῶν
469 3328 500 3423 ἐν
522 3330 591 3413 εὐνῇ
615 3329 780 3412 pordano
803 3325 1025 3406 ἀσπασμάτων

344 3433 437 3518 χάριν
460 3434 518 3500 τίν’
541 3431 601 3514 ἕξει
625 3443 701 3508 σαῖς
725 3435 803 3513 ἐμιὶς

162 3543 203 3612 de
227 3563 290 3630 qno
313 3541 382 3607 loeo
406 3541 438 3606 in
462 3538 625 3607 diversum
650 3541 769 3608 abeunt
795 3549 939 3607 velerum
970 3531 1258 3624 grammaticorum
1284 3561 1357 3606 seu·

163 3651 293 3719 tentiae.
330 3646 452 3733 Nempe
477 3644 515 3711 ad
539 3646 706 3733 Sophoclis
730 3647 867 3714 Aiacem.
894 3649 976 3712 ὅροι

368 3753 443 3818 ἀλλ’
466 3749 540 3834 ίσχε
565 3755 668 3833 κύμού
690 3739 819 3832 μνῆςινῖ
845 3751 930 3833 avan
951 3775 997 3817 σοι
1020 3752 1119 3833 χρεύν

250 3875 266 3884 ’·
367 3859 491 3938 μνιίμκν
515 3867 670 3942 προσεῖναι
693 3851 819 3943 repando
841 3859 870 3924 εί
892 3858 926 3924 τί
948 3881 1006 3924 οσον
1029 3857 1131 3924 ordior.

163 3977 315 4060 pervetus
334 3973 364 4032 el
386 3965 500 4032 doctus
517 3967 752 4052 grammaticus
773 3965 954 4032 annotavit:
980 3961 1147 4043 αἰδημόνως
1167 3963 1261 4030 αὐτὸν
1281 3965 1356 4031 ὑσο-

162 4077 328 4160 μιμνιίσκει
352 4073 395 4139 σύ
418 4081 475 4150 τῆς
496 4076 594 4148 εὐνῆς,
610 4073 681 4140 -ὅ
701 4073 732 4139 δέ
751 4098 792 4153 γε
811 4071 977 4152 Εὐριπίδης
996 4071 1357 4153 μαςροσικύσασα

162 4183 284 4262 είοοίγει
315 4183 371 4257 ruo
393 4177 534 4256 Ἑκοίβκν
557 4180 731 4259 λέγουσαν·
755 4183 833 4245 Ποῦ
857 4179 930 4250 σούς
953 4178 1084 4260 Φίλας
1109 4177 1189 4254 δῆτ’
1213 4177 1359 4261 sappi·

161 4289 422 4371 νας-χάριν
454 4283 527 4351 τίν’
557 4283 641 4365 ἕξει
672 4293 771 4357 σαῖς
803 4286 895 4365 aad:
926 4294 959 4350 el
991 4275 1030 4352 ad
1056 4279 1223 4373 Euripidis
1248 4283 1357 4351 loram

161 4399 263 4466 allus:
299 4400 332 4464 οὐ
362 4393 647 4478 μαςροοιύὐεις
679 4395 704 4459 oi
735 4390 822 4470 adro
846 4392 922 4458 ἀλλ’
945 4391 1155 4473 οὐφαιρείεῒσα
1175 4391 1228 4456 τὸν
1250 4390 1358 4472 enixus

160 4506 251 4585 ὄγκον
270 4483 313 4578 είς
334 4507 398 4569 σοῖν
419 4503 514 4568 ὁσιοῦν
532 4500 778 4579 καταβαίνει-
792 4499 830 4565 δι’
849 4495 887 4563 ὧν
907 4497 1022 4578 ἔμελλε
1044 4495 1188 4578 ίκροῖσύαι
1199 4498 1356 4578 βοήθειαν.
