3204 4978
808 377 879 448 314

257 573 354 650 stris,
390 572 454 639 vid.
490 572 616 638 booron.
641 569 680 656 ad
719 572 915 643 Pnnrnrcnnn
951 593 980 659 p.
1007 574 1082 638 160.
1138 569 1309 657 Sequiores
1343 579 1451 636 tamen

257 699 370 745 omnes
391 679 534 762 διέφθαρτο
562 677 712 744 dicebant
743 697 801 764 pro
824 678 1031 763 διέφθαρμαι,
1057 676 1178 744 trustra
1203 677 1453 744 admonentibus

257 784 463 865 doctoribus,
497 793 533 851 ut
568 783 653 870 apud
690 783 845 851 beennon
878 785 983 871 ipsum
1017 789 1076 863 76,
1110 791 1141 852 3.
1173 785 1211 850 σὺ
1242 785 1274 850 δὲ
1305 785 1361 849 barb
1394 788 1453 858 τῆς

257 890 345 969 ἄγαν
375 891 518 964 ταιδείας
549 889 777 973 διέφθορας,
811 887 869 960 ίίςε
900 891 974 970 μηδ’
1006 891 1083 958 αὐτὸ
1113 897 1203 957 τοῦτο
1227 889 1453 973 σολοικίζοντας

258 1007 465 1076 κατανοῆσαι,
492 997 538 1086 [οὐ
552 997 625 1076 ’γὰρ
648 995 790 1078 τρίσετιν
812 999 895 1079 αὐτῷ
915 999 949 1062 τὸ
969 999 1072 1084 τίνα],
1099 997 1151 1064 ubi
1175 997 1256 1062 bonu
1275 998 1452 1083 magistro,

258 1105 314 1191 qui
345 1104 517 1190 adscripsit
542 1104 575 1169 οὐ
599 1102 663 1184 pap
694 1103 833 1185 τρίσεςιν
866 1105 950 1186 αὐτῷ
975 1105 1010 1168 τὸ
1039 1105 1129 1180 τίνα,
1153 1105 1277 1189 gratias
1301 1105 1452 1190 agirnuS,

259 1210 314 1278 sed
335 1212 406 1278 eius
426 1211 665 1277 annotationem
687 1208 856 1297 discipulis
877 1229 972 1296 quarn
995 1211 1086 1276 nobis
1108 1210 1271 1278 utiliorem
1291 1229 1454 1297 expunge-

260 1337 344 1384 mus.
395 1317 556 1403 Quidquid
590 1318 737 1402 magistri
765 1317 983 1383 reclamarunt
1009 1317 1152 1400 διίφίορα
1184 1338 1241 1403 pro
1265 1318 1453 1400 διέφθαραοιι

259 1432 369 1511 postea
399 1425 544 1489 omnium
571 1443 631 1489 usu
662 1424 778 1489 tritum
809 1432 868 1490 est.
919 1423 1054 1489 brnrnus
1091 1427 1145 1510 qui
1171 1425 1210 1490 de
1234 1433 1376 1509 corrupto
1400 1421 1454 1487 di-

259 1529 348 1596 eenda‘
370 1551 429 1596 και
450 1531 579 1617 scripsit
605 1538 637 1596 et
662 1527 780 1596 librum
807 1529 975 1616 inscripsit
999 1531 1065 1612 περ)
1091 1532 1317 1614 παρεφθορυίας
1340 1528 1454 1608 λέξεως

259 1636 292 1702 in
320 1637 388 1723 ipso
420 1635 515 1702 tilulo
547 1635 652 1723 operis
685 1636 740 1710 τίην
770 1635 911 1717 ἀρχαίαν
941 1637 1101 1703 διοίλεκτον
1133 1639 1322 1720 ταρὲφίορεν
1354 1645 1384 1702 el
1418 1638 1455 1702 in

261 1743 357 1808 unica
381 1741 620 1818 observatione,
648 1761 730 1828 quae
755 1742 834 1808 mibi
859 1740 976 1808 exilio
1001 1742 1082 1809 libro
1101 1743 1260 1823 innotuit,
1282 1742 1455 1810 vehemen-

261 1857 310 1916 ter
335 1846 475 1927 fallitur,
510 1847 595 1936 apud
633 1850 818 1914 dannnnnun
854 1849 907 1915 lX.
940 1870 972 1936 p.
1000 1853 1064 1917 568
1102 1869 1129 1916 o.
1167 1850 1317 1917 Lucrinus
1351 1849 1457 1936 igitur

261 1975 334 2020 curn
358 1955 509 2020 omnibus
530 1974 644 2023 errans
676 1954 812 2040 ρ’ίσματα
842 1955 1022 2040 διεφθορότα
1048 1955 1131 2022 dixit
1156 1977 1214 2043 pro
1239 1957 1373 2034 lasciuo,
1394 1955 1457 2021 im-

257 2062 391 2149 pudico,
417 2083 539 2149 spureo.
623 2149 627 2158 Ι
1125 2081 1130 2089 “

307 2167 343 2234 ln
372 2167 499 2234 Timone
523 2175 561 2245 5,
593 2172 623 2236 4.
656 2167 726 2234 οὔτε
751 2165 867 2242 θύοντος
893 2165 939 2233 ἔτι
963 2192 1008 2235 σοι
1032 2169 1111 2243 τινὸς
1134 2168 1206 2236 οὔτε
1227 2172 1456 2253 τεφανοῦντος,

261 2272 396 2341 debebat
415 2272 531 2349 οὐδενίς
556 2273 696 2340 scribere
718 2294 776 2360 pro
795 2272 889 2350 τινός,
916 2274 971 2340 sed
993 2277 1112 2362 passim
1135 2276 1167 2340 in
1191 2274 1309 2366 talibus
1323 2283 1456 2369 premat,

262 2381 326 2447 rid.
353 2384 370 2466 §
397 2387 449 2447 15.
477 2387 537 2460 14,
565 2386 616 2447 14.
655 2380 736 2448 lbid.
760 2381 875 2456 τηνίκα
900 2381 981 2447 male
1000 2400 1057 2468 pro
1080 2380 1167 2448 τότε.
1215 2381 1307 2469 Apud
1323 2381 1457 2449 Veteres

261 2487 378 2564 πηνίκα
402 2486 467 2553 lere
491 2507 618 2574 semper
638 2487 760 2552 dicitur
783 2506 882 2573 qurum
908 2489 981 2574 quis
1005 2495 1113 2573 rogat,
1138 2509 1217 2576 quoe
1233 2511 1310 2575 pars
1328 2487 1391 2554 diei
1413 2489 1457 2554 sit

263 2593 331 2674 rel,
359 2603 392 2658 ut
419 2604 528 2681 postea
559 2593 721 2672 solebant,
746 2603 839 2680 puoto
862 2593 938 2659 bora
962 2595 1019 2672 sit,
1045 2601 1081 2659 ut
1105 2596 1137 2659 in
1161 2595 1283 2660 Critone
1308 2615 1336 2681 p.
1357 2599 1400 2662 43
1424 2615 1455 2661 ι.

262 2700 378 2776 τηνίκα
400 2701 549 2780 potarem
571 2739 615 2751 -·-
633 2699 727 2781 ίρίρος
756 2700 868 2780 βαθύς.
903 2699 1098 2787 ubicumque
1127 2701 1243 2777 πηνίκα
1267 2711 1298 2768 et
1323 2702 1457 2777 ὁπηνίκα

263 2817 295 2874 et
318 2807 462 2886 τηνικάδε
485 2817 662 2874 occurrunt
687 2805 807 2872 videbis
834 2807 916 2873 banc
935 2809 1091 2874 rationem
1114 2817 1273 2877 constare.
1321 2807 1457 2894 Sequio·

263 2933 316 2981 res
339 2915 447 3002 inepte
471 2915 586 2990 τηνίκα
605 2912 755 2980 dicebant
777 2915 950 3001 prendre,
978 2927 1070 3002 puoto
1089 2915 1190 2982 born?
1212 2935 1269 3002 pro
1291 2935 1351 3002 pun
1375 2922 1457 2978 tem-

261 3020 357 3108 pore?
384 3040 465 3106 qnos
488 3019 572 3087 ridet
595 3022 645 3085 vir
668 3027 784 3086 acutus
808 3018 893 3106 apud
918 3021 1073 3087 Lucrinus
1100 3026 1160 3100 76,
1185 3027 1216 3088 5.
1240 3024 1295 3106 qui
1322 3026 1457 3104 rogatus

263 3127 377 3202 τηνίκα
401 3125 493 3202 ἔξεισι
524 3124 686 3214 repondit:
719 3127 792 3214 quis
823 3124 880 3192 tibi
914 3125 996 3192 dixit
1021 3147 1070 3194 me
1095 3128 1186 3193 bodio
1211 3127 1242 3193 id
1268 3125 1454 3192 iacturum?

263 3232 385 3298 lterum
423 3240 534 3319 peccat
569 3233 719 3300 Lucrinus
755 3237 817 3312 45,
850 3236 882 3299 6.
920 3233 1035 3309 τηνίκα
1064 3233 1217 3314 bonoloco:
1249 3251 1369 3320 ponens
1397 3250 1457 3317 pro

263 3338 386 3426 potando
416 3339 585 3404 norrebis?
632 3338 693 3420 Qui
739 3339 799 3405 boc
837 3338 959 3406 tenebit
1002 3338 1096 3407 lacile
1130 3339 1314 3408 emendabit
1352 3338 1457 3404 Xeno-

263 3464 389 3511 rnonrrs
420 3444 579 3511 Anobosin
610 3445 667 3512 lll.
694 3465 721 3512 v.
749 3449 799 3511 18.
832 3446 883 3511 tol
910 3448 1027 3521 τούτοις
1052 3447 1197 3513 ἐθύσαντο
1220 3443 1299 3520 dorne
1322 3444 1456 3522 ίτηνίκα

262 3551 315 3619 καί
348 3552 445 3630 δοκοίη
473 3561 529 3629 τῆς
560 3549 637 3635 ίίραο
669 3553 725 3628 τὴν
756 3555 878 3633 τορείαν
911 3561 1058 3633 ποιοῖντο,
1092 3553 1161 3638 lege
1198 3555 1328 3630 ὄτηνίκα
1355 3552 1456 3626 δοκοίη

262 3667 423 3747 expuncto
456 3667 512 3736 τῆς
545 3657 641 3741 apoc.
675 3658 759 3744 quood
790 3669 900 3726 natum
934 3669 983 3726 est
1014 3681 1052 3726 en
1087 3662 1293 3728 annotatione
1324 3660 1374 3725 ἐτί
1398 3664 1457 3733 τῆς

262 3763 340 3848 ίίρας
364 3765 404 3832 ad
425 3766 556 3842 ίτηνίκκ
589 3765 664 3830 olim
690 3764 865 3852 adscripta.
917 3767 950 3831 ln
975 3766 1137 3832 dascnrnrs
1169 3765 1352 3833 Timorcleo
1377 3770 1394 3851 §
1420 3767 1455 3830 9.

266 3871 423 3953 διαρρήδην
453 3872 648 3939 οίτοδείκνοσι
683 3878 798 3953 πρῶτον
831 3873 888 3951 μὲν
922 3863 955 3947 νίν
982 3870 1058 3955 ίίραν
1089 3876 1232 3955 τροσιίκει
1255 3871 1330 3939 ίέναι
1354 3871 1397 3944 είς
1421 3871 1459 3936 τὸ

266 3976 479 4045 διδασκαλεῖον
509 3979 561 4044 καί
591 3979 722 4054 ίτηνίκα
754 3976 897 4055 dordone,
930 3997 1008 4045 usus
1041 3979 1210 4046 verborum
1243 3970 1277 4052 ἣν
1312 3973 1388 4058 ὥραν
1417 3975 1459 4043 ab

264 4091 369 4151 aetate
393 4085 556 4151 descnrnrs
583 4083 735 4151 abhorret
759 4093 792 4150 et
816 4081 850 4160 ἥν
875 4102 931 4170 pro
955 4085 1025 4151 τίνα
1051 4086 1189 4172 positum
1213 4082 1261 4150 rel
1286 4084 1382 4161 τοτην
1405 4103 1459 4150 ar·

264 4190 336 4276 guil
371 4189 577 4260 Graeculum.
631 4189 774 4257 Emenda
816 4197 931 4271 πρῶτον
964 4193 1022 4271 μὲν
1055 4193 1185 4268 ὀτηνίκοι
1215 4192 1358 4273 τροσιίκει
1391 4191 1460 4257 ari.
1581 4193 1582 4196 ’

264 4299 490 4385 interpretatio
523 4317 633 4364 veram
666 4297 862 4383 scripturam
896 4299 1030 4386 expulit.
1081 4297 1203 4365 Addam
1230 4299 1279 4364 bis
1303 4297 1460 4364 nonnulla
1581 4289 1582 4298 ί

265 4412 396 4490 propter
419 4404 594 4471 Lonncrnun
629 4403 669 4469 ad
703 4404 900 4472 Paarnrcnuu
936 4426 966 4493 p.
991 4411 1034 4474 nn
1061 4415 1093 4472 et
1116 4413 1154 4472 ut
1177 4425 1214 4472 ea
1238 4405 1460 4472 controversia
1581 4429 1582 4492 3

263 4507 450 4577 dirimatur.
509 4511 701 4576 Pnnrnrunus
743 4509 850 4578 docet:
895 4513 1043 4588 τηνίκα
1087 4515 1130 4592 μη
1167 4513 1254 4596 slope
1297 4511 1367 4578 οίντί
1402 4517 1459 4578 τοῦ
1581 4569 1582 4590 ,
