3208 4972
701 347 703 352 ’
731 345 798 414 231

180 537 302 624 Nempe
326 535 543 604 Alexandrum
568 537 609 605 ab
633 539 747 606 amicis
771 546 802 604 et
827 533 989 626 sodalibus
1011 532 1161 600 omnibus
1181 531 1308 598 adorari
1323 551 1374 618 vo·

181 644 298 721 luisse,
325 644 467 730 quinon
493 651 600 710 essent
619 665 730 711 omnes
748 641 945 710 Macedones.
994 638 1167 728 Olynthius
1190 648 1260 706 erat
1291 637 1370 705 Giu-

181 769 362 828 uisrnmes,
405 749 548 816 Eunones
585 748 782 828 Cardianus,
826 752 1026 816 Antaraonus
1070 744 1232 812 Abderita.
1290 743 1372 810 Vide

180 856 312 920 omnino
346 855 546 922 Pnurneoauu
581 855 613 920 in
646 855 828 922 Alexandro
857 874 927 940 cap.
955 857 1007 918 et.
1031 851 1084 918 ubi
1114 849 1281 939 apparebit
1305 847 1371 916 soe·

181 959 254 1026 dam
279 961 375 1026 istam
399 958 616 1026 adulationem
643 962 675 1026 in
701 961 856 1028 conviviis
878 961 962 1025 inter
985 959 1105 1024 amicos
1125 967 1158 1024 et
1177 966 1321 1043 coeptant
1340 962 1372 1021 et

181 1065 413 1132 intermissam.
463 1065 665 1152 Quemquam
693 1087 753 1131 non
779 1085 858 1151 opos
882 1073 931 1132 est
957 1063 1035 1130 baec
1056 1065 1088 1129 in
1114 1065 1244 1130 Lucrino
1263 1061 1303 1128 ad
1328 1061 1373 1125 vi·

182 1190 258 1236 sum
285 1189 429 1237 resecare
461 1179 493 1238 et
524 1172 632 1237 acrius
657 1171 720 1238 erit
747 1170 953 1257 opprobrium
978 1171 1005 1236 si
1031 1170 1218 1236 Macedones
1242 1187 1371 1244 omnes,

182 1295 279 1363 quam
301 1277 327 1341 si
350 1276 443 1362 pauci
464 1275 595 1362 qnidam
617 1275 712 1342 aulici
734 1277 885 1342 dicentur
904 1275 942 1342 ad
967 1275 1163 1361 llagitiosnm
1183 1272 1271 1340 istud
1285 1273 1373 1339 obse·

182 1382 295 1468 quium
328 1382 431 1448 coacti
459 1380 574 1448 luisse.
631 1385 670 1448 tt
704 1382 736 1446 in
771 1382 906 1448 Petroni
939 1382 1025 1448 nulla
1061 1381 1220 1448 dubitatio
1255 1387 1302 1446 est
1338 1378 1371 1444 in

182 1486 349 1554 Ρῶοοόοιιο
382 1508 412 1573 p.
437 1491 499 1554 110
536 1509 562 1552 σ.
599 1488 702 1554 ἐκεῖνον
732 1489 758 1554 οἱ
789 1488 864 1556 λόόοι
895 1489 1020 1570 catenat
1050 1489 1107 1554 eici
1139 1487 1190 1553 sul
1222 1488 1255 1552 od
1279 1507 1370 1550 ναπε-

183 1592 357 1672 δηδεσμόνοι
399 1591 464 1659 οὐδὲ
498 1593 729 1676 διεφθαρμένοι,
766 1589 864 1676 ῶσπερ
898 1596 923 1660 οἱ
958 1594 1081 1668 ἕνόοόδε,
1119 1593 1177 1659 ὑπὸ
1212 1589 1372 1666 σηπεδόνος

184 1698 236 1766 καὶ
270 1695 393 1778 ῶλμης,
428 1697 485 1764 oet
515 1706 573 1764 πῶν
606 1699 688 1780 δεῦρο
719 1697 974 1780 ξυνερρνηιιότον,
1005 1696 1027 1766 il
1060 1700 1113 1765 nul
1138 1699 1228 1771 λόόοις
1252 1697 1304 1762 καὶ
1328 1705 1371 1780 νῇ

183 1805 323 1880 καὶτοῖς
356 1801 463 1877 ῶλλοις
497 1801 578 1886 ζῴοις
610 1830 645 1870 σε
677 1805 730 1871 καὶ
762 1811 871 1890 φυτοῖς
895 1805 995 1890 αἴσχη
1018 1830 1054 1871 σε
1078 1805 1130 1870 καὶ
1154 1801 1254 1877 νόσους
1279 1801 1373 1884 παρέ·
1451 1791 1453 1794 ’

182 1933 255 1992 χει,
281 1910 313 1974 in
340 1908 390 1976 liis
416 1910 517 1994 igitur
539 1909 644 1978 verbis
665 1909 751 1977 nulla
771 1919 839 1987 est,
864 1913 1012 1998 iniquam,
1037 1910 1195 1977 dubitatio
1215 1909 1292 1995 quin
1315 1907 1372 1974 ὑπὸ

183 2014 346 2092 σηπεδόνος
377 2015 430 2082 καὶ
466 2013 572 2096 ἅλμης
611 2019 678 2082 sint
712 2016 751 2082 ab
794 2016 901 2104 aliquo
942 2015 1039 2083 sciolo
1073 2014 1283 2102 interpolata,
1318 2014 1373 2100 qui

187 2142 251 2188 non
276 2124 355 2188 satis
376 2129 426 2188 est
446 2131 615 2188 assecutus
638 2121 716 2208 quid
742 2122 841 2188 Patro
868 2122 998 2188 diceret.
1051 2122 1150 2188 Porro
1171 2123 1282 2208 paucis
1307 2140 1375 2186 ver·

187 2227 236 2294 bis
261 2226 447 2314 complexus
478 2237 527 2293 est
550 2226 706 2314 quidquid
733 2227 828 2294 rebus
854 2226 1062 2294 terrestribus
1088 2227 1188 2294 labem
1218 2235 1251 2293 et
1274 2225 1374 2293 detri-

185 2342 329 2400 mentum
355 2332 502 2400 afferret:
527 2333 571 2398 πα
589 2333 673 2414 δεῦρο
692 2331 912 2415 ξυνερρυηαόσα
933 2331 985 2422 (cl.
1011 2354 1042 2420 p.
1063 2337 1124 2400 109
1147 2333 1207 2422 ιλ),
1232 2333 1293 2399 iste
1312 2330 1376 2398 duo

184 2439 224 2504 de
248 2437 298 2504 bis
323 2441 469 2508 nominat
488 2437 642 2516 σηπιδόνα
670 2441 721 2506 νισι
754 2437 859 2520 ἅλμην
884 2459 983 2526 eaque
1007 2438 1103 2507 verba
1127 2440 1174 2505 sic
1200 2439 1375 2526 interponit

184 2553 221 2611 ut
245 2542 285 2610 ad
311 2545 431 2632 lepidos
455 2543 620 2612 referenda
647 2546 727 2622 sint,
759 2545 852 2631 quasi
877 2564 953 2610 vero
978 2545 1099 2630 possint
1122 2547 1147 2611 oi
1171 2545 1247 2611 λόόοι
1270 2553 1375 2622 σαπη·

184 2665 233 2716 ναι
264 2657 321 2716 aut
356 2651 413 2716 ὑπό
444 2651 604 2728 σηπεδόνος
635 2651 851 2734 διαφθαρῆναι.
898 2649 939 2714 At
970 2671 1059 2728 vcro,
1092 2649 1210 2718 dixerit
1239 2651 1375 2737 aliquis,

181 2765 358 2844 perveteres
403 2766 494 2823 tostos
540 2755 631 2822 dubet
666 2778 702 2822 ea
736 2756 906 2844 scripturo,
941 2777 1035 2842 quam
1071 2766 1104 2821 to
1138 2758 1279 2823 domnos.
1334 2756 1375 2822 Io

185 2861 309 2929 Eusenu
338 2863 430 2928 tibris
461 2863 538 2928 οόίιιν
568 2863 746 2950 serebatur,
778 2862 841 2926 ιιιέἰ
871 2862 952 2948 quod
976 2863 1031 2929 itte
1055 2863 1112 2929 ὑπό
1137 2861 1297 2938 σηπεδόνος
1322 2863 1374 2928 καὶ

184 2965 292 3048 ἅλμης
323 2969 375 3036 καὶ
411 2971 469 3035 ὑπό
498 2976 557 3035 σῶν
587 2969 670 3050 δεῦρο
703 2966 939 3050 ξυνερρνηκόσιον
974 2968 1007 3032 ιἰι
1041 2989 1097 3034 auo
1128 2967 1230 3035 codiee
1262 2969 1375 3058 lept'me

187 3073 318 3140 uidetur.
367 3073 411 3141 tte
435 3095 529 3162 quem
556 3095 592 3142 ea
625 3095 677 3141 res
713 3082 837 3140 moveat
873 3073 1045 3159 diligenter
1080 3077 1198 3161 cogitet
1234 3075 1311 3140 titia
1344 3081 1377 3142 et

185 3178 450 3266 interpolationes
481 3201 576 3248 omne
610 3200 712 3267 genus
743 3180 908 3268 aliquanto
941 3187 1015 3246 ante
1046 3180 1205 3248 besentun
1233 3188 1265 3248 et
1297 3181 1375 3248 Gon·

186 3303 323 3352 srnnrmt
346 3295 484 3354 aetatem
514 3287 546 3352 in
573 3295 716 3354 veterum
740 3284 833 3352 libris
858 3284 1044 3363 inolevisse,
1073 3286 1190 3373 quibus
1214 3295 1282 3355 tum
1307 3289 1376 3374 qui·

186 3390 259 3458 dem
285 3391 318 3456 in
343 3391 398 3459 illo
429 3402 561 3460 veterno
584 3402 617 3459 et
651 3392 740 3458 senio
773 3409 866 3458 nemo
896 3399 967 3457 erat
996 3391 1204 3458 emendandis
1226 3401 1283 3460 aot
1307 3394 1377 3458 ani-

187 3496 436 3564 madvertendis.
476 3497 649 3588 Utriusque
669 3499 798 3586 generis
819 3516 932 3584 ponam
958 3517 1056 3564 unum
1076 3496 1258 3585 enenrplum
1278 3508 1310 3566 et
1330 3501 1376 3566 sic

185 3601 227 3670 ad
261 3602 417 3672 bucinnuu
450 3613 606 3672 revertar.
655 3605 691 3670 lo
728 3605 897 3670 Prusiacas
933 3604 1076 3670 Οἰοοιοιιε
1111 3603 1201 3670 locus
1237 3613 1285 3672 est
1319 3625 1377 3693 per

186 3708 317 3795 longum
343 3709 547 3777 saecolorum
572 3719 714 3778 tractum
739 3708 878 3777 absurde
902 3708 1117 3796 depravatus,
1143 3730 1238 3797 quem
1263 3712 1378 3779 Graeci

186 3816 220 3882 in
245 3815 409 3904 integrum
431 3818 603 3893 restituere
630 3837 692 3882 non
718 3823 904 3903 potuerunt.
955 3816 1086 3902 Legitur
1110 3837 1179 3904 cap.
1204 3820 1312 3894 ὅποὺς
1335 3821 1378 3902 σῷ

185 3919 268 4001 βοῶν
290 3920 425 4002 μεγοόλα
448 3922 623 4006 χρωμένους
653 3923 778 4005 ῥησορας
811 3921 1007 3990 ἐπισκώπτων
1041 3921 1133 4004 ἔλεγε
1157 3923 1196 3990 δι’
1221 3926 1379 3992 οόσόόνειαν

187 4027 238 4094 ἐπὶ
262 4029 317 4104 rip
340 4032 477 4110 κρανγην
501 4027 599 4112 ῶσπερ
622 4030 744 4110 καλοὺς
770 4029 821 4111 ἐφ’
844 4029 945 4095 ἵππον
969 4030 1089 4107 πηδῶν,
1114 4031 1379 4118 antiquissimum

187 4133 304 4199 vitium
333 4134 457 4202 obsidet
490 4135 586 4202 verba
619 4138 660 4218 τῶ
684 4136 763 4216 βοῶν
794 4134 1143 4218 praedamnantem,
1176 4157 1279 4224 neque
1301 4139 1381 4219 βοῶν

185 4237 321 4320 μεγάλα
354 4239 419 4307 dici
452 4250 556 4329 polest
587 4262 645 4329 pro
669 4243 757 4323 μέγα
784 4261 888 4327 neque
907 4243 949 4324 τῷ
974 4243 1054 4323 βοῶν
1076 4241 1212 4324 predae
1235 4251 1380 4328 χρῶμαι,

188 4365 271 4432 quae
285 4345 386 4413 rerba
406 4367 468 4416 non
490 4356 567 4415 sunt
587 4348 707 4416 Graeco
729 4367 819 4414 more
838 4349 1034 4436 composita,
1058 4360 1091 4418 et
1112 4371 1174 4417 non
1196 4351 1382 4438 significant

187 4452 278 4532 μέγα
292 4451 373 4532 βοῶ,
401 4463 560 4541 utileque
580 4461 705 4537 χρῶμαι
726 4455 768 4537 σῷ
793 4454 915 4534 λέγειν,
935 4458 978 4539 σῷ
999 4457 1109 4535 πόνειν,
1134 4457 1189 4524 sed
1213 4459 1256 4541 πῶ
1279 4457 1381 4539 λόγῳ,
