3150 4972
185 547 312 608 σκοπεῖν
342 537 426 620 εἴπερ
455 539 568 608 δεκτέα
592 560 650 628 pru
671 543 698 608 ri
721 536 930 623 παραδεκτέα.
980 536 1071 623 Quod
1095 537 1281 602 etiamnunc
1307 555 1375 622 per·

187 646 356 732 vulgatum
388 654 436 712 cst
465 645 573 715 dicere
596 651 614 734 §
641 653 694 715 82.
718 648 786 728 περὶ
810 653 868 712 τῶν
892 645 1035 720 παιδίαν,
1059 647 1097 716 ὥς
1121 643 1245 708 απιτέον
1269 643 1374 714 αὐτοῖς

186 755 230 826 εἷς
265 750 472 830 διδασκάλου,
504 755 556 819 καὶ
587 755 651 835 γαρ
680 754 719 821 διν
751 753 877 832 μηδέπω
902 755 1012 830 μαθεῖν
1035 750 1153 831 οὶγαθόν
1174 775 1203 816 τι
1228 749 1374 815 δύνωνται

186 860 262 926 αλλ’
287 854 470 940 οὗνφαῦλον
487 860 568 926 οὐδὲν
581 863 753 937 ποιήσουσιν
773 861 856 925 ἐκεῖ
873 858 1034 938 μένοντες,
1058 875 1169 922 omnes
1192 853 1376 921 diceremus

186 966 258 1032 νέκοι
292 963 433 1043 μένοντες
465 973 497 1030 et
528 967 575 1032 sic
608 966 762 1034 Lucrnnun
793 985 920 1052 quoque
950 962 1069 1030 dixisse
1092 961 1231 1040 μένοντες
1257 959 1376 1026 indicio

188 1080 258 1147 cst,
283 1069 368 1156 quod
394 1083 479 1135 nanc
507 1091 563 1157 pru
586 1071 668 1147 ὄντες
695 1073 836 1159 positum
859 1078 927 1138 est:
952 1076 1115 1156 praeterea
1141 1066 1209 1152 lege
1233 1067 1292 1133 κᾶν
1310 1065 1375 1149 γαρ

187 1178 314 1260 μηδέπω
346 1186 379 1242 et
401 1177 526 1260 φαῦλόν
549 1181 582 1258 γ’
607 1177 698 1246 οὐδέν.
748 1175 828 1258 Quis
853 1196 914 1243 nnn
941 1174 1061 1241 rideret
1084 1175 1111 1238 si
1137 1193 1231 1259 quem
1258 1175 1290 1237 in
1314 1173 1376 1239 cir·

189 1285 262 1351 cuin
285 1281 414 1349 audiret
438 1281 470 1347 id
493 1283 674 1359 dicentem,
700 1283 783 1370 quod
811 1283 928 1368 tegitur
949 1287 1009 1356 δέ,
1034 1287 1063 1346 1.
1086 1281 1100 1345 δ
1120 1280 1274 1360 Ἡρόδοτος
1293 1281 1379 1345 ἐσκο-

189 1399 277 1456 πεῖτο
307 1389 378 1469 πρὸς
412 1389 521 1456 ἑαυτὸν
544 1385 624 1464 ὅπως
652 1389 691 1457 ἂν
715 1389 840 1471 τάχιςα
863 1386 1044 1470 περιβόητος
1066 1386 1184 1466 γένοιτο
1208 1386 1261 1451 καὶ
1284 1388 1378 1461 αὐτὸς

189 1495 242 1562 καὶ
265 1495 309 1561 τὰ
332 1495 685 1577 συγγραμμάτια,
711 1495 770 1560 buc
792 1493 939 1580 estquod
960 1490 1221 1558 [secantes-dicit
1240 1492 1292 1559 τὸν
1310 1503 1378 1559 Φει·

190 1602 257 1668 διἀν
280 1601 464 1683 κοροπλαέον
485 1609 609 1680 καλεῖν,
637 1601 771 1667 Sornsm
795 1601 915 1687 optime
946 1599 1191 1680 συγγράμματα
1215 1599 1378 1674 restituit,

192 1706 244 1774 sed
270 1727 364 1772 nemo
388 1707 522 1792 accepit.

236 1812 306 1894 Quo
329 1815 400 1881 iure
423 1823 480 1877 aut
504 1832 592 1879 mure
614 1811 736 1879 dictum
763 1821 811 1880 est
836 1817 894 1890 24,
919 1818 949 1880 ὅ.
970 1815 1078 1878 πᾶσαν
1101 1810 1140 1878 ev
1160 1811 1231 1885 ἴδοις
1250 1811 1306 1885 ‘rite
1326 1808 1379 1877 τέ·

192 1936 239 1988 λιν
261 1927 321 1987 τῶν
338 1917 489 1994 'sterant
515 1917 695 2006 interpres:
722 1939 862 1985 »amnem
887 1918 992 1984 videus
1011 1918 1202 1983 Athenarum
1226 1917 1381 1996 urcem,”

194 2037 256 2092 tam
295 2025 377 2092 maie
416 2023 531 2090 Graece
565 2044 661 2110 quam
698 2023 809 2090 Latine
838 2023 975 2091 dictmn.
1023 2023 1176 2090 Rescribe
1203 2024 1379 2100 Ἀθηναίων.

194 2132 249 2200 Est
274 2133 307 2196 in
329 2129 420 2198 codd.
445 2129 721 2218 compendioiutu‚
752 2151 831 2218 quu,
855 2132 999 2210 Ἀθῆναι,
1024 2135 1202 2209 Ἀθήνησιν,
1228 2131 1380 2204 Ἀθηναῖοι

194 2239 376 2325 caeterique
406 2255 502 2303 casus
532 2257 643 2303 omnes
674 2236 910 2322 significantur.
958 2236 1051 2303 Certa
1081 2239 1167 2324 aptio
1190 2245 1239 2306 est
1261 2233 1381 2301 intedi-

194 2345 343 2430 geutibus
374 2350 406 2409 et
437 2341 499 2408 hoc
523 2342 713 2430 agentibus,
731 2363 800 2408 nou
827 2343 899 2410 istis
923 2345 974 2410 vix
999 2343 1126 2431 singula
1151 2341 1302 2410 vocabula
1328 2361 1380 2408 ca-

195 2450 365 2538 pientibus.

374 2553 519 2621 Δέσποιν·
541 2556 673 2621 ἁπασῶν
695 2555 792 2622 πότνι’
816 2558 982 2631 Ἀθηναίων
1006 2555 1088 2624 πόλι.

194 2670 242 2729 est
264 2662 349 2749 apud
375 2659 542 2727 Comicum
565 2661 596 2725 in
620 2661 725 2728 Brutus
747 2661 962 2730 Guarsosrum
983 2673 1064 2730 orat.
1087 2669 1141 2731 et.
1164 2684 1195 2751 p.
1217 2667 1296 2730 596.
1313 2660 1381 2751 (ubi

196 2789 265 2834 mcx
289 2766 425 2834 emenda
450 2764 480 2832 οἵ
497 2791 537 2845 γε
560 2767 762 2846 λοιμώττουσι
787 2789 844 2854 pru
866 2771 1077 2858 λιμώττοντι).
1126 2771 1180 2837 sie
1200 2789 1329 2846 omnm,
1349 2777 1383 2834 et

194 2875 269 2942 hinc
302 2878 333 2941 ἐν
367 2883 406 2956 τῇ
441 2873 621 2954 Κεχηναίων
657 2873 744 2940 σέλει
781 2874 859 2941 tusit
895 2875 957 2942 itte.
1006 2877 1042 2942 in
1080 2878 1226 2943 Pcnrnnts
1268 2874 1382 2961 Gurpia

194 3001 225 3068 p.
252 2987 316 3048 tte
341 2979 365 3046 Ε
390 2980 434 3046 τοὶ
455 2980 548 3059 τείχη
569 2985 628 3044 τῶν
647 2982 812 3055 ’Adsuetus
829 2980 892 3047 duo
914 2982 1027 3048 ultima
1049 2981 1182 3051 delenda
1196 2989 1283 3048 suut.
1307 2980 1380 3046 Exi·

194 3107 256 3173 gua
276 3086 392 3154 lineola
412 3087 531 3151 seruiet
549 3085 724 3163 damnum,
751 3086 834 3172 quud
857 3090 980 3175 accepit
1000 3089 1087 3155 lucus
1108 3095 1168 3166 δέ,
1194 3093 1224 3154 4.
1244 3089 1380 3156 inmen-

195 3195 279 3260 ticne
311 3199 370 3258 τῶν
399 3191 582 3273 Φροντέδυν,
612 3187 681 3255 ὅσαι
705 3192 748 3273 τῷ
771 3199 958 3274 συγγραφεῖ
979 3193 1095 3263 ἔνεισιν.
1121 3194 1276 3262 dicuntur
1293 3200 1381 3277 Φρου-

195 3303 274 3374 τέδει
306 3297 403 3366 rebus
434 3299 561 3370 ε’νεῑναι,
591 3297 737 3363 homines
767 3295 873 3378 έχουσι
902 3301 1076 3383 Φροντέδας.
1126 3302 1289 3388 Scriptum
1314 3311 1384 3367 erat

197 3389 425 3473 (ῖΤΓΓΡλῶἑΪ
451 3403 471 3469 i.
486 3423 514 3469 e.
535 3401 754 3485 συγγράφειν,
780 3403 864 3490 quod
881 3424 919 3471 es
935 3407 1098 3473 nonnuttts
1111 3407 1202 3474 libris
1215 3425 1381 3494 perperam

195 3513 331 3579 incurtrz
362 3509 520 3587 mutavit,
549 3508 630 3576 hene
663 3510 823 3574 Retinens
852 3513 1023 3577 revocavit.
1072 3513 1107 3578 Ιιι
1134 3516 1152 3598 §
1181 3520 1232 3579 nt.
1262 3533 1319 3600 pre
1341 3511 1385 3577 τοὶ

196 3619 291 3685 αὐτοῦ
316 3617 428 3682 ἐκείνου
452 3615 579 3700 corrige
603 3614 645 3680 τοὶ
668 3615 754 3680 αὐτοὶ
776 3615 877 3698 έκεέιῳ
900 3625 933 3683 et
956 3615 979 3706 §
1003 3622 1055 3684 32.
1076 3619 1120 3684 roi
1139 3617 1306 3697 ἀξιοθέατοι
1327 3637 1384 3704 pro

196 3723 360 3806 ἀξιόρατα.
408 3719 499 3803 Quod
530 3723 561 3785 in
588 3724 606 3806 §
629 3725 684 3788 42.
709 3721 798 3796 τέλος
820 3730 877 3799 τῆς
903 3724 1015 3805 impiae
1039 3745 1109 3791 esse
1133 3724 1255 3793 dieitur
1277 3727 1314 3799 ὥς
1340 3721 1383 3789 ei·

197 3854 271 3897 ποτε
302 3829 355 3894 καὶ
387 3824 471 3900 αὖθις
502 3827 545 3892 τοὶ
574 3823 665 3905 ὅμοια
688 3825 870 3906 καταλάβοι
894 3827 993 3910 ἔχοιεν
1017 3831 1089 3913 πρὸς
1113 3833 1156 3898 τοὶ
1180 3854 1385 3916 προγεγραμ-

197 3935 277 4014 μένα
305 3933 541 4013 ἀποβλέποντες
570 3930 603 4000 εὖ
632 3935 769 4016 χρῆσθαι
804 3943 867 4009 τοῖς
901 3936 932 4001 έν
956 3938 1043 4003 ποσίν
1069 3939 1110 4003 ita
1135 3959 1250 4005 rernm
1278 3938 1341 4006 erit
1368 3955 1385 4000 e

198 4051 284 4108 recte
319 4039 442 4106 dictum
479 4039 505 4105 si
536 4037 805 4121 προγεγραμμένα
833 4041 1019 4108 emendabis
1051 4045 1082 4108 in
1114 4048 1380 4128 προγεγενημένα.

199 4148 303 4212 tronus
336 4144 510 4211 historicus
542 4143 634 4211 debet
660 4165 729 4212 esse
753 4147 785 4232 (§
814 4151 891 4232 tt),
920 4156 954 4213 ut
980 4168 1091 4214 verum
1116 4149 1265 4239 dispiciat
1291 4156 1322 4222 in
1349 4177 1384 4224 rc

198 4254 340 4327 incerta,
363 4251 530 4332 ςοχαςικόρ
553 4275 601 4324 τις
624 4252 677 4317 καδ
702 4252 872 4326 συνθετικὸς
895 4258 949 4318 τοῦ
972 4257 1184 4339 πιθανωτέρου.
1223 4259 1310 4328 idem
1334 4274 1384 4332 est

199 4357 270 4424 honi
295 4357 406 4422 critici
431 4355 592 4433 officium,
619 4359 727 4444 itaque
751 4355 923 4442 diiigenter
947 4361 1164 4442 erudiendum,
1188 4366 1265 4452 quid
1291 4389 1383 4454 prae·

199 4464 358 4549 cipiatur‚
393 4471 426 4528 at
461 4461 609 4549 equidem
647 4483 708 4530 uon
744 4482 897 4551 assequor
930 4467 1007 4552 quid
1038 4473 1080 4534 sit
1113 4471 1144 4536 in
1171 4491 1205 4537 re
1229 4471 1325 4540 dubia
1349 4476 1385 4540 τὸ
