3136 4966
798 341 868 412 596

463 537 538 603 άλλ’
563 536 632 604 οὔτε
655 534 763 618 βωμὸς
786 535 850 604 οὔτ’
875 533 1071 610 ’Λπόλλωνος
1096 531 1187 632 δόμος

463 645 552 709 σώσει
576 667 623 711 σε.

237 749 292 817 sed
317 767 404 816 nuno
427 747 557 815 domurn
584 750 620 816 iit
644 747 852 816 menifestum
879 766 943 814 uua
966 747 1065 815 litura
1089 745 1260 814 delendum
1285 767 1357 815 esse
1380 747 1428 813 iu·

237 855 361 924 sulsurn
386 857 550 922 senarium

463 967 503 1038 ὥς
526 965 559 1031 οὐ
583 962 666 1039 δίκην
690 963 827 1028 recem
850 967 908 1027 πῶν
931 960 1152 1044 εἰργασμένων.

239 1070 271 1136 io
302 1068 356 1136 tali
389 1089 424 1136 re
452 1069 624 1155 Euripides
646 1076 704 1136 τῶν
719 1066 914 1162 ,δεδραμένων
938 1068 1022 1143 δίκην
1046 1085 1164 1154 ponere
1188 1065 1288 1146 solet,
1311 1074 1347 1135 ct
1369 1087 1430 1134 cur

238 1175 420 1263 contugerit
451 1173 490 1241 orl
520 1195 609 1242 araur
635 1175 714 1263 nuru
737 1176 854 1242 attinet
876 1174 1003 1252 dicere,
1028 1173 1216 1261 praesertim
1243 1171 1299 1240 uhi
1324 1175 1430 1242 conti·

240 1301 304 1350 nuo
327 1282 433 1350 addit:
457 1281 534 1350 άλλ’
558 1281 628 1349 οὔτε
651 1280 916 1362 βωμὸς-σώσει
940 1307 985 1348 σε.

285 1389 320 1456 ln
345 1388 421 1456 lone
445 1409 490 1455 vs.
519 1393 616 1456 ruer.

421 1497 465 1563 πά
487 1496 515 1561 δ’
538 1493 627 1561 άλλιι
650 1495 722 1577 πρὸς
746 1495 780 1560 σὲ
802 1493 958 1573 βούλομαι
979 1493 1074 1574 μάνην
1097 1494 1229 1579 Φράσσι.

419 1601 497 1685 δεῦρ’
521 1601 600 1669 ἔλθ’·
627 1602 656 1676 ἐς
681 1595 729 1674 οὖς
753 1623 798 1664 σοι
822 1599 892 1672 ποὺς
913 1599 1025 1679 λάγους
1050 1602 1145 1667 εἰπεῖν
1170 1600 1245 1668 tino

225 1787 232 1800 ,
420 1707 473 1773 κοά
498 1705 710 1789 περικαλύψαι
733 1714 812 1773 τοῖσι
835 1705 1005 1787 πράγμιοσι
1028 1705 1146 1774 σκάσον.

220 1801 278 1880 vetl
304 1812 530 1900 Aristophanis
555 1813 635 1880 Aves
659 1833 705 1878 us.
734 1817 829 1878 ltili.

420 1921 500 2003 δεῦρ’
523 1923 561 1992 ὡς
586 1918 637 2001 ἔμ’
661 1921 862 2001 ἀποχώρησον
882 1915 931 1984 lua
954 1917 988 1983 σι’
1009 1943 1055 1984 σοι
1078 1921 1198 2003 Φράσον.

239 2034 289 2093 est
312 2037 405 2093 retus
430 2025 600 2092 Scholion:
622 2028 698 2092 'ori
720 2023 818 2104 ὅμοιον
841 2026 883 2106 σοῖν
907 2021 991 2108 τάπερ
1015 2025 1130 2108 ἐκεινῳ·

417 2133 496 2213 δεῦρ’
520 2131 604 2199 tult-
629 2132 684 2198 σὺν
708 2133 753 2197 σοὶ
776 2127 886 2198 πάλλον
909 2129 1066 2212 βούλομαι
1089 2129 1222 2216 φράσοι.

238 2245 371 2326 apparet
394 2237 631 2306 emendandum
656 2258 740 2306 esse:

373 2343 454 2426 δεῦρ’
479 2345 542 2412 ἔλθ’
567 2346 628 2411 ’GC
652 2355 735 2411 O'rc
759 2367 804 2410 σοι
827 2339 938 2410 σάλλοι
959 2342 1116 2423 βούλομαι
1139 2343 1273 2429 Φράσοιι.

237 2451 334 2516 simul
358 2451 456 2517 etiarn
483 2449 561 2528 lroc,
585 2449 697 2526 oredo,
722 2456 854 2537 apparet
879 2448 961 2516 harre
984 2469 1055 2516 esse
1078 2451 1253 2536 genuinam
1279 2473 1318 2518 ac
1345 2463 1427 2520 uete-

238 2574 306 2622 reru
341 2555 401 2622 loci
434 2555 600 2644 Euripirlei
633 2557 851 2643 scripturam,
875 2562 906 2621 et
932 2553 1093 2648 uulgatum
1118 2576 1156 2624 ex
1181 2557 1427 2646 interpolatione

237 2671 358 2729 natam.
395 2663 518 2750 Ecquid
551 2661 702 2749 trigidius
733 2670 941 2748 esse-potest
974 2680 1070 2748 quam
1100 2665 1170 2736 τοὺς
1193 2663 1308 2745 λόγους
1331 2669 1427 2733 εἰπεῖν

127 2824 129 2828 .
236 2769 331 2848 llio,
357 2769 411 2835 utu
436 2768 572 2836 dixeris:
598 2771 641 2836 τά
665 2770 691 2835 δ’
716 2769 805 2836 άλλιι
827 2767 984 2847 βούλιμον
1008 2767 1151 2852 Φράσοιῖ

282 2876 317 2941 ln
341 2875 507 2963 lplu'peniu
535 2875 665 2943 Taurino
692 2897 736 2941 rs.
765 2879 838 2943 104.

463 2983 595 3066 Φεάγειν
620 2983 676 3063 μὲν
700 2985 753 3049 οὐκ
777 2983 904 3048 άνσκπάν
926 2979 1161 3060 colluuione

463 3089 514 3156 τὸν
539 3093 592 3155 τοῦ
616 3093 681 3156 θεοῦ
705 3114 741 3155 πε
765 3087 906 3171 χρησμὸν
927 3088 960 3154 οὐ
983 3087 1134 3157 κάκιςέον.

236 3196 397 3262 sententia
426 3204 475 3262 est
508 3195 678 3263 ruanilesto
708 3194 802 3261 haec:
838 3216 936 3282 neque
968 3213 1158 3261 srenucnouu
1189 3206 1233 3261 est
1264 3197 1425 3264 naculum

236 3300 402 3386 Apollinis.
429 3310 461 3368 el
484 3303 638 3386 κακίζειν,
666 3301 695 3366 iu
720 3310 769 3366 est
795 3307 896 3373 κακῶς
919 3299 1042 3380 λέγειν,
1067 3297 1108 3364 alr
1133 3298 1191 3366 hoo
1212 3301 1281 3367 loco
1299 3300 1425 3369 alienis·

206 3418 210 3426 “
236 3410 366 3474 sirnuur.
408 3406 488 3488 Quia
510 3430 656 3494 spernere
678 3407 763 3494 apud
789 3407 942 3492 Tragicos
967 3405 1127 3492 frequenti
1153 3427 1213 3474 usu
1236 3418 1288 3475 est
1311 3407 1424 3491 άτιζειν

236 3515 267 3579 io
295 3522 422 3601 prourtu
447 3524 517 3581 erar
540 3514 711 3581 enreudare
730 3518 784 3581 οὐκ
803 3514 935 3582 erarico.
961 3512 1048 3580 ldcm
1072 3511 1270 3581 llirclrluoffio
1290 3516 1324 3580 in
1339 3535 1422 3581 meu·

235 3629 299 3687 tenr
333 3629 480 3700 venerat,
514 3620 569 3687 sed
603 3629 738 3707 uterque
770 3628 877 3685 acturo
908 3622 1045 3704 egimus.
1082 3622 1164 3690 Olim
1194 3621 1423 3688 Valckenarius

235 3728 289 3792 οὐκ
307 3725 428 3798 άσιςὲον
451 3736 634 3793 correxerat
656 3735 738 3793 teste
757 3723 919 3791 lliudorlio
939 3725 979 3790 au
998 3725 1107 3814 Steph.
1122 3727 1216 3794 Thes.
1230 3748 1260 3794 v.
1275 3729 1422 3796 Ἀπιεένκ

235 3830 420 3900 llindorfius
451 3837 558 3899 tarnen
593 3832 708 3899 nraluit
742 3831 830 3898 harre
855 3831 1075 3900 coniecturam
1100 3834 1235 3917 ἀτίζειν,
1267 3855 1371 3922 neque
1393 3831 1421 3898 irl

233 3937 453 4023 reprehendo,
486 3959 560 4005 nam
594 3938 767 4026 probabilis
798 3945 861 4014 est,
897 3957 958 4003 nen
992 3950 1099 4017 certa,
1136 3949 1305 4029 potestque
1336 3937 1421 4008 aliud

234 4042 311 4131 quiri
337 4045 560 4112 intercidisse:
587 4045 697 4112 sedin
724 4066 771 4112 rs.
799 4049 878 4112 528.

781 4153 892 4231 μορίων
915 4149 978 4231 γάρ
1002 4152 1036 4217 ἐκ
1056 4159 1153 4234 χερῶν

448 4257 543 4331 οὐδεὶς
566 4257 609 4323 τά
633 4265 688 4333 τῆς
712 4258 778 4324 θεοῦ
802 4256 917 4336 θύματ’
938 4257 1065 4338 εὐτύχει
1088 4259 1206 4340 βινλῶν.

448 4364 538 4442 μόλις
562 4363 594 4430 δέ
619 4389 660 4430 νιν
683 4363 783 4448 einp„
806 4365 864 4442 μὲν
886 4366 919 4430 οὐ
941 4365 1154 4445 χειρούμεάά,’

449 4471 550 4553 κύκλῳ
574 4469 606 4535 δὲ
629 4471 851 4552 περιβαλόντες
876 4468 1095 4554 ἐξεκλέψαμεν
