3160 4972
706 341 778 416 137

138 553 187 610 λις
233 537 402 616 διαβάντες
449 535 579 618 ύτερΟΝ
631 539 856 620 παρεγένοντο,
910 539 1005 607 scrib.
1054 540 1194 624 ύτερΟΙ,
1250 563 1327 608 sero.

185 642 332 732 Thucyd.
360 643 398 710 lt.
424 647 455 709 7.
480 643 578 708 scrib.
597 643 835 724 Λακεδαιμόνιοι
851 685 889 696 -
904 655 978 724 ναῦς
1001 647 1240 729 ἐπεπετοίχεσαν
1263 671 1328 714 ποι·

138 750 253 827 εῑσίαι,
277 769 335 835 pru
359 748 613 828 Λακεδαιμονίοις
625 787 671 800 -
683 751 913 832 ἐπετάχθησαν.

185 854 330 943 Tirucyd.
357 855 397 921 ii.
427 861 476 921 11.
500 855 604 936 ἄνδρες
628 860 861 934 Πελοποννήσιοι
885 860 938 927 καί
965 862 1020 948 [oi]
1046 860 1232 942 ξύμμαχοι,
1258 867 1329 926 ΚΑΙ

138 965 163 1029 oi
189 963 321 1044 πατέρες
345 964 429 1040 ἡμῶν
452 962 517 1026 κτὲ.
565 961 663 1027 Vides
686 983 724 1028 ex
750 983 814 1049 quo
838 984 946 1033 errore
970 969 995 1033 oi
1018 975 1129 1032 natum
1153 967 1205 1032 sit.
1279 1031 1284 1037 .

185 1066 331 1157 Thucpd.
356 1067 395 1134 ii.
434 1073 470 1134 11
504 1067 602 1134 scrib.
636 1070 964 1146 Μελησιππον-τὸν
988 1072 1149 1154 Anapum
1173 1091 1230 1157 pro
1254 1081 1331 1136 Δια·
1441 1152 1451 1166 ·

138 1176 258 1257 κρίτου,
283 1172 366 1259 quod
393 1193 453 1239 nou
479 1184 529 1240 est
552 1173 709 1240 Graecum
735 1195 863 1243 conten.

186 1278 334 1368 Tbucyd.
360 1280 402 1346 li,
434 1286 483 1346 13.
508 1279 553 1345 ἔτι
578 1279 609 1347 δὲ
632 1286 691 1346 τῶν
714 1282 961 1358 Πελοποννησίων
983 1283 1217 1366 ξυλλενομένων
1238 1308 1274 1349 τε
1298 1284 1330 1356 ἐς

136 1387 192 1455 τδν
222 1385 342 1464 Ἰσίμδν
372 1386 424 1452 καὶ
457 1387 487 1451 ἕν
519 1385 573 1468 ὁδῷ
604 1385 695 1452 ύντυν
729 1389 812 1473 [πρὶν
846 1390 995 1470 ἐσβαλεῖν
1019 1391 1127 1467 dcciv
1151 1388 1327 1477 Ἀττιιινίν].

137 1493 281 1560 coecum
307 1501 338 1558 ct
364 1491 540 1558 absurdum
566 1492 739 1558 emblema!
764 1493 863 1560 Nemo
888 1505 991 1582 potest
1016 1495 1111 1562 simut
1135 1497 1165 1560 in
1193 1497 1243 1558 vta
1264 1513 1333 1560 esse

138 1609 171 1668 ct
204 1599 280 1666 iiiuc
314 1620 376 1686 quo
405 1597 570 1666 contendit
605 1599 800 1685 pervenisse.
853 1601 1025 1689 Participin
1050 1610 1124 1668 sunt
1150 1598 1330 1686 imperfecti

137 1707 294 1793 temporis
326 1727 383 1793 pro
413 1700 493 1770 ἐν
474 1731 495 1788 ῳ
523 1705 612 1770 ἜΤΙ
638 1703 838 1786 ξυνελέγοντί
865 1731 899 1772 τε
924 1709 977 1808 uui
1003 1711 1032 1774 ἐν
1056 1709 1111 1791 ὁδῷ
1136 1705 1225 1785 ἦσαν.
1275 1703 1330 1769 Vel

139 1812 244 1880 solum
266 1817 355 1880 ”eTl
382 1811 414 1880 δέ
437 1809 584 1876 fraudem
611 1813 731 1896 arguit.

188 1921 261 1986 Post
282 1939 383 2007 pauca
404 1915 688 1984 Valckenaerius
680 1939 712 1983 m
746 1919 878 1985 Aunott.
901 1919 975 1988 iiss.
999 1920 1108 1987 induci
1128 1885 1215 1987 iubet
1235 1916 1332 1984 verba

140 2023 240 2108 ὥσπερ
272 2027 324 2092 καί
356 2027 398 2093 τα
430 2025 495 2104 ἄνη
524 2024 661 2091 ἐλαύνειν
684 2049 826 2106 προειπον
849 2051 938 2092 ενειια
965 2028 1086 2094 ἐκείνου.
1134 2023 1331 2112 lntcrpoiata

138 2141 216 2200 suut
247 2133 341 2201 exi.
376 2135 451 2198 tac.
487 2134 561 2197 117.
596 2129 840 2219 Thucydides
833 2152 943 2220 ipser
923 2133 1061 2214 τδύρος
1085 2133 1236 2208 dixisset,
1267 2149 1330 2196 non

138 2241 181 2306 τδ
206 2264 285 2318 ανη.

187 2344 335 2474 Thucyd.
362 2343 400 2410 lt
436 2349 487 2410 15.
520 2370 538 2420 η
570 2344 700 2420 Ἀττικδρ
728 2344 758 2418 ἐς
785 2341 892 2418 Θησέα
915 2303 964 2409 αεὶ
989 2367 1075 2410 κατα
1097 2343 1202 2417 πύλεις
1226 2343 1332 2426 ᾠκεῖτο
1368 2405 1379 2418 ,

137 2449 311 2532 πρυτανεῖοί
334 2474 370 2515 τε
395 2447 518 2530 ἓχουσλ
543 2447 641 2515 cui'
621 2472 788 2531 αρχονπας.
827 2449 1021 2516 Admonitus
1041 2451 1160 2517 senties
1180 2450 1330 2532 ἕχούσΑΕ

139 2557 284 2642 requiri,
310 2553 579 2642 quemadmodum
607 2563 798 2642 postpauca
823 2554 955 2634 scribit,
979 2555 1164 2630 καταλύσας
1188 2562 1246 2624 τῶν
1268 2554 1329 2622 ίίλ-

138 2677 199 2728 λνιν
224 2661 341 2729 πίλεινν
364 2659 408 2727 τοί
430 2685 466 2726 τε
488 2661 692 2742 βουλευτήρια
715 2662 767 2727 καὶ
790 2662 850 2735 τύις
873 2660 987 2744 οίρχοίς.

186 2766 334 2855 Tintcyd.
362 2767 402 2832 ii.
433 2773 483 2834 rt.
509 2766 552 2833 ποδ
575 2766 640 2849 γὰρ
663 2767 729 2849 ίερα
754 2768 888 2850 ἕναύτῇ
911 2768 1008 2854 [τρῖ’
988 2767 1151 2850 ακροπύλει
1175 2765 1272 2852 det.]‚
1297 2775 1329 2833 ct

138 2875 254 2961 paucis
278 2873 478 2960 interpositis
501 2873 537 2938 τὸ
563 2871 627 2962 (σου
652 2871 782 2958 add)
767 2899 797 2939 εν
820 2873 956 2952 Λίμναις
981 2871 1146 2953 Διονύσου,
1173 2868 1193 2956 ᾧ
1215 2898 1259 2939 τα
1278 2874 1330 2952 οίρ

136 2980 290 3062 χαιύτερα
309 2978 464 3046 Διονύσια
498 2981 551 3065 [τῇ
584 2977 751 3068 διοδειιοίτη]
787 2987 921 3045 ποιειται
954 2981 985 3044 ἐν
1015 2979 1329 3060 μηνὶἰ1νίετηριυνι.

137 3084 307 3152 Manifesta
341 3084 546 3172 interpolatio
570 3093 635 3150 est:
665 3083 819 3152 debuerat
843 3083 955 3150 saltem
981 3084 1088 3151 dicere
1111 3094 1149 3168 τη
1174 3083 1331 3166 δυδειιοίτη

136 3216 191 3258 που
174 3194 436 3273 ”Ἀνίετηριῶνοε
454 3190 568 3271 μηνός,
593 3198 650 3257 aut
668 3199 707 3274 τῇ
729 3188 883 3275 δυδειιατη
896 3199 966 3276 post
989 3211 1115 3277 ponere.
1141 3189 1229 3257 Sciu'
1247 3187 1332 3256 unde

138 3296 370 3385 interpolatum
386 3295 449 3363 siti
474 3295 595 3383 Nempe
607 3317 644 3363 ex
659 3294 871 3362 Demosthene
892 3296 976 3362 κατα
990 3297 1127 3377 Νεαίρας
1148 3314 1218 3382 pag.
1236 3299 1333 3368 1371,

137 3401 178 3471 dc
210 3401 322 3472 codem
338 3399 437 3485 ,testo
467 3401 654 3469 scribentis:
676 3399 767 3478 ἅπαξ
789 3402 854 3482 γὰρ
882 3407 936 3468 τού
960 3403 1097 3468 ἐνιαυτοῦ
1119 3399 1230 3471 ἕκοίςου
1253 3401 1333 3467 οίνοί-

138 3533 234 3587 γεται
265 3519 305 3592 τῇ
334 3506 490 3588 δυδειιοίπη
517 3512 571 3574 τοῦ
602 3510 828 3588 Ἀνύετηριῶνος
858 3507 964 3586 μηνύς.
1021 3504 1244 3595 Thucydides,
1275 3506 1332 3592 qui

141 3615 300 3682 minutias
332 3633 395 3680 non
428 3622 543 3691 curat,
580 3615 659 3680 satis
691 3613 804 3680 babuit
828 3633 945 3699 ponere
968 3615 999 3680 ἓν
1022 3611 1092 3692 μην)
1118 3613 1333 3694 Ἀνύεςηριῶνι.

187 3717 280 3800 Quod
315 3721 467 3786 contiuuo
504 3720 652 3807 sequitur
679 3717 778 3803 ύσπερ
809 3719 861 3786 καὶ
890 3723 916 3786 οἱ
946 3721 1002 3786 ἀπ’
1027 3718 1191 3795 Ἀθηναίων
1210 3719 1332 3794 Ἴωνες,

140 3826 271 3912 corrige
300 3829 358 3892 ἀπ’
391 3827 532 3904 Ἀθηνῶν.
564 3825 722 3892 Herodoto
746 3826 914 3894 dicuntur:
939 3828 964 3893 ot
989 3827 1052 3892 απὸ
1075 3830 1129 3892 τοῦ
1152 3821 1335 3908 πρυτανηίου

140 3933 195 3996 τοῦ
220 3932 390 4008 Ἀίηναίου
413 3933 602 4015 ὁρμηθέντες.
628 3932 653 4001 1.
683 3937 757 4000 146.

190 4035 339 4126 Thucyd.
373 4039 413 4105 ii.
446 4043 499 4105 cc.
533 4039 586 4106 καί
617 4038 795 4121 περιέπλεον
826 4039 878 4106 τδν
908 4037 1013 4120 Ἰχίὺν
1043 4039 1231 4119 καλούμενον
1266 4035 1333 4126 [aba

139 4142 269 4230 νίκροιν].
321 4145 448 4232 Repnne
470 4145 502 4210 in
528 4144 686 4232 margine.

187 4249 337 4340 Tbncyti.
367 4251 407 4318 11.
442 4255 493 4317 54.
528 4251 638 4334 ταφεὶς
670 4253 849 4329 ἐποιήσαντο
879 4257 938 4318 τῶν
969 4253 1000 4318 ἐν
1030 4252 1107 4334 τῷδε
1137 4251 1179 4334 τῷ
1210 4248 1336 4334 πολέμῳ

139 4363 290 4440 πρῶτΟΝ
322 4356 544 4424 οίποίανίντυν.
594 4359 665 4425 Ain’
699 4357 794 4424 vcro?
826 4365 960 4440 πρῶτον,
991 4359 1083 4444 quasi
1115 4377 1190 4424 vero
1220 4357 1335 4426 iterum

142 4465 227 4529 mori
259 4463 451 4550 potuissent.
502 4462 795 4544 Sauconnam.
