3204 4978
725 371 795 444 ³65

162 567 216 635 καὶ
236 551 486 653 φορτίονξύλων
514 567 667 652 ἀράμενος
699 565 797 648 εἰιέβν
827 577 883 646 τῆς
911 568 1000 647 νεάς,
1037 568 1154 636 Connus
1190 571 1232 637 τά
1257 569 1353 638 αὑτοῦ

162 674 255 753 σκεύη
280 673 454 743 infeliciter
484 673 679 754 admodum,
711 692 786 740 nam
819 695 895 743 vera
919 676 1015 744 leetie
1038 683 1087 743 est
1109 674 1218 754 λαβὼν
1241 675 1353 744 ναύταν

131 781 284 859 'amuda
899 798 904 810 '

208 887 256 956 Ad
282 907 353 975 pag.
378 891 451 955 rat.
500 885 602 969 Quam
624 888 841 975 incogitanter
865 887 989 956 librarii
1012 887 1219 956 contuderint
1242 905 1290 969 λι,
1314 905 1354 956 λυ

161 1003 194 1060 et
229 1019 255 1072 μ
287 993 461 1061 luculentis
496 993 650 1082 exemplis
689 993 829 1061 ostendit
865 995 1018 1062 Venerin.
1056 995 1094 1061 ad
1137 995 1354 1062 Αύοιιίοααιιιι

164 1121 193 1186 p.
215 1103 298 1180 226,
321 1100 375 1167 ubi
396 1101 517 1168 videbis
534 1101 639 1181 ἀμτον
661 1102 818 1188 seriptum
846 1122 915 1168 esse
937 1122 994 1189 pre
1011 1099 1149 1179 ἀλυτον,
1174 1101 1275 1168 δειλία
1295 1121 1354 1188 pro

161 1206 275 1287 δεῖμα,
300 1208 435 1287 ἀρτυλύα
464 1215 521 1294 plo
548 1207 675 1290 ἀρτνμα
695 1217 726 1274 et
747 1207 940 1290 ἀρτνλιμένος
960 1228 1017 1295 pro
1037 1207 1225 1290 ἀρτυμμένος
1251 1209 1353 1294 (ἀρτυ-

161 1312 276 1402 μὲνος).
325 1313 462 1397 Κάμψαι
490 1322 523 1381 et
547 1315 693 1398 καλύψαι
721 1311 853 1379 euniusa
878 1312 950 1379 vide
978 1315 1010 1379 in
1042 1315 1173 1379 Ponsoru
1198 1313 1352 1379 Aduersu-

160 1420 220 1486 rr'r'r
243 1440 315 1507 pag.
331 1425 392 1498 64,
420 1420 472 1487 ubi
498 1421 583 1508 quod
611 1423 661 1486 vir
681 1438 829 1486 summus
854 1418 1035 1486 emendavit
1059 1421 1262 1500 ἐπικαλύψας
1280 1421 1353 1486 εἰιι-

161 1526 247 1609 τλύῳ
269 1527 339 1614 (prtt
364 1526 565 1616 ἐτικάμψας)
590 1527 709 1593 diserte
735 1527 766 1591 in
791 1523 949 1592 Marciano
972 1524 1086 1592 Codice
1110 1527 1267 1613 seriptum
1292 1535 1351 1593 est.

161 1632 281 1700 Eodem
312 1653 422 1700 errore
454 1633 539 1720 apud
571 1633 749 1700 Srnmoueu
780 1631 834 1698 lX.
870 1653 900 1718 p.
925 1636 1002 1699 391.
1027 1631 1101 1698 libri
1125 1631 1277 1699 exhibent
1299 1635 1352 1715 ἐφ’

160 1737 194 1818 ἧς
217 1740 463 1823 ταρειτέμτομεν
487 1761 544 1827 pro
566 1741 626 1822 ἀφ’
650 1738 745 1820 ἦστερ
768 1739 976 1817 ἀτελύτομεν.
1016 1738 1173 1805 Similiter
1194 1748 1224 1804 N
1248 1748 1281 1805 et
1305 1749 1351 1804 ΑΙ

161 1847 320 1932 permixta
344 1866 415 1913 esse
438 1845 510 1913 vide
536 1847 567 1911 in
594 1845 762 1912 Seulurunr
785 1841 939 1910 dietatem.
967 1844 1042 1910 Crit.
1069 1865 1139 1931 pag.
1163 1850 1218 1913 95.
1268 1841 1351 1925 Quid

160 1971 197 2018 eu
221 1951 352 2018 homine
374 1951 473 2018 laetas
498 1953 553 2038 qui
579 1973 635 2038 pro
652 1954 682 2018 ἐν
704 1951 779 2036 ᾄδοι
801 1951 904 2037 potuit
923 1950 1045 2016 ε’λιάδον
1066 1950 1228 2019 seribere?
1256 1949 1350 2016 Plura

161 2055 250 2123 dabit
273 2059 402 2124 Bruuius
428 2059 597 2125 Commeat.
623 2058 788 2146 Pelaeoqr.
813 2076 885 2144 pag.
907 2052 973 2122 723
996 2077 1043 2142 sq.

204 2164 251 2231 tt
277 2185 348 2251 pag.
372 2169 447 2231 201.
497 2163 596 2251 Saepe
628 2164 754 2244 εἵλνμαι
786 2171 818 2229 et
849 2163 1028 2248 coraposita
1061 2163 1094 2228 in
1119 2162 1272 2242 ἀλιιμμαι
1298 2162 1349 2230 de·

159 2279 291 2356 pravata
316 2280 404 2336 sunt.
453 2270 523 2336 llun
556 2272 700 2359 exempta
735 2291 774 2337 ex
812 2271 946 2335 Pouuuerr
977 2268 1183 2355 subiungant.
1231 2268 1350 2337 Editur

159 2375 214 2442 lv.
249 2375 321 2442 rdt.
344 2379 440 2463 μίτρα
465 2379 586 2462 ποικίλῃ
614 2379 670 2453 τάν
699 2377 843 2458 κεφαλὴν
866 2375 1146 2451 κατείληπται
1179 2375 1349 2443 manifesto

160 2501 270 2548 eruore
295 2503 351 2568 pro
373 2485 575 2559 κατείλνται,
596 2492 627 2549 et
649 2487 666 2570 §
691 2488 763 2550 tut.
785 2481 889 2561 ἔξωθεν
912 2483 944 2548 δὲ
966 2482 1093 2549 τυλώδει
1113 2484 1200 2564 οαριά
1222 2507 1350 2550 κατει·

159 2588 367 2670 λημμένον
392 2611 449 2678 pro
474 2591 706 2670 κατειλημένον.

203 2696 302 2764 Multa
328 2707 403 2762 suut
434 2695 606 2774 voeabula,
632 2697 664 2762 in
690 2695 807 2783 quibus
831 2693 955 2760 librarii
985 2694 1120 2761 solemni
1144 2713 1253 2762 errore
1277 2716 1349 2762 eeu·

158 2813 325 2870 sonantem
351 2802 516 2891 duplicare
546 2804 667 2880 solent,
694 2813 729 2869 ut
753 2804 785 2868 in
808 2801 918 2880 μέλλει
942 2822 999 2888 pro
1022 2801 1128 2881 μέλει,
1152 2800 1279 2880 κνύατα,
1303 2826 1350 2868 τι·

157 2910 287 2984 ύαοούς,
324 2911 536 2992 διαύριιλλεῒν,
569 2909 747 2994 Κνφισούς,
781 2909 930 2989 Ἐριννύς,
964 2907 1047 2974 aliiS.
1098 2907 1281 2993 Numquam
1318 2907 1350 2974 id

158 3016 296 3095 vitium,
322 3016 405 3102 quod
439 3017 559 3096 seiam,
586 3015 658 3104 plus
682 3015 831 3100 caliginis
853 3014 983 3094 offudit,
1010 3034 1107 3100 quam
1133 3015 1165 3079 in
1188 3012 1255 3079 loeo
1281 3015 1350 3081 [lio-

158 3141 238 3187 τινοιν
269 3121 372 3190 Henna.
405 3122 460 3189 ΙΙΙ.
496 3129 551 3189 41.
585 3122 711 3206 δευτέρῳ
742 3123 768 3188 δ’
798 3119 901 3204 ὕςερον
933 3119 994 3186 ἔτει
1027 3117 1124 3186 τάλιν
1145 3125 1203 3185 τῶν
1227 3121 1350 3196 odmar-

157 3234 256 3294 τανάν
285 3229 532 3296 καταλυσάντων
563 3221 601 3302 ἀς
618 3230 814 3305 ’ἐποιήσαντο
846 3228 919 3308 πρὸς
951 3226 1045 3292 αὐτὸν
1068 3227 1188 3309 ἀνοχάς
1212 3230 1264 3294 καὶ
1288 3229 1349 3303 τάς

158 3332 287 3408 ἀλλοις
320 3333 482 3411 ἀξιούντων
513 3335 689 3414 ἀπολαβεῖν
720 3333 845 3412 πόλεις,
874 3330 912 3398 ὧν
935 3333 985 3398 εὀτὶ
1011 3334 1167 3411 Ῥωμύλον
1191 3334 1348 3414 βασιλέως

158 3442 226 3506 καθ’
250 3440 419 3520 ὁμολογίας
452 3441 616 3516 ἀιτὲςνοαν
639 3441 744 3523 ἑτέραν
767 3442 884 3508 τύύεται
909 3441 980 3522 πρὸς
1010 3440 1122 3512 αύτούς
1147 3439 1258 3522 μάχιιν
1281 3439 1348 3520 περὶ

158 3553 229 3619 ταῖς
258 3549 370 3620 Ἃλαῖς
404 3545 594 3634 (Vaticanus
626 3547 699 3630 πρὸς
728 3529 788 3620 τάξ
820 3545 939 3633 ἀλλας)
968 3583 1014 3594 -
1037 3543 1090 3611 καὶ
1122 3546 1180 3615 τοὶς
1213 3543 1348 3619 ἀλλας
1380 3589 1386 3599 ·

158 3650 264 3724 πόλεις
295 3649 330 3728 ἐξ
360 3652 472 3718 ἐκείνου
502 3651 653 3735 κατεῖχεν
684 3651 925 3734 ἀναμφιλόγως.
976 3649 1058 3716 Male
1091 3639 1291 3735 duplicatum
1327 3666 1348 3716 λ

159 3757 268 3822 οιιιιιίιι
293 3757 440 3842 perdidit.
488 3758 534 3824 lle
557 3759 668 3824 ιούιιιίο
685 3758 725 3823 ud
751 3755 893 3823 Tiberim
914 3755 1032 3822 bellum
1060 3754 1119 3820 hee
1143 3763 1269 3839 gestum
1290 3763 1348 3822 est.

159 3861 310 3929 Veientes
339 3863 457 3930 οούίιιοι
490 3865 634 3951 recipere
666 3864 748 3952 (τοὺς
783 3861 879 3949 ἀλας)
914 3860 1081 3940 uolebant,
1116 3881 1177 3926 non
1212 3862 1351 3950 reliquus

158 3970 271 4048 urbes,
296 3988 378 4056 quiae
404 3970 509 4037 nullae
532 3979 635 4036 erant.
685 3968 827 4035 Emenda
857 3968 941 4042 τούς
966 3965 1064 4042 ἀλας
1085 3966 1246 4045 ἀξιούντων
1270 3973 1350 4035 ἀιιο-

157 4075 289 4155 λαβεῖν,
313 4072 351 4140 ὦν
378 4075 428 4142 ἐπὶ
454 4075 611 4154 Ῥωμύλου
628 4117 671 4129 -
686 4075 865 4153 ἀτέςνοαν,
893 4083 959 4140 lum
979 4074 1045 4155 περὶ
1065 4075 1156 4149 τοὺς
1180 4072 1288 4150 ἀλας
1318 4085 1350 4142 et

157 4183 209 4247 καὶ
242 4181 335 4255 τοὺς
368 4179 468 4256 ἀλας
504 4181 538 4261 ἐξ
568 4183 680 4250 ἐκείνου
712 4189 872 4264 κατεῖχεν.
920 4180 1129 4247 confirmabit
1161 4179 1239 4246 haee
1273 4181 1350 4247 Pnu-

157 4308 291 4355 rnaenus
315 4289 347 4353 in
379 4286 512 4353 Romulo
544 4309 571 4354 e.
598 4295 638 4355 td
670 4289 709 4356 de
737 4287 848 4354 eadem
874 4307 909 4353 re
931 4286 1078 4353 'scribens
1102 4294 1161 4354 τῶν
1185 4287 1271 4367 ταςά
1298 4285 1350 4352 τὸν

157 4396 300 4474 ποταμὸν
323 4393 472 4468 ἕκςάντες
496 4395 744 4474 ἀλοιινμύων,
769 4394 823 4460 sed
850 4395 992 4480 optimus
1017 4393 1186 4460 fideiussor
1209 4401 1258 4459 est
1282 4393 1350 4478 ipse

158 4499 323 4574 Dinursrus
355 4500 395 4568 ll.
429 4507 483 4569 ύύ.
516 4500 602 4574 itm
633 4502 665 4597 e‘¹
681 4498 837 4580 Ῥωμύλος
877 4502 982 4574 αὐτοῖς
1013 4498 1218 4589 (Veientibus)
1250 4496 1349 4564 ἔτιτύ·
