3086 4974
671 346 742 417 527

113 544 194 614 οὐδὲν
223 539 305 608 ἄλλο
327 542 360 619 ἥ,
383 541 416 606 ri
438 538 517 608 ἄλλο
541 543 578 619 ἥ,
607 541 717 607 ταντα
740 545 866 622 μᾶλλον
890 542 908 619 ἤ
930 540 1063 608 terbum
1088 550 1184 610 ποιεῖν
1206 545 1304 612 otnit·

112 659 199 717 tunt.
234 645 476 734 Theophrastus
503 649 571 730 τερ)
601 648 728 722 Δειλῖας
754 670 825 735 erp.
845 649 1144 732 26.-θειατεθειν
1167 651 1220 718 καὶ
1247 675 1303 719 τε·

111 753 323 839 οιστοννῖζειν
344 753 406 827 ,καῖ
424 791 461 803 -
488 755 547 830 τοὶς
578 756 674 835 μυίας
702 755 807 836 σοβεῖν
830 753 883 821 καὶ
906 759 986 822 τῖον
1008 760 1169 836 μᾶλλον
1194 757 1211 834 ἢ
1234 756 1304 838 μθ·

112 863 261 946 χεσθσι
284 869 348 934 τοῖς
370 860 541 939 nocetne.

114 1017 117 1022 -
159 969 205 1036 De
228 965 305 1054 Rep.
337 987 367 1054 p.
392 971 468 1036 ute:
501 987 528 1034 a.
560 967 632 1040 τοὺς
661 968 692 1033 ἐν
721 977 792 1042 ταῖς
823 965 949 1034 τθλεσιν
972 965 1304 1051 ἄρχοντας-ἄλλας

113 1099 177 1150 τωο
202 1077 277 1154 iau
297 1073 510 1140 διαΝΟεῖσθαι
533 1072 606 1155 πρὸς
630 1073 699 1148 τοὺς
722 1073 910 1155 ἀρχομένους
934 1078 951 1151 ἢ
976 1071 1075 1156 ὥσπερ
1099 1072 1138 1140 ἄν
1159 1097 1207 1146 τις
1231 1076 1303 1158 πρὸς

112 1179 261 1266 τρθβατα
285 1179 458 1258 διατεθείη,
487 1177 663 1246 absurdunt
688 1189 736 1246 est
761 1180 943 1246 διανοεῖσθαί
964 1203 1028 1251 τωο
1048 1180 1120 1263 orode
1139 1204 1227 1256 τινα.
1249 1181 1305 1249 sed

113 1307 188 1356 vera
221 1288 316 1354 ieetio
346 1285 440 1353 iaeiie
472 1286 670 1373 reperietur,
695 1286 771 1372 quia
797 1286 829 1351 in
855 1284 1039 1352 irrriusrnodi
1064 1288 1305 1374 comparatione

114 1393 247 1462 verbum
278 1393 361 1459 idem
398 1391 606 1480 repetendum
638 1401 703 1457 eet:
737 1391 845 1478 itaque
865 1389 1012 1458 ‘emenda
1042 1392 1221 1460 διακεῖσθαι
1249 1412 1305 1480 pro

114 1502 328 1569 διαΝΟεῖσθαι
361 1508 393 1565 rt
423 1499 529 1566 omnia
561 1497 708 1584 expedita
741 1495 876 1564 videbis.
916 1499 1032 1576 Τῖθκμι
1063 1497 1148 1584 apud
1181 1508 1305 1566 veteres

114 1615 299 1675 constanter
327 1604 419 1672 habet
444 1603 621 1692 perfeetum
644 1604 806 1690 puerinum
829 1612 937 1682 κεῖμαι
961 1603 1223 1693 (nonnionem),
1249 1625 1304 1672 eu·

114 1715 166 1781 ius
197 1715 245 1780 rei
272 1711 392 1779 indicia
422 1721 455 1778 et
485 1711 630 1799 exempta
656 1711 775 1798 passim
799 1711 945 1796 reperias
967 1709 1053 1796 apud
1078 1729 1190 1777 omnes
1214 1721 1245 1778 et
1270 1711 1302 1778 in

112 1819 253 1907 simplici
288 1820 400 1886 τιθέναι
420 1859 457 1870 -
477 1819 595 1885 κεῖσθαι
626 1826 660 1884 et
689 1818 721 1882 in
747 1817 934 1905 compositis
957 1816 1117 1884 omnibus.
1154 1816 1244 1884 Piato
1265 1818 1305 1883 de

112 1925 188 2013 liep.
213 1946 244 2012 p.
272 1929 347 1993 tet.
372 1947 402 1992 u.
427 1926 470 1992 τὰ
494 1925 598 1992 θνθθδε
621 1923 1013 2003 νθμιμα-ΤΙΘΕΟΘΑΙ
1036 1947 1071 1990 τε
1094 1924 1148 1989 dciv
1167 1923 1219 2007 ttp
1245 1924 1303 2012 [ri-

111 2033 214 2100 θεσθαι
245 2032 324 2119 det]
356 2032 409 2098 καὶ
440 2031 511 2119 [τὰ]
545 2038 742 2097 ΚΕΙΜΘΝΑ
769 2027 989 2113 φυλάττοντες
1011 2028 1134 2112 σώζειν,
1162 2029 1215 2096 obt
1241 2031 1303 2096 im·

111 2149 287 2229 portunum
319 2137 362 2204 τθ
389 2135 649 2226 dispungendum
674 2144 734 2202 est.
771 2131 1049 2217 Quemadmodum
1074 2135 1136 2201 sibi
1162 2136 1247 2202 inter
1269 2155 1304 2202 se

113 2243 307 2334 respondent
339 2240 394 2326 θρα
413 2283 456 2294 -
473 2241 575 2311 ὦπται
599 2251 631 2310 ei
655 2240 1002 2319 σκθπει-ἔσκετται,
1028 2243 1076 2308 sit:
1102 2243 1133 2307 in
1159 2239 1241 2307 libro
1264 2241 1303 2308 de

112 2349 251 2439 Lepidos
274 2372 303 2438 p.
317 2355 394 2418 669.
420 2371 446 2416 e.
472 2347 610 2416 ridebis:
634 2350 787 2426 τεθήτω
810 2347 923 2431 ταύτῃ.
938 2387 978 2402 -
993 2348 1062 2414 Κεῖ
1069 2349 1144 2414 σθω
1161 2348 1224 2430 γὰρ
1242 2342 1301 2414 οὖν.

111 2465 147 2524 et
178 2477 271 2544 saepe
300 2458 435 2524 τῖθεσθαι
454 2495 498 2507 —-
518 2447 705 2533 τεθῆναι-
726 2455 905 2522 κεῖσθαι-
926 2454 1105 2532 τεθήσεσθαι
1129 2453 1302 2520 oeuinneta

115 2564 256 2651 reperies
287 2574 320 2630 ut
349 2563 438 2632 uerbi
463 2563 603 2630 eiordem
628 2573 771 2648 tempora
796 2559 942 2639 diuersa,
969 2570 1004 2627 ut
1029 2558 1114 2648 apud
1140 2559 1303 2626 Platonem

112 2669 153 2736 de
177 2667 313 2757 lepidus
344 2691 374 2758 p.
400 2675 478 2738 793.
512 2690 537 2736 a.
572 2668 696 2735 τοῖντων
714 2659 835 2733 -rur
859 2667 889 2732 ἐν
915 2665 1085 2748 γράμμασι
1108 2666 1307 2733 τεθέντων

111 2801 150 2842 τε
173 2777 226 2843 καὶ
250 2776 447 2855 κειμένων
470 2776 522 2843 καὶ
547 2781 606 2842 τῶν
628 2773 674 2840 ἔτι
697 2771 985 2852 τιθησομένοιν.

161 2881 207 2948 [ie
231 2881 305 2969 Rep.
337 2903 368 2970 p.
401 2887 479 2949 stt.
512 2903 539 2948 ιι.
577 2881 667 2948 τθλιν
698 2881 796 2963 Quinc
825 2876 865 2944 ῖιν
895 2877 998 2945 ἄδικον
1020 2874 1099 2944 εῖναι
1123 2877 1176 2945 καῖ
1200 2877 1306 2950 ἄλλον

112 2986 220 3062 τθλεις
243 2989 407 3072 ἐπιχειρεῖν
431 2989 609 3056 δουλοῦσθαι
636 2987 745 3060 uatum
771 2984 839 3072 [καὶ
859 2984 1160 3073 καταδεδουλῶσθαι]
1183 2983 1306 3057 τολλοὶε

108 3081 144 3161 δὲ
174 3095 228 3160 καῖ
260 3096 316 3175 ὑφ’
348 3096 443 3178 ἑαυτῇ
475 3095 563 3176 ἔχειν
589 3090 836 3171 δουλωσαμθνννς
867 3089 1108 3158 Grunrnratieus
1130 3090 1249 3176 aliquis
1273 3090 1304 3155 iu

112 3200 260 3286 margine
295 3199 450 3287 enpiieuit
484 3198 560 3286 quid
597 3205 682 3264 esset
715 3195 802 3280 ἔχειν
830 3195 1073 3276 διυλωσιιμθννν.
1122 3195 1219 3263 Recte
1254 3193 1307 3261 iiie

112 3304 266 3392 quidem,
291 3305 346 3372 sed
372 3325 434 3371 non
458 3314 528 3372 erat
553 3304 585 3371 id
612 3303 734 3371 Platoni
759 3301 1011 3370 obtendendum.

159 3411 207 3477 De
230 3409 305 3497 trop.
336 3431 367 3498 p.
395 3417 468 3478 362.
496 3433 523 3478 ιι.
554 3417 674 3490 γαμεῖν
698 3407 804 3475 totto
826 3407 866 3476 ἂν
889 3409 1065 3488 βούληται,
1090 3407 1239 3476 θκδιδθναι
1263 3409 1306 3482 εἷο

112 3515 421 3597 visionemque,
451 3517 650 3598 ξυμβάλλειν
677 3515 850 3604 [κοινωνεῖν]
877 3511 920 3589 οῖς
943 3513 982 3580 ἂν
1005 3513 1102 3598 θθθλκ.
1140 3513 1305 3582 ΕηιΙιΙοιιιν

113 3632 162 3688 est
196 3623 415 3691 nraniiestnnr.
462 3624 550 3690 Plato
583 3625 764 3710 prontiseue
796 3629 932 3708 utroque
962 3622 1067 3686 utitur
1099 3623 1237 3708 passini,
1271 3629 1307 3687 ut

114 3749 145 3814 p.
172 3733 248 3795 686.
274 3749 301 3796 e.
328 3729 411 3796 idem
438 3749 508 3796 ense
534 3727 655 3796 uidebis
679 3725 892 3809 δυσξύμβολος
917 3737 949 3794 et
973 3727 1211 3806 δυσκοινώνητος.
1243 3725 1305 3794 tte-

113 3833 188 3900 deut
221 3836 322 3922 igitur
352 3846 498 3904 eunomio
530 3835 562 3900 in
595 3834 785 3918 marginem.
824 3831 943 3900 Eadem
970 3852 1064 3920 opera
1089 3831 1129 3900 de
1151 3831 1249 3921 Lepp.
1276 3854 1305 3920 p.

113 3945 191 4008 738.
226 3963 253 4008 ι.
286 3944 358 4025 aude
388 3939 519 4010 ἅπαντα
551 3942 594 4008 τοὶ
625 3939 813 4021 ξυαβθλαια
844 3940 912 4027 [καὶ
944 3939 1199 4028 κοινωνήματα],
1232 3937 1307 4006 totle

110 4045 280 4134 glossema.

107 4191 112 4202 ·
157 4153 205 4220 De
229 4153 304 4241 Rep.
331 4158 407 4221 364.
430 4177 457 4219 o.
485 4161 610 4240 reperta
635 4159 684 4218 est
707 4150 829 4218 dudum
855 4171 929 4220 uera
953 4149 1049 4218 ieotio
1065 4150 1228 4226 ἈΙδιντες
1249 4167 1307 4236 pro

111 4257 281 4339 Alidem,
314 4259 368 4328 red
403 4258 545 4327 nondum
576 4267 716 4345 recepta.
755 4257 914 4324 Similiter
937 4277 966 4346 p.
991 4261 1068 4325 606.
1095 4257 1126 4324 d.
1153 4277 1210 4344 pro
1233 4265 1305 4323 ΚΑΙ

110 4375 400 4434 ΑῖΔοΝτλοτε
424 4365 476 4433 καὶ
497 4365 700 4445 κοττομθνουε
721 4371 809 4431 uerte
830 4371 879 4428 eet
903 4363 984 4430 tent
1004 4362 1188 4430 emendatio
1204 4371 1306 4432 ΚΑΛ·

111 4480 280 4548 ΟΝΤΑΟ,
306 4471 361 4539 sed
385 4489 422 4538 οε
447 4489 575 4558 quoque
598 4471 745 4536 tondatur
768 4478 797 4533 et
819 4468 916 4556 eipet.
