3160 4972
780 392 850 465 387

218 592 366 660 duriores
389 589 548 656 dicebant.
594 587 628 656 in
649 607 720 675 cap.
743 594 799 657 et.
820 591 942 658 ἐτέλουν
965 588 1128 674 θποφορόυ
1151 590 1264 656 vitiose
1285 588 1410 656 dietum

217 709 277 768 est.
326 697 416 764 Servi
449 694 587 762 dominis
619 695 782 778 ἀποφοράν
823 704 911 764 reete
950 697 1106 764 dicuntur
1140 695 1296 782 pendere,
1331 695 1412 762 socii

218 805 328 888 Φόρσυρ
352 801 469 885 ἔφερον.
517 802 553 869 ln
584 799 749 888 Lysandro
780 823 849 889 esp.
881 808 931 870 m.
963 800 1035 885 ἕπερ
1062 802 1113 868 ieri
1145 801 1259 888 δενόσρ
1290 811 1412 868 Μουνυ·

218 915 327 992 χιόνος
350 907 461 987 senode,
492 907 628 994 probunt
653 917 701 974 est
728 909 778 974 ἐπὶ
808 907 893 976 δέκα.
944 909 981 975 ln
1017 909 1142 975 cernone
1175 928 1245 996 cap.
1273 915 1303 976 θ.
1336 911 1412 974 Ἰσο-

219 1015 304 1091 δθνυρν
327 1013 433 1080 serit
464 1013 607 1094 νόμους
640 1015 725 1096 αὐτῷ
754 1015 983 1094 συμβιώσασαν
1006 1023 1117 1082 eontra
1144 1033 1238 1080 usum
1263 1024 1411 1081 veterum

220 1121 322 1198 dixit,
348 1120 465 1207 quibus
488 1118 587 1202 νόμῳ,
613 1121 629 1195 si
655 1119 734 1201 νόμον
757 1121 886 1200 γαμετή
913 1141 981 1186 mos
1000 1130 1050 1190 est
1074 1119 1181 1186 dicere
1205 1129 1237 1186 et
1265 1129 1412 1187 συνασκεῖν

118 1267 122 1274 ·
224 1247 280 1314 pro
308 1226 467 1306 συμβιοῦν.
517 1227 553 1292 ln
586 1246 655 1311 eeu.
684 1231 721 1293 17
754 1227 871 1312 iegitur
896 1230 913 1306 si
941 1229 1041 1308 βουλὴ
1065 1233 1124 1292 τῶν
1148 1229 1413 1293 πενσουοσσόυν-

221 1333 434 1415 ἀπηγόρευσε,
467 1333 646 1398 sexcenties
676 1341 782 1398 temen
810 1333 1006 1400 Peurmesus
1029 1331 1115 1419 apud
1140 1341 1264 1399 veteres
1289 1333 1412 1419 tegeret

222 1441 360 1520 ἠβουλθρ
388 1441 414 1505 σθ
446 1438 654 1515 πενσυκθσνυι,
681 1456 782 1524 neque
816 1441 968 1525 umquam
1003 1437 1097 1504 aliter
1125 1437 1355 1525 ioquebantur,
1379 1453 1414 1506 et

220 1549 355 1624 νὶπεῑπν,
388 1564 564 1630 numquam
597 1543 802 1624 όπνρόρευσε.
851 1546 886 1612 iu
919 1565 988 1632 esp.
1018 1550 1067 1612 18.
1101 1545 1246 1612 θυυίουιι]
1273 1555 1321 1610 est
1345 1546 1410 1614 ἔνθ-

221 1669 329 1720 λευσεν
352 1651 476 1718 όπνένσυ
507 1650 577 1724 σοὺς
609 1649 848 1732 θεοπρόπους
878 1659 911 1717 et
933 1653 959 1718 οθ
988 1649 1196 1732 θεοπρόπον
1225 1651 1414 1730 νοσσόβοοσνον

222 1759 271 1824 ἐπὶ
297 1757 478 1826 edesseno:
518 1755 604 1837 Quos
638 1756 729 1822 iones
759 1757 938 1838 θεοπρόπους
964 1756 1125 1844 appeliant
1156 1777 1211 1823 eos
1239 1766 1347 1824 certus
1380 1767 1415 1825 et

221 1873 373 1932 constans
406 1863 586 1929 ttttieorum
624 1881 702 1928 usus
740 1862 916 1949 appellabat
950 1863 1084 1944 θεωρούς.
1143 1861 1233 1929 Haud
1268 1864 1337 1930 seio
1371 1883 1413 1932 en

223 1970 326 2057 ipsius
360 1969 528 2034 Ptortoeur
559 1987 668 2034 errore
702 1967 827 2054 tegatur
850 1970 881 2035 in
908 1991 977 2056 ουρ.
1008 1975 1059 2037 19.
1084 1969 1154 2044 τοὺς
1178 1969 1298 2050 Περσῶν
1321 1975 1415 2054 φορο-

222 2075 334 2155 λόγσυρ
373 2074 404 2138 ἐν
434 2073 545 2152 μέσους
585 2080 656 2144 τοῖς
690 2072 872 2155 συμμάχους
910 2076 962 2141 κυσὶ
997 2075 1109 2158 φίλους
1144 2073 1269 2142 πόλεσιν
1303 2077 1416 2142 σθπολν·

225 2180 352 2256 πόντος,
390 2195 529 2264 nutuque
564 2180 708 2246 titiounr
739 2189 787 2245 est
816 2181 849 2246 ei
887 2182 1089 2262 ronnexdoo
1121 2181 1245 2257 πόλεις,
1283 2201 1343 2246 non
1379 2185 1414 2250 σθ

223 2287 408 2370 σόριρνοχσν,
432 2294 463 2350 at
490 2304 552 2352 non
576 2283 688 2351 dubito
711 2287 789 2372 quin
814 2287 926 2370 φθλοιο
950 2287 1130 2354 scribarum
1154 2287 1233 2352 vitio
1251 2288 1415 2354 scribatur

224 2415 281 2483 pro
304 2394 438 2476 φιλίοις.
476 2387 690 2478 opponuntur
715 2393 852 2460 interse
874 2392 1071 2471 notionem
1094 2394 1196 2475 Φθλνοο
1219 2414 1279 2459 non
1301 2395 1414 2477 φίλος,

221 2509 254 2567 et
277 2499 329 2567 δνσὶ
359 2499 513 2577 πολεμίους
532 2533 578 2548 -
595 2497 645 2566 troi
674 2500 787 2582 φιλίους
818 2517 878 2565 non
908 2495 1027 2582 Φόλος,
1053 2496 1261 2584 quamobrem
1287 2519 1416 2587 semper

222 2607 319 2689 φιλθσ
342 2613 405 2683 νῆ,
430 2605 519 2687 χώραν
542 2603 663 2668 dicitur
686 2622 768 2689 quae
792 2605 953 2672 soeiorum
980 2613 1011 2672 et
1035 2605 1214 2672 amicorum
1237 2615 1308 2685 est,
1334 2627 1415 2692 quo·

223 2731 296 2780 rum
324 2710 418 2780 urbes
449 2707 686 2793 distorsisse
714 2710 928 2796 appellantur.
979 2709 1110 2777 Scribae
1133 2711 1228 2794 φίλων
1252 2720 1284 2778 et
1307 2713 1415 2790 φθλυυ

224 2834 287 2887 non
313 2837 385 2884 rero
409 2814 629 2890 eoniundunt.
655 2821 690 2881 ut
713 2815 796 2902 apud
824 2816 936 2885 Lusisti
962 2816 1034 2884 xit.
1060 2821 1102 2884 58
1126 2816 1232 2891 πόλεις
1256 2820 1412 2898 πολεμίους

222 2924 316 2996 odone
347 2923 448 3008 Φόλος
477 2922 623 2997 θποθνσυν
656 2923 687 2986 in
713 2922 862 2989 erunibus
896 2931 965 3002 est,
997 2930 1031 2989 at
1060 2932 1187 2990 eertum
1220 2934 1268 2990 est
1302 2925 1415 3005 φιλίοις

224 3031 360 3117 requiri.
409 3029 455 3096 iix
480 3028 617 3096 caeteris
646 3027 720 3094 vitis
744 3027 808 3093 dim
832 3037 957 3095 tantum
992 3029 1135 3116 exempta
1168 3049 1343 3116 apponam:
1380 3032 1412 3098 in

226 3135 381 3204 Pitumnus
411 3153 481 3220 cop.
507 3137 560 3202 27.
586 3134 716 3221 scripsit
739 3134 851 3214 φιλθον
875 3133 997 3202 ἔσεσθον
1027 3135 1079 3202 oet
1109 3137 1302 3219 συμμοχόοιν
1325 3135 1414 3202 θολο-

224 3239 393 3319 σευοροένοοσ
435 3242 490 3316 riso
532 3238 659 3335 πόσρνον
700 3241 763 3306 sini
800 3242 978 3322 σοροόρισοσοο
1027 3241 1205 3318 πολοτεθοον,
1255 3241 1308 3308 ubi
1351 3243 1415 3310 σόπό

224 3345 402 3425 sensionem
438 3344 560 3414 dietum
597 3355 644 3412 est
682 3353 717 3414 ut
752 3368 792 3416 οοο
826 3369 919 3416 censu
952 3347 1037 3434 apud
1079 3349 1247 3414 Romanos.
1302 3349 1416 3416 Grseoi

225 3469 337 3520 ornnes
361 3451 436 3520 oiim
462 3461 649 3520 constanter
671 3451 822 3518 dicebant
845 3456 863 3531 ἡ
886 3455 960 3522 oiri
982 3453 1227 3534 rennueret
1250 3453 1414 3534 πολνσεθσ,

226 3578 288 3630 non
312 3559 502 3638 σιμήμυσυρ.
551 3558 645 3644 Gonia
679 3567 727 3624 est
758 3559 977 3646 exemplorum
1013 3559 1060 3625 vei
1093 3559 1176 3645 epird
1204 3561 1415 3627 Aersroreueu

226 3675 258 3735 et
284 3666 457 3734 Petrossa.
504 3663 669 3750 Optimum
692 3667 794 3732 estin
822 3665 902 3734 iibro
929 3664 1010 3731 viti.
1031 3667 1069 3733 de
1092 3664 1167 3752 Rop.
1193 3686 1264 3753 pag.
1285 3669 1362 3733 dito.
1388 3687 1415 3734 e.

224 3775 280 3846 ‘rim
307 3773 370 3838 οὶπό
404 3771 590 3850 σορονρροόπυν
621 3772 799 3848 πολοσείοον,
833 3773 863 3838 ἕν
899 3768 917 3854 ᾖ
947 3773 973 3839 oi
1003 3773 1061 3854 μὲν
1095 3773 1232 3838 πλούσιον
1266 3769 1415 3853 ἄρχουσι,

226 3874 332 3952 πένησι
367 3875 393 3942 δ’
427 3877 461 3941 οὐ
495 3874 621 3955 μέσσου
654 3879 775 3956 ἀρχῆς,
805 3894 944 3962 quorum
975 3875 1170 3942 Puursnenus
1205 3877 1267 3944 fuit
1305 3877 1417 3944 imme-

228 4002 308 4047 mor.
357 3981 500 4048 Alterum
525 3989 575 4047 est
601 3983 632 4046 in
658 3982 723 4046 vite
748 3981 966 4048 Demosthenis
993 3999 1063 4067 oap.
1090 3987 1140 4048 m.
1165 3980 1215 4050 ότε
1240 3983 1417 4065 πρεσβεύων

228 4085 353 4162 dieseos
378 4085 448 4166 ἧκεν
467 4089 509 4162 εἷς
533 4087 739 4154 Mandonion.
788 4087 872 4152 Civis
897 4085 1102 4154 Atheniensis
1126 4087 1259 4174 quilibet
1283 4089 1418 4156 dixisset

229 4193 356 4269 δέκυσυς
380 4192 492 4274 νοῦσός,
527 4194 722 4260 Pnursncuus
753 4191 915 4260 addidisse
948 4202 1069 4280 potest,
1094 4204 1128 4259 ut
1154 4193 1229 4260 atini
1256 4215 1418 4261 nonnum·

228 4321 324 4388 quam
356 4299 499 4378 addidit,
532 4309 565 4364 et
596 4301 701 4385 potuit
729 4301 828 4366 etiem
857 4299 1082 4365 auctoritatem
1109 4299 1288 4367 Atticorum
1315 4301 1418 4388 negli-

228 4414 343 4492 genter
366 4404 535 4484 deserere,
560 4404 644 4490 quod
669 4425 754 4472 itone
779 4405 859 4471 satis
882 4404 960 4470 mihi
985 4404 1094 4473 videor
1118 4405 1369 4473 demonstrasse.

276 4509 322 4575 Ao
349 4528 419 4596 pag.
444 4515 519 4576 351.
568 4509 602 4575 Si
626 4501 680 4576 oui
702 4509 795 4589 λόγος
816 4511 948 4586 όπεδόόνρ
968 4509 1090 4576 dieitur·
1113 4512 1208 4592 λόγου
1232 4521 1357 4594 τυχεῖν,
1383 4513 1416 4580 in
