3226 4976
817 337 888 408 122

242 534 361 606 multos
385 544 415 604 et
443 535 475 601 in
504 535 679 625 Comporot.
705 532 854 602 Aristidis
877 539 906 597 et
932 531 1055 598 Catonis
1076 535 1107 597 t.
1155 533 1190 598 tn
1214 533 1279 598 rita
1299 533 1435 601 Alcibia-

239 646 289 710 dis
321 648 375 708 22.
411 643 536 721 Φηγεέιι
565 644 629 710 dici
654 644 782 715 sinunt,
808 659 901 724 quem
930 642 1057 717 Φηγαιᾶ
1084 647 1208 704 constet
1232 637 1342 704 inisse.
1391 638 1436 704 Ne

242 752 399 830 ἡμῖμνιιιιι
434 747 564 834 quidem
599 753 740 816 retinent
766 746 917 823 iornranr,
942 744 996 810 sed
1021 743 1203 810 adulterina
1229 744 1366 824 ἡμίμνειι
1401 765 1436 812 e·

241 866 364 921 cuntur
388 856 420 918 in
444 853 591 942 Lyctnpo
619 861 670 922 12.

286 961 409 1027 Novom
436 981 584 1027 errorum
609 971 642 1028 et
666 962 820 1026 vitiorum
846 956 965 1023 fontem
991 957 1114 1042 aperiet
1137 955 1327 1024 emendatus
1346 955 1436 1022 iocus

242 1070 273 1134 in
304 1067 429 1132 Timone
454 1073 495 1145 5,
523 1072 577 1134 45.
602 1070 677 1134 ἀλλ’
698 1062 771 1146 εὖγε
796 1065 934 1139 ὲποιήνεν
955 1063 1162 1146 ἀφικόμενος,
1188 1061 1351 1142 νὶμώξετιιι
1372 1063 1436 1146 γὰρ

241 1178 296 1255 πρὸ
321 1182 379 1239 τῶν
404 1172 520 1239 ἄλλων.
569 1173 653 1256 Quid
679 1168 754 1239 huic
780 1172 847 1237 loeo
872 1169 955 1236 desit
978 1177 1010 1235 et
1034 1189 1097 1256 quo
1123 1169 1205 1236 mato
1228 1168 1350 1236 taboret
1378 1190 1436 1257 ap·

244 1280 367 1367 parebit
391 1281 418 1344 si
445 1281 616 1346 restitutus
640 1281 713 1346 erit.
761 1279 909 1343 Restitue
932 1276 1032 1361 igitur
1057 1273 1089 1343 εὖ
1112 1301 1152 1356 γε
1176 1277 1297 1353 ἐποίησε
1322 1283 1437 1359 πρῶτος

242 1385 440 1471 ἀφικόμενος.
489 1386 553 1452 Cur
586 1385 744 1452 exciderit
774 1391 889 1466 πρῶτος
924 1381 1115 1448 facillimum
1149 1381 1238 1448 dictu
1259 1392 1318 1449 est.
1369 1383 1437 1449 Una

244 1492 386 1558 titteruta
411 1493 529 1558 extrita
554 1511 664 1558 secum
691 1489 835 1556 abstulit.
871 1488 1035 1574 Scriptum
1060 1496 1128 1554 eret
1147 1489 1179 1553 αι’
1199 1488 1437 1572 ιὶφιιιόμενιςάε

245 1620 349 1666 more:
376 1601 406 1664 αι’
434 1599 596 1683 significat
619 1595 683 1675 εἷς,
709 1596 739 1662 ἕν
764 1595 811 1661 vet
835 1601 968 1678 πρῶτος,
994 1602 1128 1676 πρῶτον,
1153 1594 1289 1672 subinde
1312 1604 1345 1662 et
1368 1593 1437 1678 πρό-

243 1730 343 1788 τερος,
375 1705 529 1786 πρότερον,
562 1703 768 1790 quamobrem
800 1711 866 1768 tam
901 1719 995 1787 saepe
1021 1701 1098 1766 haec
1123 1701 1255 1767 contusa
1279 1700 1435 1767 videmus,

246 1813 298 1877 Sic
322 1811 356 1889 β’
379 1809 428 1875 vel
452 1810 502 1876 δύο
526 1810 576 1876 vet
598 1810 751 1892 δεύτερον,
776 1816 808 1874 et
821 1815 947 1874 caetera
969 1805 1121 1894 deinceps
1140 1810 1257 1874 omnia.
1285 1807 1434 1874 Omnium

247 1927 428 2004 temporum
463 1915 540 1982 haec
570 1915 768 1981 consuetudo
799 1913 861 1980 tuit
893 1922 924 1980 et
956 1913 1003 1980 vet
1030 1915 1061 1979 in
1087 1915 1324 2000 antiquissimis
1347 1913 1438 1980 libris

246 2023 321 2088 binc
345 2024 486 2109 suscepti
509 2040 634 2086 errores
658 2022 690 2085 in
720 2021 860 2106 reliquos
890 2021 1055 2106 propagati
1080 2029 1166 2086 sunt.
1193 2019 1348 2087 Ridemus
1371 2040 1437 2087 rno-

245 2127 406 2204 nacbum‚
438 2128 494 2214 qui
529 2130 713 2192 Arncunrou
743 2126 928 2193 describens
958 2125 1130 2212 proniore
1155 2127 1207 2193 aot
1232 2127 1325 2192 εἴκοσι
1349 2125 1437 2193 dedit

246 2234 344 2314 κύριε,
374 2233 574 2300 contundens
606 2234 648 2297 κε’
682 2240 713 2297 et
746 2219 800 2297 ιῖἷ
829 2233 961 2298 Pnnrms
988 2253 1072 2297 nunc
1099 2231 1181 2299 male
1206 2234 1440 2320 interpretatur

245 2339 337 2415 ξύλον
359 2346 493 2421 πρῶτινι
520 2339 555 2404 τὸ
579 2339 730 2419 βάραθρον
756 2359 813 2424 pto
836 2338 871 2402 τὸ
895 2341 1010 2420 πρῶτον
1035 2337 1148 2420 βάθρον
1173 2340 1220 2426 (τὸ
1245 2343 1275 2404 ιι’
1298 2339 1438 2423 βάθρον),

247 2467 304 2512 nec
332 2444 433 2510 mutto
458 2446 569 2510 sanius
594 2445 625 2509 in
653 2445 786 2510 Burnum
813 2444 926 2510 Aoeod.
947 2444 971 2509 t.
995 2463 1065 2529 pag.
1091 2448 1174 2522 tto,
1203 2444 1440 2527 tt.otrrpdoooro

246 2559 379 2637 apparet
404 2570 461 2637 pro
482 2551 604 2637 primae
625 2571 776 2636 personae
801 2547 846 2636 (ν’
871 2552 1054 2636 προσώπου).
1104 2549 1251 2617 Ridicule
1276 2552 1308 2617 in
1334 2549 1439 2617 fronte

246 2655 357 2723 Lecici
396 2656 544 2722 Pbotiooi
573 2655 729 2722 scribitur
752 2656 894 2732 Νικήτης
918 2655 1021 2737 ἄεδρις
1045 2659 1098 2723 not
1123 2656 1296 2739 ὥνιτιέιιις,
1321 2657 1440 2722 iniuria

247 2761 283 2827 fit
316 2760 456 2838 bamini,
481 2765 535 2847 qui
562 2760 623 2828 tuit
647 2761 827 2844 πρωτόεδρος
852 2761 904 2828 not
934 2761 1177 2845 oporoooaoipror.
1225 2761 1318 2849 Apud
1343 2761 1439 2828 Hesu-

246 2889 338 2934 curuu
363 2867 513 2950 ἕννέιιροςε
538 2867 624 2945 θέτης
643 2889 660 2934 a
683 2869 794 2934 mattis
815 2876 864 2934 est
883 2867 1090 2935 emendatum
1109 2869 1250 2944 ἕννιιέτης
1270 2877 1301 2935 et
1324 2887 1440 2954 magna

247 2984 296 3042 est
333 2974 448 3040 borum
482 2975 583 3058 copia.
631 2973 723 3040 Nunc
759 2994 856 3041 unum
892 2977 1006 3056 πρῶτον
1040 2985 1180 3060 tangam.
1227 2975 1262 3043 ln
1287 2976 1442 3042 lsocntrrs

247 3079 437 3145 Archidamo
471 3081 488 3162 §
525 3082 567 3144 76
599 3079 731 3145 contusa
763 3088 838 3144 snnt
864 3079 1115 3160 σχιληνᾶγειν,
1140 3081 1224 3168 quod
1250 3082 1355 3147 estin
1382 3099 1444 3146 uno

248 3185 369 3270 optimo
398 3182 564 3260 Urbiooto,
589 3193 622 3251 et
647 3186 765 3266 σχολὴν
790 3191 904 3266 πρῶτον
928 3184 1019 3265 ἄγειν
1039 3187 1123 3272 quod
1147 3187 1287 3274 reliquos
1308 3185 1444 3262 obsidem

247 3295 361 3370 πρῶτον
387 3287 481 3352 nihiti
507 3297 619 3356 estex
644 3292 675 3356 ν’
699 3289 789 3369 ἄγειν
814 3289 895 3355 nnale
922 3301 1126 3376 prognatum.
1174 3293 1291 3359 Contra
1312 3313 1329 3358 e
1352 3293 1445 3378 longo
1551 3355 1556 3361 .

247 3395 342 3462 exilio
373 3395 587 3462 revocandum
621 3397 652 3463 in
689 3404 860 3464 venustum
894 3397 1041 3464 Pueroms
1066 3399 1171 3464 locum
1197 3401 1228 3464 in
1256 3399 1444 3486 Protoporoc

249 3503 341 3568 initio
374 3521 444 3587 pag.
479 3507 557 3569 509.
594 3506 630 3568 A.
659 3505 693 3568 od
720 3504 758 3568 σὺ
782 3503 884 3582 μέντοι
909 3505 1044 3585 Ὀμήρου
1069 3506 1230 3581 ἐπαινέτης
1255 3502 1302 3586 εἷ,
1327 3499 1359 3580 ὃς
1383 3505 1444 3590 ἔφη

246 3608 439 3691 χηριεςιὶτην
470 3607 550 3685 ἥβην
582 3603 658 3674 εἶνιιι
688 3613 741 3674 τοῦ
776 3608 946 3689 ὑπηνήτου,
980 3608 1013 3688 ἣν
1041 3615 1091 3677 νῦν
1122 3612 1326 3692 Ἀλκιβιάδης
1361 3611 1445 3692 ezec

247 3735 351 3800 neque
380 3713 440 3780 boc
466 3713 610 3780 Hounnus
635 3713 717 3780 dixit
741 3724 771 3780 et
799 3735 891 3780 nemo
911 3724 977 3781 tarn
1004 3738 1119 3784 caecus
1143 3719 1205 3785 erit
1229 3729 1265 3786 ut
1290 3718 1348 3786 boc
1375 3739 1443 3784 utn-

247 3841 344 3907 quam
378 3818 475 3884 dicat.
524 3818 691 3886 Neminem
725 3819 843 3888 vidisse
875 3821 1088 3908 supplendum
1127 3845 1196 3892 esse
1220 3831 1273 3892 τοῦ
1297 3832 1445 3907 πρῶτον

249 3928 420 4005 ὑπηνήτου,
456 3933 490 3990 ut
525 3925 608 4010 apud
645 3933 770 4012 poetam
795 3935 845 3992 est
868 3936 901 3993 et
924 3947 977 3993 res
1003 3931 1070 4016 ipsa
1096 3931 1226 3998 clamat.
1275 3929 1389 3998 Infelix
1414 3931 1446 3997 α’

249 4036 280 4098 in
307 4032 419 4099 iisdem
448 4029 553 4096 verbis
579 4032 661 4098 mate
685 4041 854 4119 acceptum
879 4041 927 4099 cst
952 4035 1037 4121 apud
1062 4041 1175 4104 Arnim
1204 4037 1238 4103 V.
1264 4036 1300 4102 H.
1325 4037 1365 4102 X.
1395 4041 1445 4104 18.

248 4143 290 4224 τῷ
317 4139 455 4222 Δάφνιδι
483 4137 608 4221 utnon
641 4141 778 4218 ὡμίλησε
809 4142 895 4222 nonni
920 4139 981 4208 ὄντι
1006 4143 1057 4208 rot
1083 4143 1135 4225 νέῳ
1159 4144 1210 4210 arod
1237 4144 1342 4226 πρώτῳ
1367 4144 1445 4220 ὑπη-

249 4249 337 4330 ιιιὶτη,
362 4244 432 4311 dodo
456 4248 509 4309 τοῦ
533 4244 642 4327 χρόνον
663 4248 680 4322 ἡ
700 4245 876 4328 χηριεςιὶτη
897 4247 960 4316 isto
979 4249 1040 4326 ἥβη
1063 4257 1120 4316 τῶν
1141 4259 1243 4318 καλῶν
1264 4249 1443 4332 μειρακίων.

248 4353 286 4427 dc
318 4376 375 4418 που
407 4351 484 4435 φησι
515 4352 568 4417 cot
591 4353 742 4433 Ὅμηρος.
792 4352 891 4418 Fauen
918 4355 997 4420 satis
1022 4354 1137 4422 leviter·
1161 4357 1284 4439 πρώτως
1310 4357 1446 4423 dentato

249 4457 404 4528 obtrudit.
454 4457 631 4526 Ponrzomus
655 4460 761 4541 πρώτῳ
794 4458 840 4524 ita
876 4466 988 4530 tuetur
1019 4470 1054 4528 ut
1085 4461 1193 4550 pigeat
1216 4461 1444 4550 poeniteatque
