3178 4972
750 395 796 464 49

176 590 364 664 ὶτελτίοας
405 589 617 677 adscriptum.
663 595 680 677 §
713 593 744 656 6.
776 598 849 662 ταῖς
884 587 989 654 ε’λτίοι
1030 588 1271 668 διακρατεῖν
1303 587 1374 662 τοὺς

176 695 313 779 spaurde:
347 697 521 778 διακρατεῖν
546 695 625 760 nihil
648 703 717 762 est:
746 703 869 761 veteres
895 695 927 759 in
952 715 986 758 ea
1013 713 1047 760 re
1072 692 1190 772 διαίρειν
1216 692 1374 780 ponebant

174 811 211 870 et
232 801 330 868 eredo
356 804 567 874 Aturrunusen
593 811 717 868 ueteres
740 821 810 866 esse
836 801 1010 866 imitatum.
1040 804 1055 885 §
1085 804 1115 865 7.
1139 802 1184 870 ὡς
1210 797 1373 866 ἐτιδειιινύ·

175 932 243 975 ναι;
278 909 406 992 corrige
437 906 499 976 etr.
537 911 553 992 §
579 912 611 974 8.
638 907 858 988 Θιρριτιτιδίουι
885 905 1019 972 entenda
1052 905 1251 988 Θηριππίδου.
1275 945 1318 955 -
1343 907 1374 970 ἒν

175 1011 234 1095 ἕλρ
257 1024 297 1097 τῇ
327 1013 520 1102 [mirantur]
549 1013 652 1080 τόλειε
678 1013 746 1079 dete
768 1015 989 1099 importunum
1013 1011 1179 1078 emblema.
1207 1014 1225 1097 §
1246 1015 1277 1076 9.
1298 1013 1374 1078 αλλ’

175 1121 294 1186 αὐτοὶ
320 1122 377 1201 μὲν
400 1119 586 1201 χαιρόντων,
612 1120 650 1186 σὺ
674 1121 720 1186 ii:
748 1118 815 1205 iege
839 1116 928 1185 οὗτοι.
943 1116 1091 1200 -οίριςοο
1109 1117 1173 1200 arip
1193 1109 1226 1192 ἣν
1246 1118 1370 1197 βοιίλειι

176 1229 243 1294 imo
268 1247 364 1294 veros
392 1219 426 1300 iia
449 1227 487 1292 οὺ
511 1226 631 1304 βούλει.
709 1205 721 1236 ⁸

223 1334 326 1421 Epist.
342 1338 373 1398 δ.
399 1333 481 1400 οὐδὲν
498 1331 730 1413 δυοαρεςίτερον
744 1372 785 1382 -
799 1332 862 1402 teir
880 1329 971 1413 ἄρτι
993 1330 1089 1397 τοίλιν
1107 1330 1372 1413 μειρακιευομένου

174 1442 375 1522 τρεσβύτιυι
403 1439 474 1520 ἄρτι
498 1440 650 1505 vitiosum
676 1448 741 1520 est,
767 1457 840 1504 nam
864 1437 941 1503 haec
963 1456 1089 1525 quoque
1108 1437 1234 1503 insania
1254 1437 1293 1503 ab
1314 1437 1373 1503 ini·

173 1549 223 1612 tin
248 1545 444 1612 tolerabilior
468 1555 516 1612 est
538 1547 686 1632 viresque
707 1546 847 1632 acquirit
865 1541 980 1610 eundo.
1019 1543 1163 1629 legerim
1183 1538 1373 1625 ἄρα-οίιί

174 1677 219 1732 με
241 1654 419 1732 Ἐπίκουρος
439 1652 602 1719 tratres:
628 1654 702 1738 quis
720 1651 778 1717 hoe
800 1668 998 1735 concoquere
1020 1649 1142 1735 potest?
1168 1649 1370 1737 Quamquam

173 1760 301 1840 διοχλεῖ
322 1759 454 1846 propius
479 1757 517 1824 ad
543 1765 729 1844 corruptam
756 1758 951 1843 scripturam
975 1754 1119 1835 accedit,
1145 1755 1373 1842 obsequentia

174 1864 285 1929 malim
311 1863 437 1939 διέίνρκε.
459 1865 664 1938 -ἕτιςολίις
688 1864 988 1934 οὶδιαλείττονς
1012 1888 1062 1942 μοι
1087 1862 1237 1946 νροίΦωνι
1267 1871 1370 1949 potest

172 1989 212 2038 ea
234 1990 285 2037 res
307 1969 533 2036 rnniestissima
553 1990 641 2045 esse,
662 1968 716 2036 sed
737 1977 787 2036 est
806 1966 916 2035 eadem
940 1988 1033 2054 saepe
1054 1968 1299 2035 iucundissima.
1333 1969 1369 2034 lu

171 2075 343 2141 radicibus
366 2084 415 2140 est
439 2077 640 2151 αδιαλιίτοιιι,
667 2077 699 2140 in
720 2093 783 2161 quo
802 2073 917 2140 menda
937 2074 1033 2141 eredo
1053 2074 1153 2142 latere
1176 2074 1367 2154 διωλυγιόνς.

171 2180 350 2248 Notissima
385 2190 433 2246 est
464 2180 635 2248 Rnnnrenu
667 2181 768 2247 daeo
794 2179 946 2246 rneahuio
975 2183 1141 2248 annulatio
1164 2180 1203 2248 ad
1229 2181 1369 2247 Truaauu

172 2307 209 2374 p.
234 2291 297 2366 88,
323 2289 378 2375 qui
406 2305 554 2372 magnam
588 2287 807 2374 exernpiorum
833 2289 955 2373 copiam
982 2286 1112 2353 effudit:
1139 2285 1223 2354 unde
1247 2285 1286 2354 ad
1313 2306 1369 2353 no-

170 2401 279 2460 strum
303 2395 407 2460 torum
422 2392 485 2460 duo
496 2403 572 2458 sunt
587 2412 740 2480 perquam
755 2393 1013 2472 aceornmudata,
1029 2395 1175 2460 Patronis
1186 2394 1294 2476 μακροὶ
1312 2399 1365 2465 καὶ

168 2498 333 2579 araneam
363 2501 506 2582 Φλυαρία
542 2498 666 2564 Thesei.
693 2520 723 2585 p.
757 2503 814 2564 161
847 2497 875 2564 Ε
899 2510 929 2565 οι
954 2502 1037 2579 μήνη
1070 2499 1222 2580 διωλύγιον
1248 2501 1279 2566 in
1305 2498 1366 2566 Le.

167 2607 267 2694 pibus
287 2627 315 2692 p.
330 2605 450 2674 89οΕ.
478 2611 494 2690 §
516 2613 547 2672 ὃ.
573 2604 963 2683 ςωμυλειίεσίαιααδ
990 2607 1206 2688 είρωνειίεοίαιε
1232 2605 1367 2673 barbara

168 2713 277 2778 forma
310 2731 367 2798 pro
400 2713 628 2792 supernarum.
688 2710 812 2777 resena
850 2711 1017 2777 librarium
1052 2715 1069 2788 ri
1101 2715 1290 2796 ταρήχνρτις.
1322 2750 1368 2763 -

166 2816 378 2895 ’Δλκοβιοίδνν
391 2819 483 2885 τινα
504 2816 663 2884 Πυθοκλέα
679 2815 805 2898 νομίζεις
828 2827 916 2884 ceria
931 2818 978 2883 iex
993 2821 1151 2885 sermonis
1165 2818 1304 2906 postulati
1316 2821 1367 2887 riv

164 2925 344 2990 Πυθοκλέα.
379 2924 574 2990 Hmscnrmus
594 2947 662 2990 τινα
687 2925 715 2987 in
737 2924 789 2990 τόν
810 2922 974 3000 rmuabat,
997 2933 1134 3011 utroque
1154 2944 1234 3012 opus
1251 2933 1310 2992 est.
1323 2963 1365 2978 -

165 3031 319 3097 ἄναςοῖοα
342 3027 402 3112 inp
425 3032 516 3096 τοτέε
547 3030 616 3114 iege
639 3030 792 3096 ὁποίποτε.
820 3033 836 3114 i
861 3034 892 3095 i.
919 3032 1080 3110 γνώμην
1104 3055 1171 3097 σου
1194 3031 1366 3112 βουλομένη

166 3151 191 3200 λ
202 3137 323 3213 αβεῖν
341 3135 375 3201 τί
386 3159 437 3213 μοι
457 3135 609 3210 τοικτέονε
633 3137 786 3202 neruosis
805 3143 947 3201 veterum
964 3136 1090 3204 iuuttttts
1101 3147 1149 3204 est
1163 3158 1220 3225 pru
1232 3140 1366 3220 ουμβον·

165 3241 345 3308 λειίταοίαί
368 3265 423 3306 σοι.
440 3243 511 3306 -ἕ
520 3266 538 3306 ιι
563 3243 706 3321 γειτόνων
729 3244 888 3308 οἷκοῡοανι
916 3242 1011 3308 Attici
1035 3245 1065 3310 ἐν
1089 3244 1242 3323 γειτόνων.
1270 3246 1367 3313 Dece·
1475 3255 1478 3260 ’

167 3358 290 3434 perunt
317 3351 529 3414 Auerrununan
550 3347 632 3426 ioci,
656 3348 759 3433 quatis
782 3347 832 3412 triu
850 3356 898 3413 est
912 3347 994 3434 apati
1012 3349 1135 3417 Lrsrnu.
1151 3351 1176 3417 I.
1202 3355 1286 3436 §ta
1311 3349 1367 3418 εἶτ’

166 3455 215 3519 ἐκ
233 3461 291 3518 τῶν
310 3453 453 3532 γειτόνων
473 3452 666 3534 ἐνάψασθαι,
686 3472 822 3539 qnorum
845 3452 973 3521 diversa
989 3456 1071 3521 ratio
1091 3464 1150 3523 est.
1177 3455 1288 3524 Obiter
1300 3456 1365 3525 illie

166 3579 305 3647 repone:
329 3558 512 3639 ἀνάψασθαι
536 3579 649 3645 nempe
662 3559 899 3638 ἀτιτβεοίέντα
923 3559 975 3626 τὸν
999 3561 1123 3643 λύχνον.
1161 3566 1178 3648 §
1199 3569 1231 3630 6.
1255 3565 1301 3643 μή
1321 3589 1367 3630 σοι

165 3671 275 3732 ταῦτα
297 3663 519 3731 ὑπελθέτωε
546 3665 678 3730 emenda
700 3667 793 3731 ταῦτ’
814 3667 983 3742 ε’τελίέτυ,
1004 3667 1125 3734 rectius
1143 3669 1240 3734 etiam
1255 3669 1368 3754 ἕτέλίρ

169 3773 368 3859 scripsisset.
383 3770 565 3850 -λαβέτω
591 3773 643 3836 καί
667 3769 689 3838 ἃ
713 3771 797 3852 ixa:
825 3771 937 3857 supple
961 3773 1042 3851 ansa
1067 3771 1140 3855 ἔχω.
1187 3779 1204 3860 §
1232 3780 1261 3841 ⁷.
1287 3774 1366 3862 quid

168 3877 215 3944 sit
246 3879 430 3944 aeramen
463 3879 517 3952 rav
540 3878 649 3943 ἑαυτοῦ
674 3879 849 3952 νεότητα
880 3897 940 3942 non
973 3887 1107 3965 exputn,
1147 3900 1249 3966 neque
1283 3880 1366 3968 quod

171 3985 252 4048 bene
265 3983 463 4048 substituam
479 3984 613 4068 reperio.
648 3985 709 4068 §a
735 3985 787 4050 καί
809 3981 959 4063 ίδρωκα
977 3985 1020 4051 τοὶ
1040 3983 1138 4067 nispe:
1158 4007 1215 4072 pru
1235 3985 1368 4070 ίδρωιια,

170 4089 266 4153 cuins
290 4086 371 4152 mihi
396 4089 478 4151 ratin
504 4109 563 4152 nnn
590 4098 735 4164 cunstat,
761 4090 823 4154 ἰδίω
850 4093 1046 4174 reposuerim
1075 4093 1258 4160 Atticorum.
1297 4098 1368 4179 §a

170 4195 387 4275 πρεσβευταρι
425 4193 627 4260 Athenienses
660 4195 813 4262 libentius
845 4196 989 4276 πρέσβεις
1021 4196 1144 4263 dieunt.
1191 4201 1208 4284 §
1239 4202 1290 4266 10.
1314 4199 1368 4267 καί

171 4301 233 4377 ἐγὼ
259 4299 370 4378 ἔσομαι
395 4299 606 4379 varroniana
630 4305 713 4382 αὐτῷ
737 4303 1038 4382 ἀναίσχυντοςε
1067 4305 1093 4368 si
1129 4303 1188 4369 hoc
1217 4304 1371 4372 voluisset

174 4406 279 4484 ὁμοίως
310 4407 508 4493 scripsisset.
557 4407 718 4475 Eruenda:
758 4409 847 4488 κρίνω
881 4407 990 4488 ἔσομαι
1023 4411 1120 4476 τοίνυν
1151 4411 1241 4490 ίμοία
1266 4413 1369 4493 αὐτῷ,

175 4511 293 4596 quibus
318 4511 521 4599 magisteilus
545 4515 751 4599 ἀναίσχυντος
776 4515 959 4602 adscripsit.

1210 4625 1226 4668 a
