3086 4974
681 377 752 450 563

124 582 196 640 sent
224 571 334 640 eadem
359 575 442 656 ριῑσις
468 571 568 639 multo
593 571 674 638 mibi
698 571 827 660 quidem
853 574 1069 659 praestantior
1092 584 1125 642 et
1150 576 1316 668 pulchrior

125 679 307 756 rideretur,
333 676 389 745 sed
411 675 496 744 vaiet
519 678 551 744 in
577 678 618 745 iis
642 676 736 745 iiiud:

330 783 375 852 τοί
399 785 456 864 μὲν
480 789 587 852 τοῦτο
610 786 742 852 δοκοῦντ’
766 782 845 865 ἔσο,
870 785 936 864 ἐμοὶ
966 785 997 853 δδ
1020 784 1108 856 τοίδε.

126 891 195 971 rei,
222 899 257 958 ut
281 892 348 978 ipse
373 889 545 978 Euripides
569 889 730 978 loquitur,
754 890 864 978 Soppt.
891 893 968 958 tor.

331 997 376 1064 σοί
401 999 458 1078 μὲν
481 996 604 1064 δοκείτιο
626 999 730 1072 τοῦτ’,
756 996 823 1074 ἐμοὶ
846 999 879 1064 δὲ
902 997 1027 1065 π’ύντίοο.

128 1124 231 1192 neque
262 1101 438 1194 quidquam
473 1101 602 1190 prodest
632 1101 671 1169 de
703 1102 822 1169 tatibus
856 1102 955 1170 uruita
980 1102 1140 1174 disserere
1162 1105 1318 1176 adversus

127 1232 181 1278 cos
211 1211 267 1298 qui
298 1210 392 1276 aliter
423 1208 569 1276 sentiunt
600 1208 655 1277 εἰίν
682 1235 718 1276 τι
747 1212 871 1289 penno
900 1209 956 1278 ἐάν
981 1233 1017 1276 τε
1039 1207 1128 1288 ἦττον
1148 1213 1317 1290 ιοίσύητικιδ

127 1317 209 1386 doro.
244 1315 407 1383 Proferam
433 1314 514 1382 duos
539 1324 664 1382 tautum
690 1314 856 1403 Euripidis
879 1315 982 1395 iocos,
1006 1317 1062 1403 qui
1086 1318 1114 1384 si
1139 1337 1203 1386 uno
1222 1339 1318 1387 versu

128 1431 235 1491 essent
267 1421 431 1490 breuiores
463 1441 514 1490 me
542 1420 671 1509 quidem
694 1421 859 1509 aliquanto
883 1424 986 1509 magis
1010 1431 1042 1490 et
1065 1422 1264 1498 dciectarent
1286 1435 1319 1493 et

129 1537 388 1608 commonerent,
424 1547 527 1616 neqtte
561 1537 669 1596 tamen
702 1527 826 1596 irnudis
861 1527 909 1596 vei
943 1530 1065 1598 erroris
1100 1533 1317 1630 suspicionem

132 1632 211 1702 mibi
240 1634 303 1700 nisi
334 1641 463 1702 tenuem
496 1655 534 1701 ac
566 1634 668 1702 ierem
701 1635 897 1702 excitarunt.
937 1634 1027 1703 diter
1058 1646 1107 1703 est
1135 1637 1168 1708 in
1194 1636 1320 1706 Hecube

131 1761 178 1808 vs,
203 1744 281 1808 tot.

600 1849 618 1924 ri
644 1846 676 1914 δὲ
696 1847 748 1914 nai
770 1846 925 1924 ύνιίσκονσ’
947 1845 1029 1928 dicor

325 1955 444 2029 aenaim
467 1951 607 2036 τρύνοιοον
629 1949 716 2034 είχεν
739 1955 908 2036 εύσχιίροιος
931 1962 1046 2021 πεσεῖν.

132 2058 226 2127 moiic
249 2079 287 2126 ac
308 2067 455 2127 tenerum
483 2079 633 2137 carmen,
657 2059 778 2145 dequo
799 2058 937 2127 muitum
961 2061 1139 2130 venustatis
1162 2081 1232 2129 uren
1252 2065 1322 2152 qtri·

131 2166 203 2235 dem
229 2185 326 2234 sensu
351 2163 491 2233 detrabit
515 2164 695 2232 versiculus
718 2163 866 2232 additus:

313 2270 478 2354 κρύπτουσ’
501 2268 523 2339 ἃ
547 2272 691 2354 κρύπτειν
712 2272 834 2352 ὄμματ’
857 2273 987 2356 οίρσὲνιον
1009 2274 1118 2356 χρεύν.

134 2379 243 2446 omunia
275 2379 360 2444 enim
393 2385 470 2445 sunt
504 2379 535 2444 in
567 2379 734 2460 εύσχιὶριος
765 2388 888 2457 πεσεῖν,
918 2399 1001 2467 quae
1032 2379 1128 2446 rerba
1152 2377 1238 2470 quod
1265 2379 1322 2445 tibi

134 2481 343 2572 cogitandum
374 2491 407 2551 et
438 2483 682 2571 imaginandum
717 2483 905 2572 relinquunt
935 2485 1101 2574 aliquanto
1133 2483 1249 2558 metius
1274 2494 1325 2552 est

134 2602 167 2661 et
191 2590 387 2680 praeclarius
410 2611 508 2678 quam

270 2696 435 2782 κρύπτονσ’
459 2689 482 2765 ii
506 2696 648 2779 κρύπτειν
672 2696 791 2777 ὄμματ’
811 2697 941 2781 ιίρσίνοιν
962 2699 1070 2782 χρεύν.

135 2804 190 2872 sed
219 2804 314 2872 aliter
336 2805 528 2871 sentientem
553 2822 617 2890 quo
642 2801 834 2890 redarguam
860 2824 922 2870 non
949 2803 1066 2884 itabeo,
1090 2813 1188 2893 atque
1211 2806 1258 2872 sic
1283 2803 1324 2871 ab

135 2913 205 3000 ipso
230 2921 321 3000 poeta
346 2908 445 2976 scribi
464 2911 602 2996 potuisse
627 2929 687 2974 nnn
715 2909 846 2976 infitior.

181 3017 328 3085 Fuerunt
354 3023 460 3082 tamen
481 3014 556 3081 oiim
577 3016 633 3102 qui
654 3035 781 3082 versum
803 3027 1043 3103 expungerent,
1069 3015 1153 3105 quod
1174 3038 1212 3084 ex
1233 3015 1324 3084 sebo·

137 3125 179 3191 iio
211 3121 250 3190 ad
281 3121 315 3188 b.
348 3121 368 3188 Ι.
401 3119 581 3207 colligitur:
614 3119 740 3200 ἔπεσεν,
770 3123 894 3210 inquit,
917 3125 961 3198 είς
984 3125 1020 3190 τί
1043 3122 1228 3206 κοικίζκλον,
1251 3121 1326 3208 ίπερ

136 3230 311 3316 κοκίζουσιν
333 3231 358 3296 οί
382 3227 591 3311 ύβεοίζονσες,
615 3230 670 3314 qui
697 3227 777 3293 mibi
801 3228 931 3316 quidem
952 3233 1056 3316 magis
1077 3239 1202 3318 poetam
1215 3231 1321 3319 ipsum

136 3357 232 3426 quam
254 3335 379 3404 scribas
399 3335 559 3420 castigem
577 3333 739 3400 uidentur.
764 3334 800 3401 in
815 3333 979 3422 praeclaro
991 3336 1059 3402 loco
1075 3335 1174 3404 Orcrt.
1187 3357 1235 3404 rs.
1249 3343 1325 3407 atto.

364 3438 386 3508 ὦ
409 3447 527 3523 μῆτερ,
549 3440 674 3508 ίκετεύοι
697 3464 752 3522 σε,
778 3443 823 3521 μίν
846 3441 957 3508 ’πίσειί
978 3465 1031 3522 μοι

364 3549 424 3623 τὰς
447 3549 651 3627 οιίριοοπιιποὺς
674 3548 726 3614 κοί
750 3547 960 3630 δρακοντώδεις
985 3545 1094 3631 κύρεις·

362 3650 458 3721 οιύτοοο
481 3652 545 3736 γὰρ
568 3649 674 3720 adeor
687 3655 818 3731 πλησίον
841 3655 1003 3738 ίρύσκονσί
1024 3678 1094 3737 μον.

142 3760 184 3826 nii
205 3761 305 3826 miror
324 3759 486 3836 Nauciio,
510 3758 685 3846 singularis
702 3761 864 3828 acuminis
883 3771 916 3829 et
934 3761 1086 3830 acerrimi
1109 3759 1220 3828 iudicii
1242 3761 1325 3842 viro,

140 3886 267 3934 uersum
291 3868 423 3934 tertium
446 3864 529 3932 uteie
547 3864 749 3934 additumet
765 3867 1138 3946 rneiiusabesseuideri,
1163 3864 1327 3935 sediiuri·

141 3972 243 4060 pidis‚
269 3974 296 4039 si
319 3971 396 4062 quid
421 3970 547 4054 iudico,
572 3991 609 4040 ea
634 3972 728 4058 culpa
752 3982 821 4053 ost,
845 3995 906 4040 non
933 3973 1160 4053 librariorum,
1186 3991 1328 4062 namque

140 4079 329 4168 Euripiden,
353 4079 478 4166 siquis
502 4077 585 4144 aiios
609 4085 753 4145 ueterum
781 4089 969 4166 poetarum,
993 4077 1184 4166 quandoque
1207 4077 1327 4147 dormi·

139 4196 183 4253 tat
208 4195 240 4253 et
264 4185 324 4253 sibi
351 4185 456 4272 impar
479 4183 573 4250 modo
596 4185 714 4251 eximia
740 4185 864 4264 tondit,
885 4184 980 4253 modo
1001 4183 1039 4250 ad
1057 4184 1162 4253 iutilia
1175 4203 1213 4253 ac
1226 4205 1328 4273 paene

138 4293 275 4360 dixerim
301 4290 438 4379 puerilia
461 4288 642 4371 delabitur,
666 4289 752 4379 quod
772 4291 897 4359 duoimr
917 4289 1071 4378 exemplis
1091 4291 1256 4360 iuniorum
1274 4313 1327 4380 po·

140 4399 303 4466 tissimum
336 4397 441 4485 gretia
472 4394 652 4465 ostendam.
697 4397 732 4464 in
767 4397 895 4466 Eiectrc
928 4417 973 4466 rs.
996 4403 1072 4465 bib
1101 4397 1190 4484 regia
1222 4395 1327 4485 puelia

138 4525 254 4594 magna
280 4505 440 4593 gravitate
464 4502 507 4569 itu
531 4502 675 4590 potnerit:
