3086 4974
663 1251 850 1320 CAPUT
881 1251 949 1324 Vl·

331 1487 369 1533 nr
389 1485 473 1533 cocis
497 1485 573 1531 erun
595 1463 765 1532 suumn
789 1483 1000 1532 rurrnromms
1021 1485 1080 1532 rur
1102 1487 1276 1536 concurris.

482 1645 621 1718 Euripidis
640 1645 822 1718 Tragoedias,
843 1645 886 1701 od.
906 1645 940 1700 Α.
960 1647 1136 1704 chnuoss.

874 1721 965 1776 Berol.
987 1721 1068 1778 1855.

478 1827 581 1884 Poiloe
605 1824 713 1882 Scenici
735 1825 847 1892 Graeci,
873 1826 917 1881 ed.
936 1826 970 1881 G.
990 1825 1131 1884 Dmnonr.

898 1900 973 1973 lips.
995 1903 1077 1958 1869.

465 2098 540 2166 Toni
563 2121 596 2166 ce
620 2057 684 2189 ᾳιιἸ
697 2122 735 2165 on
759 2099 806 2166 dii
829 2099 867 2166 de
890 2109 958 2186 trop
982 2111 1027 2166 cst
1050 2101 1124 2189 sude
1147 2111 1176 2169 cl
1198 2101 1362 2171 roborant.

1193 2191 1313 2238 Bolum.

669 2401 941 2431 m·-

255 2643 405 2710 Acscnrm
431 2642 626 2728 Tragoedias
649 2650 707 2707 aul
732 2641 896 2712 Soruocns
918 2642 1089 2710 curandare
1109 2647 1148 2718 de
1168 2646 1226 2722 μὲν
1241 2645 1407 2726 βούλομαι

209 2751 242 2816 οὐ
272 2748 423 2828 δύναμαι,
454 2751 493 2822 ὥς
525 2749 556 2814 δὲ
586 2749 723 2828 δύναμαι
747 2751 780 2816 οὐ
802 2749 979 2831 βούλομαι,
1010 2768 1112 2836 neque
1138 2750 1217 2818 milri
1241 2773 1279 2818 ex
1304 2771 1406 2838 saepe

169 2900 171 2906 -
209 2854 346 2942 rapeliia
370 2854 508 2921 lectione
534 2853 709 2942 quidquam
734 2855 995 2922 animadversum
1020 2864 1052 2922 el
1076 2866 1239 2943 reperlum
1264 2867 1314 2924 esi
1339 2856 1406 2924 hu·

209 2959 408 3040 iuscemodi,
440 2960 525 3047 quod
558 2981 644 3028 nune
677 2959 826 3028 lubenler
856 2963 889 3027 in
920 2960 1027 3028 lucem
1053 2960 1242 3049 proferrem.
1279 2965 1404 3030 Conlra

209 3067 240 3133 in
267 3066 423 3154 Euripide
446 3076 523 3134 sunt
548 3065 788 3154 compluscula,
814 3065 899 3134 unde
923 3087 1010 3134 nunc
1036 3076 1157 3153 partem
1183 3067 1326 3136 delibare
1349 3071 1403 3136 iu·

207 3182 270 3239 val.
316 3172 478 3240 Permulta
515 3194 584 3241 esse
617 3174 648 3238 iu
682 3172 866 3260 Euripidels
899 3172 1016 3242 fabulis
1050 3174 1240 3261 inlerpolata
1271 3186 1404 3243 constal

208 3282 293 3345 inler
325 3298 446 3346 omues.
493 3279 581 3362 Quae
614 3279 717 3345 aliena
750 3299 867 3345 manus
898 3288 954 3346 aul
985 3278 1153 3346 hislrlonis
1180 3279 1318 3347 alicuius
1341 3290 1402 3348 aui

205 3383 295 3452 scioli
325 3385 482 3463 inseruit,
516 3406 628 3453 corum
663 3385 776 3451 lrouam
804 3394 928 3472 perlem
957 3385 1153 3480 Grilioorum
1179 3387 1343 3476 principes
1365 3397 1402 3455 el

206 3491 282 3560 olim
307 3501 339 3557 el
364 3499 472 3558 nostra
498 3491 652 3558 memoria
679 3490 825 3558 sollcricr
849 3489 1131 3578 deprehenderunt
1154 3502 1186 3559 el
1209 3492 1298 3559 obelo
1321 3513 1401 3560 con·

208 3599 357 3664 lixeruui.
395 3595 556 3665 Adlraerel
579 3605 684 3664 lamen
711 3597 898 3662 cilamnunc
923 3595 975 3663 hic
999 3596 1064 3664 illic
1088 3598 1211 3684 aliquid
1235 3597 1401 3676 sordium,

206 3701 291 3791 quod
324 3702 403 3770 mihi
428 3704 555 3790 quolles
579 3701 617 3769 ad
642 3701 753 3769 eadem
779 3712 924 3770 revertor
947 3722 1076 3790 semper
1097 3708 1224 3788 sotrum
1249 3714 1294 3770 eal
1317 3727 1400 3772 uou-

206 3833 351 3898 reamque
379 3820 482 3887 creot,
516 3818 552 3876 ul
583 3810 636 3877 ille
660 3810 724 3890 all,
756 3810 832 3897 quia
857 3829 939 3896 quae
962 3829 980 3874 a
1005 3819 1098 3896 pocla
1123 3810 1287 3897 praeclare
1310 3811 1400 3880 dicia

206 3924 283 3986 suni
307 3917 443 3996 villani,
469 3916 658 3994 deldlitanl,
684 3915 857 4002 frangunt,
879 3924 936 3982 aui
957 3914 1071 3982 sallem
1093 3925 1238 3984 onerant.
1264 3917 1402 3986 Accedit

207 4026 239 4091 in
263 4021 375 4090 mullis
399 4043 490 4090 error
512 4023 643 4110 quidam
670 4032 726 4090 aul
752 4022 947 4108 negligeulia
972 4019 1117 4099 dicendi,
1140 4042 1223 4111 quaa
1243 4023 1276 4089 in
1300 4023 1400 4090 Grae·

206 4131 297 4199 culos
326 4148 398 4196 sero
423 4138 514 4196 calos
537 4129 643 4204 cadit,
677 4131 708 4194 in
735 4128 922 4215 Euripidem
950 4147 1012 4194 nou
1037 4127 1145 4208 cadit,
1169 4138 1200 4195 ci
1223 4131 1270 4198 sic
1295 4129 1402 4200 lerme

205 4236 325 4307 sciolus
356 4243 521 4334 tamquam
553 4255 645 4303 sorex
677 4255 735 4302 suo
765 4254 799 4301 se
830 4233 948 4301 iudicio
980 4233 1098 4321 prodit.
1135 4235 1203 4301 Non
1235 4256 1286 4304 ure
1313 4235 1401 4324 iugil

204 4363 301 4433 quam
331 4350 426 4410 caute
450 4350 481 4408 el
505 4343 741 4428 circumspeclc
765 4343 806 4406 sil
829 4342 862 4407 in
888 4340 943 4407 lali
966 4350 1159 4426 argumento
1183 4342 1398 4410 versandum:

205 4458 282 4517 sunl
304 4449 391 4516 enim
414 4447 569 4533 quaedam
593 4467 836 4533 nonnumquam
861 4467 879 4512 a
904 4453 996 4537 pocla
1021 4446 1129 4515 addila
1154 4468 1237 4535 quae
1256 4448 1284 4514 ei
1306 4449 1397 4517 allos·
