3086 4974
832 363 970 446 nnb'

271 566 462 636 vocobulum
489 565 569 635 bene
596 565 754 634 Graecum
780 567 961 636 sententiae
984 567 1104 634 securi.
1153 575 1321 634 PONTec
1341 583 1424 651 super·

272 683 340 755 est,
372 694 454 761 ergo
479 671 667 755 προάγοντες
698 671 864 761 supplent:
896 681 931 740 nt
962 673 1010 740 rei
1042 667 1426 762 concanonicorum

271 779 365 848 iiiosi
414 777 527 846 Viden’
552 797 638 845 nuno
662 778 748 845 uude
771 779 917 867 ineptum
942 777 1090 846 ώπίιιυσα
1114 778 1289 867 prodierit?
1333 777 1427 862 Perspi-

272 905 371 954 cuum
403 892 469 952 cst:
504 892 573 952 erat
600 885 822 963 *⁴*ATcA,
858 885 1009 972 supplent
1041 884 1126 972 quou
1156 886 1190 951 in
1212 885 1342 955 buccam
1363 883 1429 950 seuit

273 991 432 1060 ώπίλυσα.
465 991 609 1078 ineptum
642 1000 692 1058 est
728 990 760 1056 id
795 989 940 1079 quidem.
986 988 1115 1079 Ecquid
1148 1011 1203 1058 eos
1239 991 1312 1060 tuiis
1341 1008 1429 1058 curere

275 1096 447 1187 putemus?
496 1096 558 1164 Sed
592 1116 649 1163 nos
680 1095 867 1164 curabimus
896 1107 928 1164 ot
953 1099 1259 1164 memoreseriunus
1283 1093 1432 1185 siquando

274 1204 336 1272 ioci
360 1205 521 1272 sententio
546 1203 759 1270 suecessoriom
790 1203 1048 1270 emendationem
1073 1205 1272 1292 suggesserit
1295 1215 1327 1272 et
1348 1205 1431 1270 litero·

275 1329 346 1378 rum
372 1307 490 1378 ductus
515 1309 725 1397 pertinaciter
749 1309 965 1396 refragantur.
1120 1313 1124 1318 “

319 1419 355 1484 in
381 1420 398 1503 §
427 1419 501 1483 stt.
526 1416 552 1482 οί
577 1414 608 1482 δί
632 1417 762 1483 ώναίσιοι
785 1417 986 1493 ἀποθνήσκειν
1008 1415 1140 1497 &nemos
1161 1419 1399 1502 συιαγορίυοετοι
1416 1413 1433 1476 δ’

274 1525 349 1605 ἐμοῦ
371 1521 566 1599 διεσώθησαν.
605 1519 781 1588 Aeschines
804 1521 887 1588 dixit
909 1531 942 1588 ct
965 1524 1098 1612 scripsit
1119 1523 1293 1602 ἐσώθησαν,
1318 1544 1375 1590 non
1395 1521 1435 1586 διε-

272 1631 421 1707 σώθησαν.
469 1628 506 1695 ίυ
536 1625 692 1708 διασώζειν
722 1635 755 1694 et
786 1628 967 1704 διασωθῆναι
999 1631 1086 1695 notio
1118 1631 1202 1697 inest
1232 1629 1384 1718 periculi,
1411 1645 1437 1693 er

273 1758 337 1826 quo
360 1737 436 1823 quis
459 1734 553 1822 iongo
575 1734 742 1800 interuallo
765 1743 821 1801 eut
846 1736 906 1801 loci
930 1743 985 1802 ent
1010 1737 1156 1824 temporis
1179 1736 1310 1804 tondent
1334 1749 1437 1822 ereptus

273 1852 343 1922 est,
376 1851 412 1908 ut
434 1843 477 1917 σίρ
507 1840 564 1916 rin
595 1841 732 1922 πασρίδοι
755 1840 877 1918 διεσώθη
901 1849 934 1907 et
956 1841 1012 1917 πίρν
1036 1843 1205 1925 ἐλευθερίαν
1228 1841 1399 1926 διασώζειν,
1416 1835 1438 1902 ii

273 1959 323 2017 est
345 1959 493 2036 perpetuo
517 1967 653 2015 eernere.
701 1945 764 2015 seu
789 1947 866 2035 quid
891 1946 1037 2036 exemplo
1060 1949 1223 2016 cumulem
1250 1949 1282 2015 in
1309 1969 1345 2015 re
1364 1947 1439 2014 notis

273 2053 377 2122 simoi
426 2053 587 2121 Memento
611 2062 738 2120 tontum
764 2053 791 2120 δι
814 2053 989 2121 subterere
1013 2073 1255 2143 nonnumquam
1280 2053 1440 2123 scriberun

273 2163 352 2229 vitio
385 2169 497 2228 contro
527 2161 673 2228 omniunt
703 2158 823 2227 Graeco
855 2160 1055 2247 loquentium
1088 2171 1211 2229 certem
1244 2163 1399 2229 sotionem
1419 2165 1439 2222 ot

275 2279 382 2336 urunt.

317 2375 382 2440 Cur
413 2371 564 2455 συσηρίοιν
595 2373 751 2440 omissum
779 2381 832 2439 est
864 2372 896 2437 in
926 2371 1018 2440 libris
1044 2373 1176 2461 optimis
1206 2376 1225 2460 ς
1254 2379 1320 2442 trs
1345 2371 1440 2448 sterit

223 2529 226 2534 -
271 2483 325 2548 τοῦ
348 2479 492 2560 σώματος
517 2477 714 2569 (congium
739 2477 950 2545 Scribebntut·
972 2465 1075 2561 σριοιν,
1100 2478 1184 2566 quod
1207 2479 1287 2566 quid
1308 2490 1394 2550 csset
1411 2479 1442 2542 in

271 2587 357 2654 docti
382 2586 578 2654 nesciebant.

316 2697 352 2760 In
378 2696 397 2779 §
424 2699 499 2759 145.
526 2691 658 2772 διαβοιιίη
683 2691 714 2757 δὲ
738 2689 877 2774 ώδειιφθν
897 2692 942 2762 bn
966 2691 1019 2758 καί
1043 2691 1252 2774 συκοφαντία.
1305 2691 1442 2761 Haeccine

272 2801 395 2868 Graeca
420 2795 517 2864 sunt?
567 2797 684 2864 Eodem
717 2797 788 2863 iure
812 2795 933 2864 dixeris
957 2797 1068 2880 Καίσαρ
1090 2797 1227 2880 ἀδελφός
1252 2800 1300 2868 ist
1327 2799 1380 2866 καί
1401 2807 1444 2864 Πο-

271 2904 432 2982 λυδεύκης.
479 2907 587 2990 tipoge
619 2903 755 2990 ineptius
786 2912 817 2969 et
844 2901 984 2969 rescribe
1013 2902 1151 2986 θδειιφίν
1174 2905 1219 2972 ist
1243 2904 1443 2988 συκοφαντία.

271 3020 303 3079 et
326 3011 358 3078 in
384 3031 431 3098 sq.
456 3009 525 3076 dele
549 3009 686 3076 aiterum
712 3010 757 3079 ίσι
782 3009 865 3095 quou
890 3009 962 3074 ouri
985 3009 1174 3076 molestum:
1198 3011 1295 3094 φήμη
1319 3013 1380 3092 ριθν
1400 3011 1445 3078 ten

273 3155 336 3198 -,
360 3116 556 3200 συκοφαντία
577 3116 609 3182 δώ
635 3115 726 3202 [iste]
750 3115 815 3182 κπὲ.

318 3221 355 3288 iu
379 3225 397 3307 ς
421 3225 495 3288 147.
520 3205 633 3302 σχεδὸν
655 3219 871 3303 πρεσβύτατοι
894 3225 952 3286 σών
975 3225 1107 3286 πολιτῶν
1127 3219 1263 3287 restitue
1280 3223 1398 3303 σχεδία
1414 3227 1445 3284 Τί

271 3327 494 3410 Πρεσβώπασος
518 3327 624 3394 Attico
647 3345 745 3390 more.
781 3325 927 3411 Sequens
950 3335 978 3392 ss
1005 3325 1197 3412 praecedens
1217 3333 1263 3390 TI
1298 3337 1337 3394 ut
1369 3341 1446 3412 saepe

271 3434 351 3500 olias
375 3433 544 3520 absorpsit.
592 3433 627 3498 in
653 3431 770 3497 vicinio
795 3429 886 3496 niteo
914 3429 1091 3496 ridiculum
1109 3431 1222 3497 titium
1241 3433 1387 3515 φατρίας
1406 3449 1447 3518 [ιον

270 3541 440 3624 φρατρίας,
471 3537 512 3605 tle
540 3557 605 3624 quo
636 3535 712 3603 aiibi
744 3534 822 3601 dixi.
870 3535 952 3601 Tum
980 3538 997 3621 §
1025 3539 1098 3601 tus.
1130 3539 1148 3612 ιί
1176 3538 1233 3615 μίν
1264 3537 1329 3617 ε’μδρ
1361 3539 1447 3620 μήτηρ

271 3643 373 3729 ἔφυγε
407 3645 493 3727 μετὰ
523 3649 577 3710 τοῦ
613 3641 737 3730 [αὐτῆς]
770 3640 874 3723 ἀνδρὸς
906 3643 948 3716 είς
980 3641 1134 3724 Κόρινθον,
1168 3643 1251 3708 cavit
1274 3642 1398 3710 sciolus
1419 3659 1448 3706 ne

271 3771 345 3819 cunt
369 3751 471 3818 olieno
495 3750 567 3815 siro*
586 3747 734 3815 exulasse
758 3753 939 3832 putaretur.

317 3856 392 3922 Post
415 3874 516 3944 peuce
540 3855 572 3919 in
598 3853 690 3920 tibris
718 3851 905 3918 metioriuus
927 3861 975 3918 est
998 3854 1038 3924 ώο
1060 3853 1134 3934 ώνηρ
1157 3851 1333 3936 θνεριροίφηο
1359 3871 1448 3922 nstro

167 3967 172 3974 '
270 3962 378 4042 σαξίου
402 3971 489 4029 mete
511 3957 684 4026 emendent
708 3959 746 4030 ώς
772 3958 846 4039 ἀνὴρ
869 3954 925 4036 σί,
958 3955 1121 4040 ἕρρώφηο,
1146 3957 1200 4024 νεώ
1224 3957 1340 4025 eodem
1366 3977 1448 4047 opero

270 4067 450 4148 λιποταξίου
474 4064 678 4132 emendatum
703 4063 845 4150 oportuit
869 4081 926 4148 pro
948 4061 1181 4139 ΛεΙποσαξίου.

315 4174 432 4240 inutile
463 4179 496 4238 ct
526 4170 695 4236 molestum
728 4167 866 4233 interum
899 4168 1055 4234 cretionis
1086 4169 1222 4235 inseruit
1251 4169 1450 4256 nescioquis

271 4281 289 4364 §
319 4281 390 4344 149.
416 4278 469 4344 οὐκ
492 4277 631 4354 ἀγεννεῖς
659 4272 842 4354 διαπριβοίο,
867 4275 906 4346 oin
930 4272 968 4337 σὺ
991 4270 1359 4361 βαασφημείς,.[ἕχοια]
1386 4273 1449 4342 ἀλλ’

269 4385 300 4448 ἐν
334 4383 516 4461 γυμνασίοις
551 4380 715 4461 διατρίβων
751 4378 803 4446 καί
837 4383 910 4457 μετ’
945 4379 1137 4462 Ἰφιαρώσουρ
1169 4381 1449 4462 συνεορασεινροένις.

269 4487 387 4558 Pendet
410 4483 572 4564 διατριβάς
597 4503 635 4549 ex
660 4485 829 4570 participio
853 4484 1038 4565 διατρίβων,
1064 4505 1166 4571 neque
1185 4485 1448 4568 &arprffigssxsn
