3178 4972
737 402 794 448 XXI

163 577 305 662 negotia.
354 571 519 652 Querelas,
544 572 732 649 maledicta,
765 573 863 636 etiam
888 568 1096 636 contumelias
1124 591 1223 656 aequo
1253 573 1360 637 animo

164 695 307 761 ferebam
326 695 515 778 subibatque
534 713 774 778 nonnumquam
793 692 890 757 illud:
911 691 1075 770 βασιλικὸν
1094 698 1196 765 καλῶς
1216 697 1362 758 τοιοῦντιι

165 819 269 890 κακῶς
293 814 422 881 ἀκούειν.
470 812 577 880 Multa
597 835 638 880 na
662 814 831 879 audiebam
854 811 998 898 quidem,
1030 813 1065 878 id
1088 818 1135 879 est
1157 816 1185 878 si
1208 813 1286 899 quid
1309 813 1362 879 cd·

165 957 278 1003 versuo
298 957 352 1002 me
373 935 482 1022 paullo
504 937 683 1023 protervius
709 934 763 1001 rel
785 935 968 1001 iracundius
998 937 1154 1022 scriptum
1177 933 1363 1000 afferebatur

166 1063 225 1123 aut
248 1059 349 1124 obiter
370 1057 578 1143 inspiciebam
604 1061 660 1122 aut
689 1077 751 1122 non
782 1055 865 1122 lecta
891 1056 1090 1142 reponebam.
1137 1055 1237 1122 Erant
1266 1057 1364 1121 iniis

167 1183 202 1244 11
229 1177 375 1243 nonnulli
404 1177 530 1242 candidi
553 1182 584 1242 et
611 1178 687 1242 boni
714 1179 795 1254 viri,
827 1179 884 1262 qui
905 1181 1019 1242 natura
1049 1196 1068 1242 1
1100 1176 1215 1241 studiis
1245 1177 1364 1240 criticis

167 1298 267 1366 alieni
300 1295 493 1364 Griticorum
526 1301 742 1365 temeritatem
773 1301 880 1364 omnia
910 1300 1074 1362 urentium
1103 1302 1135 1362 et
1169 1300 1362 1376 secantium,

167 1420 346 1504 quaeipsis
364 1415 498 1484 Crotone
517 1421 640 1485 saniora
658 1419 852 1498 riderentur,
867 1440 906 1484 ex
925 1420 1024 1485 animi
1043 1421 1199 1484 sententia
1215 1418 1362 1483 odissent.

166 1539 233 1604 His
260 1538 407 1624 equidem
438 1559 562 1624 semper
591 1537 664 1604 dedi
693 1539 794 1624 doque
820 1541 968 1617 renium,
1000 1559 1136 1624 namque
1166 1557 1285 1626 magna
1316 1543 1364 1602 est

166 1661 295 1726 homini
328 1657 452 1725 erudito
483 1657 648 1724 calamitae
680 1661 715 1724 in
751 1662 840 1727 varie
874 1665 906 1725 et
938 1659 1052 1726 diffusa
1081 1658 1215 1726 lectione
1244 1658 1365 1724 iudicio

168 1801 292 1859 111011,
317 1781 401 1866 quod
423 1779 503 1846 olim
526 1780 685 1846 Ezechieli
714 1779 907 1866 Spanhemio
929 1781 1104 1868 multisque
1126 1780 1199 1846 aliis
1221 1794 1364 1858 τολυμιι-

169 1901 311 1977 θεςοὶτοις
335 1901 498 1982 ἀνθρώποις
525 1901 676 1967 accidisse
698 1905 856 1968 novimus.
904 1900 958 1968 Sic
984 1905 1087 1990 igitur
1110 1901 1189 1968 olim
1213 1907 1285 1968 ante
1307 1901 1365 1966 hos

168 2025 292 2112 viginti
313 2043 411 2089 annos
432 2023 621 2101 sentiebam,
646 2042 730 2087 nunc
751 2026 857 2110 magis
874 2025 1042 2111 magisque
1059 2023 1157 2107 probo
1178 2026 1210 2088 01
1227 2019 1367 2088 admiror

168 2143 316 2212 Platonis
345 2143 469 2208 dicium
491 2144 542 2225 (de
563 2143 651 2225 hepp.
674 2142 748 2208 XII.
771 2164 802 2229 p.
829 2139 895 2208 950
919 2149 968 2224 11):
1000 2143 1061 2225 χρὴ
1094 2143 1125 2209 δὲ
1155 2142 1268 2208 οὔποτε
1297 2141 1364 2223 περὶ

168 2269 301 2344 σμικροῦ
323 2266 529 2330 corsiciani
553 2264 649 2329 δοκεῖν
674 2265 811 2342 cratete
832 2261 907 2330 εἷνοιι
931 2273 994 2338 τοῖς
1012 2263 1119 2339 ἄλλοις
1144 2263 1160 2340 ἢ
1186 2265 1229 2343 μὴ
1252 2265 1364 2337 δοκεῖν,

170 2391 206 2452 01
230 2385 314 2470 quod
337 2385 447 2451 stetim
467 2384 570 2450 addit:
587 2384 683 2449 καλὸν
696 2423 738 2433 -
751 2385 786 2450 τὸ
799 2385 1048 2464 παρακέλευσμα
1070 2389 1274 2466 προτιμᾶν
1298 2385 1367 2459 τὴν

170 2503 367 2583 εὐδοξίαν
391 2505 484 2586 πρὸς
509 2511 582 2571 τῶν
605 2511 777 2572 πολλῶν.
809 2507 924 2585 τὸμὲν
953 2508 1016 2589 γὰρ
1047 2506 1204 2588 ὄρθθτοιτιν
1233 2505 1285 2570 καὶ
1310 2503 1366 2583 μέ·

170 2651 262 2708 >cccv
290 2625 365 2692 ὅντιι
387 2627 506 2705 alyatte
537 2627 656 2701 ιὲληθῶρ
681 2623 756 2692 οὕτω
788 2629 838 2692 τὸν
863 2627 981 2706 εὔδοξον
1002 2629 1071 2707 βίον
1094 2629 1242 2708 θηρεύειν,
1274 2625 1367 2706 χωρὶς

171 2748 207 2813 δὲ
239 2749 392 2826 μηδαμῶς
422 2744 473 2811 τθν
503 2759 543 2826 γε·
571 2747 675 2813 τέλεον
704 2747 800 2830 ἄνδρα
833 2748 982 2828 ἐσόμενον.
1037 2749 1125 2815 Η101
1152 2752 1256 2837 igitur
1284 2767 1369 2813 nunc

171 2869 260 2936 1111111
277 2866 399 2945 εὐδοξία
418 2874 466 2934 111
487 2870 588 2934 instar
610 2872 772 2946 omnium,
797 2890 894 2955 quam
916 2875 954 2935 ut
971 2871 1133 2935 obtineam
1151 2873 1368 2954 retineamque

173 2990 258 3056 facio
281 2995 313 3054 et
336 2988 451 3055 faciam
472 3010 553 3075 quae
575 2990 671 3054 modo
694 2990 771 3054 dixi.
808 2987 1004 3056 Oontendam
1026 3011 1098 3057 meo
1121 2991 1277 3057 arbitratu
1292 3011 1368 3054 cum

173 3109 261 3187 illis,
286 3130 364 3194 quos
387 3115 471 3176 certo
494 3113 594 3176 sciam
617 3113 790 3176 certamina
813 3111 852 3176 de
875 3133 990 3200 genere
1012 3113 1072 3178 hoc
1096 3117 1241 3198 appetere
1262 3112 1369 3199 magis

174 3251 276 3316 quam
296 3229 424 3318 fugere:
448 3237 586 3297 caeteros
612 3253 713 3318 neque
742 3253 897 3318 umquam
929 3235 1009 3300 citra
1029 3236 1249 3299 necessitatem
1274 3231 1370 3298 laces-

174 3373 248 3418 sam
275 3357 326 3430 et,
365 3354 393 3417 si
426 3352 568 3437 quando,
604 3353 685 3419 dabo
715 3373 843 3439 operam
875 3359 914 3419 ut
945 3356 1108 3420 neminem
1142 3375 1285 3442 pungam
1317 3351 1371 3419 vel

174 3476 322 3550 irritem,
346 3472 574 3559 reprehendens
597 3494 715 3539 errores
737 3473 791 3540 sed
810 3475 989 3540 errantibus
1016 3459 1229 3540 meoiudicio
1252 3477 1368 3551 etiam,

174 3595 237 3660 ubi
271 3591 339 3659 11111
365 3597 498 3680 poterit,
529 3597 597 3660 sine
617 3595 801 3661 nominibus
822 3616 962 3680 parcens.
1009 3596 1094 3662 Nam
1117 3595 1195 3681 quid
1216 3595 1370 3681 impedit,

174 3716 374 3801 quominus
400 3717 447 3780 ita
477 3711 613 3780 Oriticee
646 3718 723 3780 artis
750 3721 906 3782 amatores
930 3718 1013 3782 inter
1040 3737 1097 3782 nos
1119 3715 1311 3803 proeliemur
1336 3720 1374 3780 ut

174 3841 212 3902 in
236 3839 328 3902 exitu
350 3856 475 3924 pugnae
497 3835 604 3902 dicent
626 3841 832 3922 spectatores:
985 3831 986 3836 ’

364 3957 440 4034 ἠμὲν
463 3957 655 4039 ἐμαρνάσθην
678 3956 768 4039 ἔριδος
791 3956 874 4039 πέρι,

365 4075 411 4152 ἡδ’
437 4075 507 4144 αὖτ’
532 4079 562 4142 ἐν
585 4077 733 4160 Φιλότητι
758 4079 929 4158 διέτμαγεν
952 4079 1157 4162 ἀρθμήσαντε.

227 4199 352 4266 Vsaus
383 4198 563 4266 morrona
579 4221 625 4265 10
655 4200 764 4266 littera
792 4201 922 4286 quidem
954 4208 1080 4268 mutata
1108 4205 1237 4288 repetii,
1267 4203 1379 4269 deinde

173 4327 219 4392 ut
250 4318 333 4386 liber
362 4318 469 4405 aliqua
500 4339 582 4384 nore
616 4321 687 4386 dote
718 4322 993 4388 commendaretur
1030 4322 1223 4389 Erruuunuu
1257 4324 1379 4402 addidi,

178 4441 269 4528 quod
302 4443 386 4505 inter
418 4441 619 4505 scribendum
653 4444 699 4507 ita
733 4444 817 4508 mihi
851 4443 1021 4529 paullatim
1055 4450 1195 4512 excrevit
1228 4453 1265 4510 ut
1299 4466 1382 4512 nora
