3136 4966
688 341 758 428 σου

344 551 431 632 λέξον
452 552 481 620 δ’
506 549 544 620 ἵν’
568 553 652 630 εἰδὼς
675 554 718 636 τῷ
743 552 919 635 κασιγνήτῳ
941 552 1024 638 φέρω

344 660 457 741 λύγους
478 661 635 742 ἀτερπεῖς.
675 677 677 680 ’

117 780 151 840 et
176 769 299 858 puellae
323 766 406 834 idem
432 785 467 832 se
490 764 603 832 andire
627 765 708 834 velie
731 765 892 854 professae
915 775 1026 833 erant:

341 873 430 953 κάγὼ
454 873 506 939 τὸν
528 871 621 938 αύτύυ
644 872 715 956 τῷδ’
738 869 800 955 έρον
823 877 931 955 ψυχῆς
955 868 1028 954 έχω.

119 979 291 1072 respondet
314 979 462 1046 Electra:

254 1087 380 1168 λέγοιμ’
404 1086 462 1166 ἴον,
486 1087 512 1151 εἰ
536 1083 614 1169 χρή,
637 1085 698 1166 χρέο
722 1085 754 1152 δὲ
777 1083 850 1166 πρὸς
874 1083 998 1169 φέλΟΝ
1022 1083 1138 1164 λέγειν.

119 1193 175 1264 sed
208 1193 350 1269 dixerat.
380 1189 496 1271 eredo,
528 1192 601 1274 πρὸς
634 1191 781 1276 φέλοτΰ
812 1189 936 1270 λέγειν,
971 1209 1109 1278 namque
1131 1190 1235 1280 pelam
1261 1201 1310 1259 est

120 1321 192 1370 eam
217 1309 249 1368 et
273 1299 319 1367 iili
344 1309 376 1366 et
402 1297 452 1364 his
476 1296 574 1364 simui
598 1296 801 1383 respondere.

167 1406 256 1476 itit..
277 1427 322 1473 rs.
349 1410 425 1472 543.

326 1512 405 1586 τένος
430 1511 457 1577 δ’
481 1506 568 1577 ἕκατι
592 1508 685 1577 τούσδ’
710 1510 760 1576 ἐπ’
783 1509 959 1594 ύγραύλους
983 1510 1088 1586 πύλας

325 1619 445 1697 ἥκουσιν
468 1617 485 1694 ἢ
511 1616 582 1696 ’μού
606 1616 763 1697 δεύμενονς,
944 1632 947 1638 ’

121 1725 281 1794 sententia
305 1723 447 1812 postulat
470 1722 744 1820 ῌΤοτδεύμενοε,
770 1723 787 1800 ἢ
811 1721 1051 1804 reiterentu
1076 1731 1112 1790 ut
1137 1723 1169 1790 in
1195 1722 1250 1790 ran
1276 1743 1314 1790 re

122 1831 272 1899 omnibus
293 1839 485 1897 consuetum
510 1838 558 1896 est
582 1829 699 1896 eiicere.

167 1939 203 2006 ln
229 1937 358 2004 Electra
382 1957 429 2002 vs.
455 1939 531 2002 ter.

305 2041 365 2121 ἥκω
387 2041 487 2128 φέρων
510 2066 555 2109 σου
579 2048 638 2108 τῶν
663 2045 742 2124 έμῖύν
768 2042 989 2124 βοσκημάτων,

280 2150 437 2230 ’ποέμννρς
461 2148 592 2232 νεοχμὸν
620 2148 731 2231 θρέμμ’
755 2151 943 2225 ὑποσπάσας
965 2151 1053 2228 τύδε,
1067 2191 1105 2201 -

304 2252 485 2322 παλαοέν
509 2271 545 2321 τε
566 2255 762 2338 θησαύρισμα
785 2257 930 2323 Διονύσου
951 2257 1030 2328 riis.

123 2383 185 2430 non
211 2361 316 2452 placet
341 2360 497 2448 scaligeri
529 2362 653 2439 πολνέν,
685 2361 739 2430 seri
764 2362 838 2429 otim
865 2366 1022 2450 seriptunr
1049 2361 1148 2430 inisse
1171 2362 1313 2429 arbitror

121 2471 210 2554 γέρον
241 2493 277 2534 σε
301 2469 515 2550 ύνσοιύροσμα,
535 2467 599 2533 ¹etti
632 2465 831 2555 adscriptum
856 2468 991 2536 παλανέυ
1014 2469 1150 2549 deinde,
1182 2469 1229 2534 uti
1256 2469 1309 2548 ttt,

123 2577 336 2644 substitutum
372 2583 433 2641 est.
483 2573 577 2657 Γέρων
610 2593 667 2662 pro
699 2575 836 2650 παλαεές
873 2577 1077 2642 notissimum
1109 2584 1178 2653 est,
1213 2583 1249 2642 ut
1279 2576 1312 2640 in

125 2683 218 2752 έέοτο.
243 2682 324 2749 Fur.
354 2701 397 2746 rs.
423 2685 477 2748 26.

355 2786 451 2870 γέρων
475 2787 506 2852 δέ
529 2787 566 2864 δή
588 2811 636 2860 πνς
660 2787 704 2857 tet
730 2789 891 2869 Καδμείων
914 2787 1049 2870 λύγος,’

123 2906 155 2964 et
180 2894 267 2977 γέρον
291 2914 349 2982 pro
372 2891 508 2960 παλανύν
536 2893 654 2963 mrrltos
678 2893 773 2961 habet
796 2906 945 2963 auctores
968 2905 1001 2964 et
1025 2906 1133 2964 testes.
1181 2895 1314 2985 Etyme·

125 3003 216 3089 lngus
248 3001 290 3068 Μ.
317 3023 347 3088 p.
375 3005 456 3077 227,
492 3005 542 3066 10.
574 2999 667 3067 affert
697 3001 828 3086 γέροντα
858 3007 1007 3082 reiteret
1036 3004 1123 3087 Ιγέρον
1154 3008 1313 3087 πρῖογμα,

124 3111 177 3176 nbi
211 3109 340 3194 corrige
368 3108 456 3190 γέρον
486 3106 627 3188 γρύμμα
650 3127 687 3172 ex
715 3107 890 3197 Aeschylo,
921 3111 1016 3177 euius
1046 3110 1141 3178 verba
1165 3115 1204 3186 ὡς
1227 3109 1314 3190 λέγει

124 3217 210 3299 γέρον
243 3213 383 3297 γροέμμα
405 3233 443 3280 ex
469 3213 612 3300 antiquis
645 3213 784 3280 scholiis
807 3215 979 3304 descripsit
999 3216 1189 3284 [instathius
1212 3216 1252 3283 ari
1276 3213 1315 3283 0-

124 3321 212 3414 nyss
237 3323 276 3388 Χ.
305 3326 378 3388 184.

329 3426 424 3501 σύνος
448 3425 517 3508 εύρύ
532 3475 541 3504 ,
557 3425 664 3508 γέρον,
689 3429 939 3510 πεπαλαγμένον
962 3428 1032 3514 rign.
1163 3510 1174 3529 '

169 3536 231 3618 Qui
258 3535 288 3600 in
315 3535 374 3600 hoe
398 3533 467 3598 ineo
491 3531 587 3618 probe
612 3532 836 3602 intellexerant
858 3536 995 3604 παλαιόν
1015 3547 1225 3628 anapaestum
1246 3557 1317 3604 esse

126 3663 187 3711 non
213 3663 305 3732 pesse
329 3643 450 3728 optime
474 3640 506 3703 in
533 3637 667 3705 Hercule
691 3639 768 3707 Fur.
795 3662 839 3708 rs.
866 3648 943 3711 868.
1041 3724 1045 3731 Ι
1260 3645 1263 3650 ’

419 3744 530 3826 μέλεος
554 3746 673 3820 Ἑλλὰς
697 3741 719 3812 ἃ
744 3749 797 3814 τὸν
819 3751 989 3832 εὐεργέταν

420 3851 617 3932 ύποβαλεῖς,
642 3855 722 3926 ύλεῖς
744 3854 898 3932 μανίΛΙσν
923 3858 1045 3932 λύσσας

419 3957 590 4059 χροευύέυπ’
614 3958 771 4035 ούναύλοις.

125 4068 312 4135 doeinnium
338 4066 552 4133 restituerunt
572 4065 720 4144 μανεύσεν
738 4065 887 4146 λύσσανς,
912 4068 1182 4155 quemadmodum
1206 4073 1317 4138 rectis·

126 4175 208 4241 sirne
243 4170 400 4239 scribitur
431 4171 463 4236 in
500 4167 606 4252 Oreste
637 4191 683 4239 rs.
716 4175 792 4240 526.
817 4175 999 4242 ε’κλαέέσύαν
1024 4175 1144 4252 λύσσας
1155 4177 1316 4258 μανιάδος

126 4288 158 4348 et
183 4301 231 4348 νε.
256 4281 334 4346 3⁷0.

356 4384 385 4452 εέ
405 4387 442 4468 μ’
464 4389 629 4473 ἐκφοβοῖεν
650 4389 800 4470 μαννύσον
822 4389 1032 4470 λυσσήμασιν.

128 4500 160 4560 et
185 4511 231 4558 rs.
256 4495 335 4560 net.
