3086 4974
699 356 769 428 503

133 559 203 626 ταῖς
227 557 286 617 τῶν
309 549 464 626 Ἑλλήνων
486 550 590 631 δόξαις
613 550 826 633 σνρθττεσθαις
852 550 917 616 ἰιιιο
940 569 1015 616 vero
1035 551 1089 616 οὐκ
1104 548 1181 617 ''AN
1204 550 1319 630 οῖεσθε;

133 680 233 726 coccea
251 657 371 746 putatis
395 677 468 724 rone
490 667 526 722 ιιι
552 655 700 722 Graeciae
723 657 825 723 sibilie
849 655 1086 744 oapiodomicii

177 764 246 831 Duo
270 762 421 830 voeabula
443 783 461 828 a
483 760 580 830 sciolo
605 773 808 850 praepostere
832 761 939 829 addita
960 760 1104 828 Oratoris
1125 763 1318 830 sententiam

134 889 264 955 prorsus
297 865 585 956 pessumdederunt
620 871 742 953 8251.
778 871 804 936 oi
832 871 892 949 μὲν
923 868 986 950 γαρ
1015 867 1145 950 πατῖρες
1171 869 1253 947 ὑμῶν
1276 868 1320 934 rie

132 974 238 1054 ἔνδοξα
261 974 313 1044 καὶ
346 973 480 1056 λαμπροὶ
512 979 571 1039 τοῖν
601 977 800 1055 πραγμάτων
825 976 1004 1042 α’νετθθεσαν
1027 976 1070 1057 τῷ
1093 975 1196 1060 δήμῳ,
1220 975 1263 1040 τα
1288 975 1320 1040 δὲ

131 1082 267 1148 ταπεινοὶ
290 1080 342 1147 καὶ
366 1078 577 1160 καταθεέςερα
600 1081 643 1152 εἷς
666 1081 737 1155 τοὺς
756 1082 881 1165 ῥήτορας
904 1083 988 1168 [τοὺς
1005 1080 1159 1170 Φαύλονς]
1185 1079 1318 1165 ἔτρεπον.

178 1186 391 1276 Oppoountur
415 1186 501 1253 inter
524 1205 558 1252 sa
582 1186 596 1250 θ
622 1186 714 1267 δῆμος
736 1197 770 1253 et
791 1189 817 1253 οῖ
841 1187 980 1270 ρἠτορες,
1006 1188 1061 1274 qui
1086 1186 1158 1276 aliis
1183 1185 1320 1254 nomini·

133 1291 240 1359 busci
265 1291 451 1374 δημαγωγεῖ
480 1300 513 1360 et
544 1292 569 1358 ei
597 1296 650 1358 τοῦ
683 1293 778 1372 δήμου
810 1295 962 1376 προςθται
985 1302 1017 1359 at
1042 1295 1067 1359 οῖ
1091 1292 1318 1374 πολιτευόμενοι
1399 1291 1405 1302 ”

131 1409 162 1464 ct
186 1401 211 1464 oi
243 1399 389 1478 λέγοντες
421 1395 685 1484 appellabantur,
717 1405 751 1463 et
780 1399 806 1464 oi
837 1404 954 1482 φαῦλοι
988 1405 1046 1465 τῶν
1078 1399 1223 1482 ῥητθρων,
1258 1401 1318 1488 (sic

131 1505 217 1571 enim
251 1507 386 1573 αττικιεῖ
420 1503 559 1581 dicitur,
593 1523 654 1570 oon
679 1505 704 1570 οῖ
728 1509 845 1588 φαῦλοι
868 1504 1003 1594 ῥήτορες)
1028 1513 1105 1570 sunt
1129 1507 1183 1591 qui
1210 1507 1317 1572 minus

131 1630 229 1696 qoam
265 1609 384 1678 caeteri
419 1609 555 1685 dicando
581 1609 706 1689 valent,
737 1629 817 1696 quos
854 1611 885 1675 io
920 1609 975 1676 taii
999 1630 1034 1676 rc
1058 1611 1186 1676 omissis
1209 1609 1318 1676 rneiio·

132 1715 221 1782 ribos
241 1718 385 1800 τῷδήμῳ
406 1735 566 1804 opponere
585 1715 664 1782 veile
682 1714 857 1781 absurdum
876 1736 945 1782 esse
965 1717 1089 1803 opinor.
1119 1715 1317 1782 Confirmant

129 1825 313 1908 sequentia:
346 1829 511 1907 Κτησιφῶν
535 1822 562 1886 δ’
586 1823 667 1901 ὑμεῖς
700 1820 796 1889 οἴεται
827 1823 1167 1906 tornamentorum
1192 1821 1317 1900 ἀδοξίαν

127 1931 191 1996 ciri
215 1929 425 2009 Δημοσθένους
457 1930 617 2010 περιθεῖναι
642 1929 683 2010 τῷ
708 1928 810 2010 δήμῳ,
844 1947 983 2015 namque
1014 1927 1187 1995 Aeschines
1217 1947 1316 2015 quan·

118 2037 249 2102 'tortoris
273 2036 397 2122 asperis
430 2033 675 2101 Demosthenem
706 2033 887 2100 maledictis
912 2053 1012 2121 usqne
1036 2034 1245 2122 proscindens
1270 2043 1315 2101 ta·
1400 2111 1406 2118 ,

129 2161 201 2208 rnen
239 2161 339 2206 unuin
372 2141 516 2206 contium
550 2137 722 2206 (iratorum
753 2140 1003 2207 disertissimum
1035 2161 1104 2207 esse
1130 2161 1192 2206 non
1217 2141 1315 2208 semei

130 2247 251 2312 invitos
282 2246 412 2312 iatetor.
461 2244 622 2312 Metuebat
653 2245 777 2312 scilieet
808 2246 926 2312 sciolos
950 2267 989 2314 ne
1014 2246 1186 2313 Aeschines
1210 2267 1317 2312 omres

128 2363 272 2418 oratores
294 2355 479 2418 contemtinr
499 2369 755 2418 commemorans
775 2351 835 2416 sibi
853 2355 920 2440 ipse
943 2351 1123 2419 obtrectare
1140 2351 1314 2420 rideretur.

130 2461 245 2544 ltaque
269 2457 308 2522 ad
330 2459 399 2532 τοὺς
423 2457 549 2540 ῥήτορας
572 2455 745 2543 adscripsit
767 2459 837 2532 τοὺς
861 2458 1002 2543 Φαθλιυς
1027 2459 1156 2525 seilicet.

175 2565 210 2631 Ιιι
238 2567 255 2650 §
281 2569 358 2631 256.
383 2567 443 2638 τῖες
473 2565 584 2648 ταφὰς
616 2562 766 2630 ιῖνελθντα
799 2564 956 2631 mirificus
986 2584 1076 2631 error
1102 2566 1194 2629 inest.
1243 2561 1312 2629 Ori*

128 2671 208 2736 otini
240 2670 336 2735 dator
369 2670 575 2736 Dentostheoi
598 2669 681 2756 quod
707 2671 739 2735 io
761 2673 851 2735 noris
874 2672 1084 2738 munimentis
1108 2667 1314 2736 aedificandis

127 2775 269 2862 repetiero
299 2786 330 2841 et
363 2787 561 2840 roomemeotc
596 2777 716 2842 civium
749 2775 965 2843 subverterit:
1004 2777 1112 2863 itaque
1143 2775 1311 2861 tegendum

126 2891 243 2950 ΤΟΤΕ
266 2890 440 2947 ΤΑΦΟΎΟ
465 2901 525 2946 non
550 2882 608 2955 rice
633 2880 763 2966 ταφάς,
789 2902 928 2968 namque
951 2883 1010 2949 hoo
1029 2884 1135 2948 ionic-a
1156 2881 1312 2947 dialectos

127 2987 239 3066 hahet,
264 2998 298 3052 nt
326 2987 487 3052 interdum
514 2988 621 3070 ταφαί
646 3009 701 3072 pro
724 2986 989 3072 reparatemur,
1016 2989 1121 3055 dttica
1147 2990 1311 3054 oonitem.
1355 3061 1362 3075 =

126 3093 195 3175 Quo
218 3113 313 3159 sensu
347 3094 451 3159 Attice
483 3094 588 3176 repat
611 3093 762 3158 edicantur
790 3102 900 3158 notum
927 3104 973 3160 est
999 3105 1030 3160 et
1054 3103 1184 3182 apparet
1210 3095 1241 3158 in
1268 3093 1312 3156 vi·

126 3200 212 3265 cirria
237 3205 254 3286 §
281 3203 357 3264 235.
384 3199 443 3264 aaa·
468 3199 516 3264 ἐπὶ
541 3199 601 3273 τοῖς
622 3199 733 3281 ταφαῖς
758 3198 825 3284 [καὶ
850 3200 998 3284 ἐκφοραῖς]
1022 3209 1079 3266 τῶν
1103 3199 1312 3266 τελευτώντων

125 3305 191 3371 εῖων
219 3307 290 3378 τοὺς
321 3304 527 3385 προσήκοντας
559 3303 808 3386 παραγενέσθαι,
844 3305 898 3369 ιιΙιί
930 3315 1036 3371 tantan
1061 3304 1179 3370 sciolos
1205 3305 1310 3371 admo·

127 3397 218 3489 nuit,
246 3419 281 3476 ut
302 3410 410 3488 vides,
435 3409 546 3493 ταφαῖς
570 3430 639 3475 csse
663 3409 815 3492 ῖκφιρθς,
841 3411 867 3475 si
892 3411 965 3496 quis
990 3409 1070 3476 forte
1096 3413 1245 3476 nesciret.

171 3516 321 3602 Corrupit
351 3515 469 3582 sciolus
500 3515 740 3601 corapositionis
763 3517 1015 3580 concinnitatem
1041 3519 1057 3599 §
1079 3520 1154 3579 2t1.
1182 3515 1213 3579 io
1240 3515 1308 3581 his:

128 3622 152 3687 ei
170 3621 240 3702 ’ροὶρ
262 3623 411 3699 τολμήσει
444 3625 608 3704 Κτησιφῶν
637 3621 694 3700 μὲν
718 3619 911 3697 Δημοσθένην
935 3629 1149 3702 παρακαλεῖν,
1176 3617 1259 3694 οὗτος
1284 3621 1312 3684 δ’

128 3725 254 3804 οῖναβθις
285 3727 391 3793 ἓαιιτθν
425 3725 635 3806 ἐγκωμιάσει,
667 3725 832 3808 βαρύτερον
856 3735 913 3793 τῶν
939 3726 1032 3809 ἔρρων
1055 3724 1092 3792 ὧν
1116 3725 1312 3804 πεπθνθαμεν

129 3830 163 3898 τὸ
188 3830 333 3912 captane
358 3835 516 3913 γίγνεται.
567 3834 635 3899 Duo
659 3831 750 3898 codd.
778 3831 980 3914 ἕνκωμιοὶζειε
1013 3831 1092 3899 adde
1118 3853 1214 3897 ttnatn
1241 3831 1313 3898 tite·

129 3936 234 4003 roiam
260 3945 292 4004 et
316 3938 446 4006 habebis
470 3938 616 4006 Oratoris
636 3958 776 4003 omnum
802 3939 1016 4018 ε’γκωμιθζειν.
1053 3939 1100 4004 Ex
1124 3938 1220 4003 verno
1243 3953 1312 4003 τολ-

128 4045 219 4123 μηοει
246 4064 376 4111 necesse
400 4055 449 4112 est
474 4047 648 4130 utromque
672 4043 868 4109 infinitivum
894 4056 924 4110 ct
946 4053 1142 4126 capracorio
1161 4053 1193 4110 ot
1214 4046 1313 4122 ἕρκει·

128 4148 248 4232 μερίζειν
282 4151 433 4237 pendere.
493 4149 613 4235 Nempe
646 4150 678 4213 io
711 4157 877 4216 structura
909 4152 934 4216 εῖ
965 4155 1113 4229 τολμήσει
1150 4156 1313 4232 Κτησιφῶν

128 4265 223 4323 ΜΕΝ
248 4293 259 4307 ·
284 4264 497 4340 παρακαλεῖν,
529 4252 613 4328 οὗτος
638 4265 695 4320 ΔΕ
721 4255 789 4322 deri
822 4276 882 4346 non
915 4263 1019 4342 potest
1049 4257 1125 4340 quio
1153 4253 1314 4342 secundos

129 4361 308 4432 infinitivus
332 4371 497 4448 sequatur.
543 4361 709 4428 Praetereo
734 4360 937 4443 ἐγκωμιάζειν
962 4360 1141 4427 nonhabet
1167 4359 1313 4426 futorum

22 4519 27 4532 .
130 4468 337 4549 ἐγκωμιθσω,
363 4467 418 4535 sed
438 4467 695 4548 θρηωμιοὶσομαι.
