3184 4970
806 346 875 418 380

248 543 328 609 tium
359 542 612 627 scripturarum,
641 541 714 610 ride
743 538 781 608 ad
812 539 966 606 Lucrauuu
993 545 1054 621 10,
1079 546 1109 609 9,
1166 541 1248 608 Hinc
1272 540 1442 608 Minuciano

247 647 503 716 subveniendum
527 647 612 734 apud
637 648 727 714 Pcur.
752 648 790 713 de
812 651 953 735 [rotor-no
976 669 1082 714 amore
1107 669 1134 735 p.
1155 654 1260 716 aron.

429 756 482 820 οὐκ
506 755 539 820 ἐκ
564 761 663 821 ποτῶν
686 755 738 820 καὶ
762 751 817 829 raia
841 757 910 820 καθ’
936 754 1050 836 ἡμέραν
1075 761 1215 838 τρνφῆς“

390 893 392 896 ·
429 859 597 941 ζητοῦμεν,
623 857 644 944 ᾧ
669 861 853 939 πιςεθσομεν
878 860 921 926 τά
944 865 997 925 τοῦ
1020 861 1110 940 βιόν,

314 1021 316 1028 ,
428 965 545 1050 πάτερ;
571 963 604 1033 οὗ
628 967 768 1049 περιττὸν
799 966 871 1033 οἴετ’
895 966 1083 1046 ἐξευρηκέναι

427 1073 546 1153 ἀναθθν
567 1070 678 1148 ἕκαςος
704 1073 742 1140 ἀν
762 1073 822 1156 dxc
844 1072 939 1155 Φθλον
962 1073 1061 1139 σκιάν.

248 1179 327 1246 nihii
352 1181 474 1245 certius
499 1199 595 1265 quam
620 1179 874 1246 emendandum:
900 1182 932 1245 οὐ
952 1178 1265 1262 περιττὸν-σκιάνρ
1291 1179 1439 1264 1n§.17.

247 1286 358 1353 ἐκείνου
392 1287 423 1352 δὲ
455 1286 488 1351 τθ
517 1287 658 1368 φήσομεν
689 1285 786 1352 αθτιον
817 1279 894 1350 εἶναι
926 1290 979 1351 τοῦ
1011 1284 1170 1359 πάντας
1203 1284 1359 1352 εἰδέναι
1390 1279 1440 1349 ὅτι

246 1395 308 1473 ἐγὼ
338 1391 430 1468 dursac
458 1390 562 1473 ἔχοιμι
587 1394 744 1475 χρήματα
774 1391 976 1468 ἀντιδιδθναι,
1005 1388 1084 1470 ὅμως
1112 1393 1247 1466 πολλοὺς
1280 1391 1440 1469 ἐπιθυμεῖν

246 1499 316 1579 ε’μοθ
338 1523 368 1564 τι
390 1500 561 1581 δορεῖσθκι;
594 1497 759 1583 Nusquam
786 1506 816 1564 te
840 1517 878 1564 ex
908 1496 967 1562 hoo
997 1495 1064 1564 ioco
1085 1499 1235 1584 expedies
1259 1497 1360 1564 donee
1389 1515 1439 1562 re-

248 1605 417 1692 scripseris
448 1605 571 1671 πάντον
594 1603 713 1670 εῐδθταν
745 1624 936 1690 quemqnam
969 1604 1069 1670 acirim
1100 1627 1216 1674 omnes.
1279 1605 1314 1670 ln
1341 1607 1359 1689 ς
1382 1607 1439 1676 20.

246 1717 364 1779 τοῦτο
395 1711 457 1793 γάρ
487 1710 589 1776 ἴσασιν
620 1711 684 1788 ἐμοὶ
720 1708 916 1789 μεμελκκθς,
950 1711 1077 1794 corrige
1107 1711 1225 1778 τούτου.
1278 1712 1313 1778 in
1340 1717 1357 1797 §
1382 1715 1438 1778 22·

246 1819 328 1897 padre
360 1818 427 1899 περὶ
456 1817 537 1890 θεοὺς
562 1816 771 1894 ἀσεβῆσαι
800 1815 881 1896 μήτε
910 1815 976 1897 περὶ
1010 1817 1179 1898 ἀνθρώπους
1206 1815 1309 1890 ἀδικος
1333 1824 1438 1900 φακῆ·

181 1911 186 1921 ’
246 1947 316 1998 ναι,
349 1923 530 1989 rectissime
562 1921 707 1988 Hicsonic
737 1922 868 2002 ἀσεβής.
912 1920 948 1987 in
974 1927 1065 2008 §aa
1091 1922 1158 2004 ἐμοὶ
1184 1923 1214 1990 δὲ
1238 1924 1271 1990 τθ
1294 1923 1438 2005 προσήκει

247 2035 297 2096 νῦν
329 2037 414 2108 μεῖον
443 2035 562 2111 φρονεῖν
587 2028 605 2104 ἢ
636 2029 704 2108 πρὶν
727 2029 947 2110 κατακριθῆναι
970 2028 1064 2108 μηδὲν
1090 2029 1272 2111 ἐλεγχθέντι
1305 2030 1356 2118 [ὥς
1379 2053 1437 2097 πε-

247 2135 361 2211 ποθκκά
384 2135 429 2224 τι]
466 2130 503 2200 ὦν
524 2132 691 2216 ἕγράψατθ
713 2159 763 2213 με.
819 2134 938 2220 Ecquis
963 2141 1030 2213 est,
1060 2137 1114 2221 qui
1148 2139 1187 2210 ἀς
1215 2135 1371 2213 πεποθιρκά
1397 2161 1437 2201 τι

246 2245 367 2309 servaci
402 2261 492 2330 posse
525 2250 616 2327 putat
648 2249 679 2305 et
711 2239 870 2322 ἠιθγχθην
892 2244 931 2315 ὡς
963 2241 1173 2317 denotandae
1206 2243 1285 2310 bene
1317 2241 1437 2310 Graece

245 2348 368 2414 dicium
394 2346 484 2414 esse?
534 2347 569 2413 ln
604 2349 697 2432 §aa
728 2346 828 2428 ἑφάνιρ
860 2349 931 2426 ὑμῖν
964 2347 1045 2435 [τοῦ]
1071 2348 1203 2416 θανάτον
1235 2347 1321 2430 ἔργον
1351 2347 1437 2426 ἀξιον

244 2455 311 2534 ἐμοὶ
346 2452 555 2538 εἰργασμένον.
613 2452 733 2519 Graece
764 2451 886 2518 dicitur
920 2452 1081 2532 εθρνάσθαι
1114 2463 1263 2534 πληγῶν,
1300 2455 1434 2532 δεσμῶν,

243 2566 371 2641 (puysie,
402 2559 533 2626 θανάτον
557 2559 634 2638 ἀξια
657 2567 689 2625 et
714 2564 859 2637 πληγῶν,
885 2559 1020 2640 δεσμῶν,
1046 2568 1168 2645 mvnda.
1195 2561 1327 2628 θανάτον
1350 2559 1435 2638 ἄξιος

241 2675 273 2732 et
301 2665 430 2739 deivarae
462 2674 563 2732 κεῖται
593 2665 770 2756 (ἐπίκειται)
796 2669 812 2740 ἡ
840 2665 958 2746 ζημία,
990 2676 1022 2732 ot
1054 2667 1183 2742 θάνατος
1213 2669 1309 2734 αὐτοῦ
1340 2691 1435 2733 κατε-

242 2773 377 2853 γνθσθνε
401 2771 480 2838 nihii
501 2771 614 2837 horum
641 2771 815 2837 articulum
837 2771 1034 2838 admittitor
1056 2775 1086 2839 in
1110 2775 1247 2840 niaxinia
1273 2774 1434 2860 exempto-

243 2899 314 2945 runi
341 2879 432 2965 copia
458 2898 617 2965 nusquam
644 2877 675 2943 in
702 2876 752 2942 bis
775 2884 808 2942 et
833 2875 994 2942 siminous
1015 2879 1173 2946 articulus
1192 2890 1335 2968 apparet.
1373 2879 1446 2944 ita·-

241 3005 303 3073 que
324 2986 437 3053 eadem
463 3007 556 3073 opera
579 2985 705 3070 corrige
726 2985 757 3048 in
785 2989 870 3070 §it
897 2985 930 3050 τί
944 2990 1054 3063 τοῦπος
1080 2987 1174 3052 εἰπεῖν
1194 2986 1342 3062 aristus?
1363 2983 1433 3066 cipri

240 3093 407 3173 δακρθετε;
438 3094 472 3158 οὐ
504 3094 566 3174 riq
598 3090 701 3158 πάλαι
736 3089 783 3159 icc
814 3087 859 3156 ὅτι
894 3089 929 3168 ἐξ
957 3087 1083 3174 ὅσονπερ
1115 3092 1263 3172 ι’γενθμιρν
1295 3099 1432 3172 ceredan-

241 3198 391 3279 Φισμθνος
420 3191 454 3272 ἦν
476 3223 534 3276 μου
557 3199 615 3265 ὑπὸ
638 3206 694 3274 τῆς
727 3197 850 3280 Φύσεως
872 3196 913 3286 [θ]
938 3197 1084 3277 θάνατος;
1113 3207 1278 3286 praeterea
1308 3199 1346 3264 iu.
1374 3197 1433 3262 hoc

241 3301 309 3368 loco
340 3322 487 3390 expunge
519 3305 536 3381 ἢ
570 3305 602 3369 in
627 3305 644 3381 ἣ
669 3302 738 3385 ἀρτι
771 3304 935 3384 δακρύετε,
966 3327 1049 3371 carno
1077 3306 1218 3390 primum
1250 3303 1363 3389 fletis?
1398 3310 1434 3368 ut

242 3407 310 3489 cipri
334 3409 477 3488 μανθάνο
501 3419 531 3477 ei
554 3410 626 3475 sim.
676 3408 794 3476 Deinde
825 3410 961 3496 requirit
985 3412 1144 3477 sententia
1167 3408 1229 3476 ioci
1253 3418 1285 3476 et
1309 3408 1430 3496 opposi·

242 3515 340 3580 tionis
367 3518 465 3583 ratio:
497 3537 598 3583 noane
618 3515 739 3580 dudum
764 3516 923 3600 sciebatis,
954 3516 1162 3602 quamobrem
1194 3537 1250 3605 pro
1272 3517 1304 3582 ni
1330 3514 1433 3582 πάιιιιι

240 3621 287 3691 isa
311 3622 489 3688 revocanda
509 3632 557 3689 est
581 3630 672 3688 retus
692 3623 798 3688 Attica
818 3621 921 3688 forma
947 3619 1012 3706 ᾖτε.
1061 3622 1274 3689 Athenienses
1294 3619 1371 3686 olim
1397 3629 1432 3687 ut

240 3726 348 3808 ἴσμεν,
372 3726 420 3798 dcc
443 3735 476 3793 et
498 3726 615 3807 inacta,
649 3729 693 3794 ita
717 3725 830 3810 ᾖσμεν.
858 3726 912 3812 ᾖτε
934 3736 966 3796 et
991 3725 1069 3812 ἦσαν
1103 3727 1246 3794 solebant
1268 3726 1378 3794 dicere
1400 3733 1433 3794 et

239 3844 409 3917 σννῇσμεν,
434 3844 545 3918 confice
563 3843 595 3900 et
620 3845 762 3919 συνῇσαν.
812 3835 877 3900 Has
900 3833 1019 3901 [ornias
1047 3834 1174 3901 scribae
1205 3833 1362 3900 radicitus
1393 3852 1431 3898 ex

241 3939 394 4005 Veterum
420 3940 551 4029 scriptis
563 3942 788 4029 extirparent,
809 3950 843 4006 ut
856 3941 965 4006 ανθθιιι
978 3945 1118 4029 supersit
1132 3942 1238 4019 iocuS,
1253 3941 1309 4007 ubi
1331 3939 1433 4006 nostri

240 4045 375 4112 Codices
401 4045 457 4113 has
481 4049 624 4115 sinceras
647 4049 826 4134 scripturas
848 4049 987 4114 intactas
1008 4058 1148 4116 serrant.
1198 4049 1234 4114 ln
1261 4049 1430 4114 Poetarum

238 4151 316 4218 iocis
341 4150 429 4218 iraus
454 4151 650 4239 deprehensa
675 4162 723 4220 est
747 4163 779 4219 et
803 4151 1096 4222 Grammaticorum
1128 4156 1314 4222 testimonia
1339 4171 1433 4218 veras

238 4260 392 4326 lectiones
405 4262 603 4326 servantium
620 4281 687 4327 rom
702 4259 889 4328 conficiunt.
924 4261 1102 4348 Proponarn
1115 4260 1258 4348 exempta
1272 4259 1431 4347 quaedam
1582 4317 1583 4352 ι

237 4384 256 4432 a
293 4365 442 4433 Prsnsouo
479 4366 519 4434 ad
553 4368 684 4434 Mosam.
718 4387 748 4454 p.
777 4371 837 4433 171
873 4367 1052 4435 emendata.
1101 4367 1136 4434 in
1173 4368 1330 4435 Enoirims
1366 4365 1465 4432 Ha.
1582 4353 1583 4410 ἒ

238 4471 316 4538 cubo
339 4491 384 4540 rs.
408 4479 492 4541 1119
516 4491 603 4541 nunc
627 4480 715 4541 recte
744 4473 877 4559 tegitur:
1059 4481 1063 4488 '
