3150 4972
835 367 882 439 80

258 563 394 631 distorta
414 563 574 649 refingens
591 563 630 630 ad
650 572 784 630 naturae
802 581 947 628 normam
969 569 1002 627 et
1019 559 1205 626 Graecorum
1224 556 1342 624 usumt
1368 555 1443 620 Βοι-

259 690 354 736 sunus
386 679 494 736 autem
523 672 639 756 raptim
670 670 801 737 Lucrino
832 669 929 735 semet
963 670 1146 752 iterumque
1175 664 1315 753 perlecto
1347 669 1396 739 et,
1418 662 1444 727 si

259 775 335 862 quid
366 775 426 840 sttt
460 777 544 842 inter
577 775 745 862 tegendum
780 776 906 842 subitae
930 773 1140 840 correctionis
1168 773 1199 837 in
1227 780 1366 836 mentem
1392 788 1445 835 re·

260 883 376 958 nisset,
410 890 582 961 annotato,
616 901 733 949 novum
760 882 876 948 tibrum
903 882 1085 969 properauit
1109 877 1221 956 edere,
1248 870 1387 962 natn‘que
1411 893 1445 940 eo

262 987 373 1054 inorbo
403 987 545 1067 latrorat,
583 1007 677 1074 quem
713 988 796 1055 maio
830 988 938 1055 dicere
969 985 1075 1054 verbis
1108 985 1283 1050 maximum
1324 991 1443 1069 partem

261 1093 503 1180 Epicharmeis:

351 1201 383 1265 οὐ
407 1197 575 1281 φιλόλογος
599 1200 673 1279 τοίγ’
697 1201 778 1274 ἐσσί,
803 1199 888 1283 ἔχεις
913 1199 1016 1279 νθσον,
1041 1199 1161 1282 χαίρεις
1190 1193 1332 1270 ε’κδιδοθς.

262 1327 299 1373 ex
331 1326 394 1391 qua
428 1325 461 1370 rc
491 1306 590 1372 bonae
620 1307 745 1372 titterae
773 1316 805 1372 et
838 1326 891 1372 ars
921 1307 1034 1372 critica
1062 1325 1124 1371 non
1150 1304 1288 1369 muttum
1315 1302 1447 1388 capiunt

262 1413 481 1479 emotumenti.
530 1412 582 1478 Sic
610 1415 696 1480 enim
725 1421 868 1478 monstra
900 1422 932 1477 et
964 1421 1109 1499 portenta
1144 1411 1381 1496 seripturarum
1418 1413 1449 1472 et

262 1518 437 1586 lectionum
463 1521 494 1582 in
527 1517 658 1584 Lucrino
690 1519 885 1595 intererant,
910 1538 991 1605 quae
1015 1517 1200 1604 diligentior
1231 1525 1263 1580 et
1294 1515 1449 1580 intentior

262 1625 412 1692 editionis
448 1644 525 1690 cura
556 1623 819 1710 deprehendisset
856 1633 885 1689 rt
922 1631 1138 1711 procurasset.
1188 1620 1273 1688 [tabo
1306 1621 1447 1706 primum

262 1731 406 1818 exempta
442 1729 620 1816 quaedam,
655 1749 693 1796 ue
726 1731 888 1796 immerito
918 1731 1065 1798 Lucttnus
1087 1729 1261 1817 plectatur,
1293 1726 1349 1791 ubi
1372 1723 1451 1792 deli-

263 1846 403 1924 querunt
427 1835 500 1913 atii,
531 1834 645 1902 deinde
676 1837 778 1922 ipsius
801 1856 927 1903 errores
956 1836 1110 1922 quosdam
1136 1843 1168 1900 et
1192 1835 1268 1899 vitia
1289 1830 1450 1900 indicabo.

265 1943 396 2028 Legitur
424 1949 487 2021 51,
521 1946 552 2008 u.
586 1943 635 2007 ἐπί
667 1947 722 2018 τὴν
744 1944 846 2024 ἀρχὴν
866 1943 1052 2026 ἀφικόμενος
1077 1940 1110 2009 εὖ
1134 1938 1191 2008 οἷδ’
1219 1938 1265 2006 ὅτι
1289 1940 1452 2020 ἀπορήσεις

264 2050 316 2114 καί
342 2049 395 2124 sidu
419 2050 558 2128 ἀπορεῖς,
581 2047 727 2129 θποτίραν
751 2049 993 2132 τραπκτίον.
1042 2049 1207 2114 Neminem
1234 2043 1375 2112 advertit
1397 2064 1453 2111 ett-

264 2163 367 2221 tremo
392 2153 556 2219 itacharies
582 2155 612 2219 in
638 2157 819 2236 τρκπκτίον.
868 2156 1016 2240 Corripe:
1042 2153 1189 2235 ὁποτέραν
1216 2150 1330 2233 τράπρ.
1377 2150 1454 2218 Fue·

264 2259 338 2326 dius
369 2261 467 2326 etiam
501 2267 539 2338 5,
570 2265 620 2325 tt.
653 2261 789 2327 retinnit
821 2261 979 2326 Butuntos
1007 2259 1100 2344 φθνον
1123 2261 1217 2342 τάχα
1241 2257 1455 2342 προσκεκοιθσρ

263 2391 315 2446 με.
363 2366 453 2446 Quod
483 2365 632 2432 Lrtcrtnus
663 2368 794 2453 scripsit
827 2370 1094 2448 conserendorum
1119 2386 1181 2431 non
1214 2370 1303 2430 caret
1328 2382 1454 2429 errore:

264 2471 426 2557 significat
450 2472 534 2567 enirn
560 2469 670 2551 ἔσομαι
695 2473 954 2553 προσκεκλιμένος
981 2482 1012 2539 et
1037 2492 1099 2538 non
1126 2472 1184 2538 troc
1209 2472 1308 2536 Ttuon
1331 2471 1457 2556 cogitat

264 2579 318 2645 sed
343 2581 621 2659 προσκκκθθσομαι.
671 2579 770 2667 Saepe
795 2581 827 2644 in
864 2579 948 2645 hunc
981 2598 1128 2644 errorum
1154 2576 1302 2644 incidunt
1326 2577 1458 2662 sequio-

264 2705 333 2763 res,
353 2704 531 2770 numquam
562 2693 696 2752 veteres.
745 2685 932 2752 Notavimus
965 2685 997 2750 in
1028 2687 1233 2760 Auerruncus,
1265 2683 1296 2746 in
1320 2681 1457 2748 Lucrino

264 2811 357 2878 saepe
389 2790 584 2878 deprehendi
619 2800 654 2857 ut
684 2797 744 2868 tt,
784 2799 831 2858 tt.
866 2787 960 2858 αὗται
984 2793 1015 2858 δὲ
1039 2792 1069 2864 ἐς
1093 2789 1193 2870 ispo
1221 2787 1457 2868 δεδικάσονται,

264 2898 319 2965 ubi
350 2897 619 2990 ἑκδικασθθσονται
651 2897 773 2964 dictum
807 2899 960 2984 oportuit.
1010 2897 1076 2963 Non
1112 2898 1219 2962 minus
1252 2893 1383 2961 foedum
1410 2900 1459 2961 est

265 3009 325 3080 uu,
351 3007 405 3068 29.
432 3001 487 3068 καί
509 3026 559 3080 μοι
586 3004 699 3069 δοκεῖτε
725 3005 767 3076 είς
791 3005 885 3069 καλὸν
909 3003 1229 3079 διατεθήσεσθαι
1253 3003 1307 3078 rto
1337 3000 1460 3082 διατρι-

264 3110 325 3189 βήν
350 3127 405 3194 pro
428 3109 633 3183 διαθήσεσθαι.
683 3109 817 3174 Librarii
843 3119 1019 3195 peccarunt
1053 3110 1083 3174 in
1114 3109 1239 3174 Timone
1265 3111 1282 3192 §
1310 3111 1365 3172 55.
1395 3109 1458 3176 διοί-

263 3237 372 3294 ρνκται
404 3232 460 3299 pru
491 3213 698 3294 διορθρνκται,
734 3217 788 3294 15,
817 3219 868 3281 te.
894 3219 1050 3298 θσφράται
1075 3235 1132 3302 pro
1155 3213 1369 3294 θσφραίνεται.
1423 3214 1458 3280 In

266 3325 327 3398 37,
353 3323 405 3385 55.
431 3317 539 3384 editur
563 3320 713 3398 ἀχνιθμαν
737 3320 776 3386 ἀν
800 3321 860 3395 einr
878 3323 968 3387 δισσῶν
987 3323 1045 3387 ὑπὸ
1069 3322 1182 3402 ίχθθτον
1205 3318 1460 3397 καταδασθιῑ·

266 3449 328 3490 ναι
352 3423 512 3498 τοσούτους
535 3427 629 3499 αὐτὸς
653 3427 742 3508 ἰχθῦς
767 3435 989 3508 καταφαγών,
1017 3448 1072 3512 pru
1096 3427 1347 3500 καταδασθῆναι,
1370 3425 1460 3512 quod

265 3550 305 3596 nc
333 3531 485 3598 θνοοονιιι
510 3531 639 3618 quidem
665 3542 733 3612 est,
759 3535 893 3598 emenda
926 3535 1155 3609 κατεδεσθῆναι.
1205 3529 1367 3598 Scribitur
1397 3537 1459 3605 38.

269 3643 319 3705 li.
343 3640 516 3717 ἀνοιγείσης
541 3637 676 3704 barbate
703 3659 760 3724 pro
784 3641 975 3721 ἀνοιχθείσης
1006 3649 1036 3705 et
1063 3637 1198 3704 barbare
1222 3641 1285 3714 70,
1310 3643 1360 3702 ll.
1390 3637 1462 3704 stu·

264 3747 422 3826 χθσανται
446 3744 498 3810 ubi
520 3764 653 3831 repone:
676 3740 755 3818 ἀπιος
780 3746 898 3812 θθσοοσι
923 3747 976 3813 καί
997 3747 1219 3825 εὐωχήσονται.
1254 3741 1322 3808 Nou
1344 3742 1463 3810 meliu-

264 3851 311 3915 ris
335 3861 428 3916 notae
452 3849 569 3915 itridern
603 3849 722 3935 iegitur
754 3851 886 3918 verbum
912 3850 952 3917 ab
978 3854 1046 3938 ipso
1068 3851 1208 3916 Brunuuo
1232 3847 1342 3913 iictum
1368 3873 1464 3927 μονο-

265 3963 414 4039 χιτοινιῖινε
449 3955 602 4022 debuerat
634 3958 803 4038 μονοχίτων
837 3957 874 4022 ἀν
905 3957 992 4024 date.
1041 3957 1207 4024 Sotoocun
1240 3957 1381 4028 osteo,
1413 3958 1463 4019 16.
1553 4023 1554 4050 ¹

265 4061 342 4145 φέρε
373 4063 611 4141 ἀπολογήσομαι
643 4083 701 4149 pru
732 4065 980 4144 ἀπολογήσωμαι
1012 4076 1045 4130 et
1077 4067 1140 4139 65,
1165 4067 1195 4128 t.
1221 4057 1465 4143 προκατεδεῖται

266 4186 324 4253 pto
355 4168 574 4246 προκατίδεται
606 4177 638 4234 et
670 4173 731 4244 67,
763 4175 801 4249 t,
837 4177 866 4236 3.
898 4171 1144 4252 καταλείψασαν
1177 4188 1235 4255 pro
1267 4171 1464 4234 καταλιποῦ·

199 4263 207 4268 ’
266 4295 341 4348 σαν,
374 4271 491 4338 ibidem
525 4273 606 4340 maie
638 4277 744 4359 προσίῃ
771 4275 890 4362 iegitur
915 4297 972 4363 pro
996 4276 1154 4357 προσίεσαν
1179 4282 1207 4339 et
1235 4273 1464 4352 ἀπεμύκτισας
1553 4317 1554 4344 t

267 4396 324 4463 pro
347 4379 615 4461 ἀπεμοκτθρισας.
665 4381 818 4468 Turpiter
838 4382 946 4450 editur
966 4388 1028 4458 67,
1059 4387 1116 4458 15,
1138 4385 1167 4446 2.
1193 4384 1382 4461 πρυτανεῦσι
1406 4400 1466 4466 pro
1553 4405 1554 4416 r

266 4481 443 4565 πρντάνεσι.
494 4485 647 4573 Suspecta
681 4487 758 4553 mitri
791 4489 964 4556 admodum
994 4487 1096 4556 torma
1120 4497 1186 4566 est,
1211 4504 1294 4573 quae
1314 4487 1467 4554 occurrit
