3150 4972
741 357 811 428 130

176 554 317 633 dicitur,
344 564 380 621 ut
404 553 437 617 in
463 550 661 638 lepidissimo
681 549 860 628 versiculo,
886 551 942 637 qui
964 567 1051 615 nunc
1071 548 1241 616 Pcomuour
1261 547 1369 616 verbis

181 659 263 728 male
287 660 441 727 assumtis
461 657 599 724 olumbis
619 665 651 724 ct
671 655 835 742 inelegans
856 655 976 723 incedit
999 655 1031 720 in
1052 653 1200 743 Pompeio
1216 662 1268 724 δᾶ.
1282 657 1369 729 εὐθὺς

181 763 214 842 ἦν
238 769 334 833 είπείν
357 769 392 833 τί
416 763 563 844 καμικίν,
696 753 698 762 ’

407 874 445 945 νίς
468 868 574 952 ἅτερος
597 871 670 951 πρὸς
693 868 745 934 τὸν
767 866 867 950 ἕτερον
891 867 1105 950 ὑπαλείφεται

408 979 449 1042 τὼ
473 977 559 1060 χεῖρέ
582 977 607 1040 θ’
632 975 832 1042 ὑποκονίεται.

181 1081 377 1148 bellissimus
401 1102 478 1148 saue
503 1082 663 1148 senarius.
715 1082 872 1147 Restitue:
897 1079 932 1144 τὸ
953 1077 1084 1158 κωμικὸν
1110 1081 1149 1153 νίς
1171 1077 1278 1162 ἅτερος
1298 1079 1372 1161 πρὸς

180 1189 232 1254 τὸν
254 1186 353 1270 ἕτερον

411 1293 624 1377 ὑπαλείφεται
648 1295 689 1359 τίν
712 1289 798 1372 χεῖρέ
821 1293 846 1356 ί·
871 1289 1073 1356 ὑποκονίεται.

183 1401 237 1487 qui
264 1403 473 1466 nnsnormnc
496 1408 528 1465 ot
554 1398 688 1465 Caurino
713 1397 832 1482 dignus
851 1406 910 1463 est.
945 1395 1138 1475 Κεκονιμένος
1158 1395 1243 1484 apud
1263 1396 1374 1462 Lucra·

183 1526 244 1571 uuu
275 1515 324 1571 est
359 1511 397 1582 5,
428 1510 480 1571 tt.
507 1510 541 1581 8,
567 1509 627 1583 dl,
655 1511 688 1583 l,
715 1503 767 1568 ubi
793 1501 1000 1582 κεκονιαμένος
1027 1521 1088 1568 uon
1112 1502 1205 1588 plane
1229 1503 1318 1570 abest
1341 1512 1376 1570 et

186 1615 243 1688 16,
278 1617 309 1678 5.
346 1610 399 1676 ubi
427 1612 459 1676 in
484 1609 554 1676 cod.
580 1610 616 1677 b.
640 1610 1004 1695 κεκονιαμένοςιιρρνιεῑ.
1029 1607 1076 1674 nd
1103 1610 1243 1693 primum
1268 1609 1374 1675 locum

185 1715 270 1803 quod
296 1718 545 1784 Hausrunuusrus
567 1718 750 1782 annotavit:
774 1714 921 1802 »perinde
944 1724 989 1779 est
1013 1723 1119 1778 otrcm
1138 1715 1249 1800 probes
1272 1740 1376 1782 κεκο·

184 1821 345 1901 νιμένος
369 1846 410 1888 on
431 1821 739 1899 κεκονισμίνος”
761 1820 922 1886 neminem
945 1819 1095 1886 movebit.
1136 1819 1268 1888 Utiliora
1290 1820 1375 1888 idem

186 1925 360 2016 adscripsit
390 1928 428 1994 de
460 1929 647 1994 conlusionc
678 1927 764 1993 inter
787 1925 973 2004 κεκονιμένος
996 1934 1028 1992 et
1052 1927 1271 2006 κεκονιαμένος.
1318 1927 1376 1996 cti.

184 2031 259 2098 lcii.
294 2033 332 2100 ad
367 2035 499 2102 llssrcu.
533 2035 564 2099 in
600 2054 628 2098 ι.
677 2033 711 2098 ln
738 2031 830 2099 Soron
853 2053 882 2098 v.
907 2031 1094 2110 κεκονιμένος
1118 2033 1254 2100 eximius
1277 2033 1377 2102 codex

188 2137 373 2220 Vossianus,
398 2143 454 2227 qui
477 2138 556 2205 mibi
577 2138 654 2205 hacc
674 2138 829 2204 scribenti
848 2137 887 2204 ob
906 2136 1015 2204 oculos
1035 2147 1100 2215 cst,
1126 2137 1212 2205 bunc
1229 2138 1379 2210 hexame-

189 2252 275 2310 trum
301 2244 446 2313 exhibet:
869 2243 872 2248 ’

413 2352 502 2417 οίλλοί
525 2351 670 2431 οιδιιρείον
694 2349 891 2428 κεκονιαμένος
916 2351 951 2416 ἐκ
975 2349 1119 2428 πολέμοιο

185 2464 218 2523 et
243 2477 315 2522 mox
340 2456 387 2523 bis
410 2458 586 2538 βεκονίσίαι
613 2477 669 2543 pro
693 2457 874 2523 κεκονίοίαι.
899 2455 964 2522 Nae
983 2455 1039 2543 qui
1057 2454 1221 2522 codicillus
1241 2465 1273 2524 et
1295 2459 1379 2524 scri·

189 2561 238 2628 bis
269 2561 389 2649 aliquid
423 2563 588 2640 tribuunt,
620 2563 749 2628 cautius
779 2581 907 2648 semper
938 2561 1086 2628 absentes
1117 2560 1378 2630 admirabuntur.

187 2667 224 2734 ln
258 2667 430 2735 Tuuoomro
463 2669 488 2736 l.
515 2675 568 2735 29.
594 2670 696 2742 κισσὸς
720 2668 872 2750 ἑλιχούπῳ
896 2665 1082 2746 κεκονιμένος
1106 2687 1146 2734 au
1171 2669 1379 2750 κεκονιαμένος

187 2773 311 2840 scribas
335 2775 468 2862 perinde
491 2784 560 2856 est,
586 2776 661 2862 quia
689 2763 825 2860 utraque
847 2773 943 2840 lectio
966 2775 1060 2839 nauci
1082 2783 1221 2841 nonest.
1258 2775 1378 2842 lntclli·

187 2899 295 2966 gerum
320 2881 537 2962 κεκνλιομένος
564 2891 599 2948 ut
623 2881 752 2965 ςέφανοι
776 2880 896 2952 κνλιςοί
913 2879 1069 2947 dicuntur
1088 2881 1171 2965 apud
1192 2883 1379 2949 Auusuauou

187 2985 256 3052 XV.
289 3008 317 3072 p.
353 2992 418 3053 678
444 3007 492 3073 sq.
520 2985 573 3052 ubi
597 2986 660 3052 duo
685 2985 798 3052 Eccum
824 2983 1021 3072 fragmenta:
1046 2992 1223 3069 περιφοραῖς
1246 2988 1379 3054 κνκλοιί-

186 3114 276 3170 μενος
297 3091 427 3174 Ὥσπερ
452 3095 574 3164 κνλιτὸς
599 3093 753 3176 ςέΦανος,
778 3100 810 3157 el
831 3093 897 3174 περί
918 3098 1009 3171 σῶμα
1030 3091 1210 3158 συνίλλεται
1232 3093 1291 3180 (sio
1313 3093 1377 3180 leg.

187 3215 246 3283 pro
278 3196 478 3284 τνλίλλεςαι)
511 3198 621 3270 Κιοοίις
653 3195 733 3271 ὅπως
764 3197 900 3280 καλοίμῳ
933 3199 1119 3279 περιφύεται
1143 3197 1222 3263 mihi
1247 3197 1378 3285 quidem

188 3321 315 3368 omnem
342 3301 570 3389 propemodum
597 3303 831 3370 dubitationem
860 3313 1060 3370 exeniorum.

236 3406 381 3473 Tertium
417 3409 597 3495 exemplum
630 3418 679 3474 est
712 3409 799 3475 verbi
823 3409 948 3496 antiqui
973 3407 1123 3475 omnibus
1147 3409 1379 3496 propemodum

187 3511 268 3579 locis
291 3513 329 3578 ad
356 3514 442 3581 huuc
466 3513 551 3581 diem
577 3514 743 3601 depravati
764 3517 888 3594 μαλκίο
910 3513 1086 3600 penultima
1100 3514 1272 3602 producta,
1294 3514 1380 3582 undo

186 3621 348 3699 μαλκείειν
383 3623 524 3706 primum
559 3630 671 3687 natum
704 3629 773 3699 est,
805 3619 920 3686 deinde
951 3629 1098 3700 μαλκιεῑν
1130 3631 1162 3686 ιιι
1185 3630 1323 3700 μολκιιῑν
1346 3631 1381 3688 et

186 3730 328 3806 μαλκιοίν
353 3737 384 3792 et
405 3734 574 3806 μαλακιῶ,
599 3735 788 3806 μαλακιείν,
813 3733 987 3806 μαλακινῐν,
1012 3745 1148 3812 quorum
1171 3726 1249 3792 nibil
1263 3747 1380 3794 sanum

188 3841 249 3898 est.
278 3831 332 3900 Vel
357 3833 426 3918 ipsa
449 3832 595 3919 analogia
621 3833 746 3913 μαλκίιι
767 3831 869 3898 solum
894 3831 1028 3918 probum
1047 3853 1117 3898 esse
1136 3833 1254 3899 evincit
1274 3841 1307 3899 et
1321 3853 1379 3898 an-

187 3938 336 4024 tiquum,
367 3939 560 4004 coulirmaut
594 3947 692 4005 testes
716 3939 866 4006 meliores
897 3948 930 4004 et
963 3938 1173 4024 integriores,
1202 3958 1265 4025 quo
1295 3938 1380 4004 lacto

186 4045 306 4111 caeteri
342 4062 416 4110 cum
451 4042 554 4110 lamae
587 4045 781 4112 detrimento
813 4065 888 4111 suas
922 4045 1115 4132 quisquilias
1142 4045 1204 4110 sibi
1228 4044 1379 4130 habento.

187 4147 280 4216 Iurat
311 4150 342 4215 in
369 4148 422 4215 illo
447 4150 543 4216 verbo
566 4151 736 4218 ostendere
761 4171 856 4236 quam
883 4148 1057 4218 difficulter
1080 4164 1249 4236 emergant
1273 4151 1381 4237 prisca

186 4255 359 4335 vocabula,
393 4254 532 4322 obsoleta
565 4266 598 4323 et
631 4258 743 4343 paucis
778 4255 952 4324 intellecta.
1001 4257 1219 4324 bsuosruruss
1252 4255 1380 4322 dixerat

188 4381 219 4448 p.
238 4367 319 4438 too,
345 4368 377 4430 7.
389 4361 549 4443 μέλλομεν
561 4364 613 4428 καί
633 4363 890 4442 μαλκίομεν,
914 4382 975 4428 non
990 4370 1040 4430 est
1053 4360 1121 4428 vola
1135 4382 1193 4428 nco
1206 4362 1379 4448 vestigium

188 4467 220 4534 in
255 4466 367 4546 codd,
401 4469 457 4555 qui
487 4489 598 4535 omnes
622 4467 863 4551 μαλακιζόμεία
889 4467 1022 4547 habent,
1049 4466 1253 4536 mcuiicstam
1278 4468 1381 4535 iuter·
