3208 4972
709 349 779 423 239

157 539 415 610 emendationem
449 542 512 609 loci
544 545 712 612 Pcumaom
744 546 777 614 in
814 548 879 612 rita
912 544 1068 612 Ciceronis
1099 563 1169 630 cap.
1195 549 1225 610 9.
1260 545 1351 610 Arol-

156 673 215 724 νιος
252 647 365 733 Μύκερ
396 650 563 733 κρινόμενος
594 661 711 730 κλοπῆς
744 654 795 718 ὐπ’
828 656 923 720 αὐτοῦ
959 652 1025 717 κτὲ.
1074 650 1208 716 latuimus
1244 650 1351 716 ldtcaa

155 754 411 842 repetundarum
442 767 615 823 accusatus
643 767 692 824 ost
723 778 785 824 non
818 783 836 825 o
869 760 1020 824 Crcauoua
1051 757 1115 844 (ὐπ’
1140 755 1269 844 αὐτοῦ),
1293 757 1350 842 qui

155 863 226 948 ipse
251 863 382 929 Praetor
405 862 444 929 de
464 863 651 950 repetundis
676 864 870 951 quaerebat,
897 864 952 931 sed
978 863 1060 952 opud
1086 860 1278 938 Crannonem
1302 863 1351 928 ἐπ’

156 969 265 1034 αὐτοῦ.
289 969 438 1043 ἐπίσιτος
463 969 585 1036 dieitur
607 969 647 1037 de
670 991 726 1047 eo,
752 970 836 1058 apud
860 991 954 1059 quem
978 970 1052 1057 quis
1072 975 1261 1047 accusatur,
1286 968 1353 1034 siva

155 1094 214 1142 sax
240 1075 307 1142 sive
331 1076 541 1161 magistratus
572 1085 641 1156 est,
672 1075 787 1142 deinde
821 1075 860 1143 de
892 1075 1018 1154 iudice,
1045 1073 1132 1162 apud
1157 1093 1252 1161 quem
1279 1075 1353 1161 quis

156 1199 289 1246 causam
314 1179 412 1257 dicit,
432 1179 571 1268 denique
589 1181 629 1248 de
651 1191 730 1249 teste
752 1192 808 1249 aut
831 1181 972 1260 arbitro,
986 1200 1094 1248 coram
1109 1201 1173 1267 quo
1187 1178 1265 1266 quid
1282 1179 1351 1248 lieri

157 1287 291 1353 dicitur.
340 1287 568 1374 Exemplorum
593 1297 642 1355 est
669 1309 784 1374 magna
810 1290 912 1376 copia.
948 1291 965 1374 §
994 1291 1046 1354 18.
1071 1288 1124 1353 rto
1148 1286 1256 1366 ὐβολύν
1287 1284 1351 1368 ἔχω

157 1393 202 1459 τα
226 1393 387 1476 πιρύμεῖα,
413 1413 526 1460 revoca
551 1396 594 1476 τῷ
618 1396 754 1476 πορθμεῖ.
781 1399 798 1482 §
824 1399 876 1460 20.
910 1394 980 1468 τούς
1004 1392 1128 1466 ὐδύντας
1153 1399 1349 1474 συγκροτῶν,

157 1498 285 1584 corrige
313 1500 496 1579 συρκρούυν.
535 1503 552 1585 §
579 1505 633 1568 21.
666 1503 752 1584 παρὰ
787 1499 950 1568 Μικύλλου
979 1501 1049 1567 τινὰ
1082 1495 1191 1578 ὐβολύν
1209 1535 1212 1544 ·
1227 1499 1352 1580 προσδο-

157 1611 236 1684 κῶν,
262 1603 397 1672 emenda
415 1607 501 1687 παρύ
525 1607 668 1674 Μικύλου
692 1606 782 1682 τινος.
829 1608 969 1681 Μικύλος
993 1625 1069 1673 ceca
1093 1602 1196 1669 forma
1221 1611 1288 1680 est,
1313 1611 1352 1669 ut

156 1713 336 1794 ΑΙσχύλος,
361 1711 511 1791 Ἡδύλος,
537 1713 716 1794 Κρατύλος,
744 1715 920 1796 Θρασύλος,
946 1711 1120 1794 Δερκύλος,
1146 1709 1352 1792 Δερκυλίδας,

159 1814 234 1882 alia.
283 1814 936 1913 01111υιουυε11μ131.28.γαῖαφίλῆ,
973 1819 993 1909 ΙΙ
1027 1816 1167 1890 Μικύλος
1193 1815 1221 1882 εὐ
1243 1841 1273 1882 τι
1298 1839 1353 1882 πο-

164 1921 247 2004 νιςρύν
270 1923 406 2006 ἐπῆνεσα
433 1924 515 2003 μῆτε
546 1925 582 1992 σύ
607 1925 707 2008 κούφη
744 1927 762 2012 ΙΙ
797 1925 916 2005 Γ1γνεο.
965 1923 1166 2006 Θρύσυλλος,
1197 1921 1350 2003 Δίυλλος,

156 2029 328 2110 Ἥρυλλος,
353 2027 436 2109 alia,
461 2038 537 2096 sunl
563 2032 758 2114 ύποκοριςικύ
789 2052 827 2098 ex
851 2041 1055 2114 Θρασυκλῆς,
1080 2035 1234 2108 Διοκλῆς,
1257 2031 1352 2109 Ἡρα·
1406 2027 1408 2034 ’

156 2143 254 2211 eale,
303 2143 338 2201 ut
377 2137 507 2202 Antonii
546 2136 631 2204 filius
661 2137 881 2224 appellabatur
919 2135 1130 2204 Alexandriae
1161 2139 1350 2207 Ἄντυλλος.

159 2243 177 2327 §
202 2246 259 2309 21.
283 2238 399 2315 ἄλλους
431 2242 621 2324 προσκάλει,
647 2242 821 2332 suppleri
846 2245 872 2310 δ’
896 2242 1013 2316 ἄλλους
1037 2241 1216 2324 προσκάλει.
1251 2244 1268 2326 §
1294 2245 1349 2308 26.

156 2347 222 2414 οὐδὲ
246 2343 348 2427 λύγου
379 2346 458 2426 ἔδει,
492 2347 561 2434 lega
590 2349 683 2416 οὐδέν.
709 2389 752 2400 -
776 2350 899 2425 πλείους
924 2349 941 2426 ῆ
966 2349 1108 2432 μυρίους,
1141 2347 1194 2415 hle
1219 2365 1347 2435 quoque

157 2453 293 2522 restitue
317 2463 408 2520 πλεῖν
430 2454 458 2531 ῆ.

202 2559 358 2647 Sequitur
389 2560 602 2628 suauissimus
633 2560 715 2628 liber
744 2561 812 2645 περὶ
838 2567 897 2627 τῶν
921 2561 971 2627 ἐπὶ
995 2561 1092 2642 μισύῆι
1116 2559 1282 2639 συνύντυν,
1316 2561 1351 2628 io

156 2685 221 2752 quo
246 2670 263 2750 §
292 2675 319 2731 1.
345 2684 401 2751 pro
422 2663 536 2737 ύσατον
558 2667 628 2754 lege
652 2666 774 2738 ὐεούτισν
798 2687 836 2735 ex
864 2667 983 2733 lloncm
1018 2665 1129 2752 θύριε.
1153 2665 1211 2732 lll.
1243 2671 1292 2732 ll.
1317 2667 1351 2734 cl

157 2771 275 2853 τρύτύν
297 2795 343 2840 τοι
367 2770 493 2852 ἔπειτα,
518 2774 551 2841 τύ
572 2776 599 2842 δ’
624 2773 747 2844 ὐεούτιον
770 2771 955 2850 καταλέξας
985 2775 1060 2857 §'3.
1085 2771 1215 2838 detorsio
1237 2770 1348 2838 δεῖπνα

158 2887 315 2953 πολυτελῆ
347 2879 400 2944 καὶ
432 2879 626 2960 ύσύμβολα,
653 2879 769 2947 melius
792 2888 948 2954 πολυτελῆ
980 2876 1192 2957 οὐσυμβύλους.
1244 2877 1350 2942 Poetis

158 2984 210 3052 lua
234 2992 282 3050 esl
302 2982 425 3055 dicere:
458 2985 639 3066 ιἰσύμβολον
662 2987 784 3053 κώθωνα
800 2989 844 3065 μῆ
866 2984 1109 3066 παραλίμπανε,
1131 2990 1186 3049 aul
1206 2981 1351 3063 ιύσύμβο·

158 3087 211 3156 λύν
234 3113 270 3156 τε
294 3100 389 3172 χεῖρα
412 3093 603 3172 προσβαλεῖν
633 3094 732 3178 βορᾷ,
757 3101 790 3158 et
814 3092 954 3167 similia,
977 3090 1126 3157 docturos
1151 3088 1265 3156 maluit
1290 3089 1347 3156 dt·

157 3195 239 3262 ticos
262 3195 373 3284 sequi,
405 3199 461 3284 qui
492 3217 603 3265 onanos
636 3199 813 3286 loquuntur
845 3207 880 3262 ut
906 3199 1074 3266 daaooaaas
1098 3197 1131 3262 iu
1162 3195 1348 3263 Timorclrca

158 3319 188 3387 p.
218 3307 276 3379 11,
302 3306 351 3368 15.
376 3302 409 3369 τύ
435 3305 497 3385 χρῆ
527 3303 649 3382 λέγειν,
673 3299 925 3386 incommodior
955 3302 1018 3368 νέον
1049 3309 1205 3376 πολυτελῆ
1235 3301 1348 3368 δεῖπνα

158 3408 263 3492 δειπνῆ
294 3407 486 3489 ἀσύμβολος.
535 3409 569 3476 ln
600 3413 618 3495 §
645 3415 677 3477 9.
700 3413 834 3492 χρῆσθαι
865 3410 938 3491 πρὸς
969 3405 1037 3477 ύτι
1063 3407 1101 3476 ἂν
1125 3407 1269 3486 iliacos,
1296 3427 1347 3475 ex·

159 3534 264 3602 pungo
288 3515 379 3597 πρός,
404 3514 488 3602 quod
511 3535 604 3583 nemo
623 3537 779 3604 umquam
799 3517 831 3582 in
852 3537 888 3582 ea
912 3535 948 3582 re
971 3513 1106 3580 addidit.
1134 3519 1150 3598 ς
1169 3518 1219 3579 11.
1247 3513 1282 3591 ῆν
1305 3513 1349 3580 τὰ

157 3619 253 3701 apere
274 3619 413 3704 πρύξρς,
438 3620 509 3688 dele
532 3622 719 3689 articulum.
758 3625 775 3709 §
802 3628 852 3690 12.
876 3619 1058 3700 ιςύτύκνταύ
1079 3644 1123 3686 σοι
1154 3616 1261 3686 πούντα
1290 3625 1346 3694 τῆς

160 3729 257 3810 εὐχῆς
300 3725 458 3810 μειζόνως.
513 3728 664 3796 Luoaauoa
703 3729 880 3816 scripserat
914 3725 1022 3794 πιύντα
1056 3727 1153 3806 εὐχῆς
1187 3724 1350 3806 μειζύνος,

157 3896 234 3955 nata
257 3897 306 3955 est
326 3885 543 3977 dittographia
568 3911 585 3958 o
609 3885 808 3957 correctione
826 3890 947 3957 erroris
965 3846 1085 3974 ὐύχῆς,
1115 3885 1192 3953 hinc
1213 3889 1349 3971 εὐτυχῆς

157 4003 195 4060 Ε.
220 3995 365 4075 εὐτυχεῖς
398 3994 470 4076 alii,
502 4003 557 4071 τῆς
590 3998 687 4077 εὐχῆς
721 3994 865 4062 Sounoua.
913 3995 1051 4063 Gravius
1083 3994 1180 4060 etiam
1211 3991 1351 4060 afflictus

158 4107 208 4166 est
231 4097 360 4186 loous§
391 4103 626 4186 15.τεκμῆριον
653 4101 822 4181 ποιούμενοι
854 4108 907 4169 τού
932 4104 977 4182 μῆ
1002 4101 1074 4184 παρ’
1100 4099 1187 4181 οὐλλιρ
1212 4098 1352 4181 πρύτερύν

156 4230 192 4270 σε
227 4203 452 4283 δεδειπνηκέναι
487 4206 539 4274 καὶ
570 4207 604 4273 cd
635 4208 735 4274 ιιαινύν
770 4205 849 4274 sicel
879 4233 923 4274 σοι
954 4208 989 4274 τὸ
1014 4203 1237 4292 χειρόμακτρον
1271 4205 1352 4272 τιύέ-

155 4335 257 4390 μενον.
286 4310 460 4378 mirificum
487 4331 563 4378 sane
587 4311 647 4380 hoo
672 4321 722 4379 est
744 4312 919 4381 indicium:
945 4313 971 4380 si
996 4313 1048 4379 cui
1075 4311 1207 4378 arramile
1234 4331 1349 4378 novarrn

157 4417 349 4505 apponitur,
370 4437 547 4510 raucaquam
569 4439 642 4486 eum
662 4419 741 4486 ioris
761 4439 912 4487 coenasse
933 4426 1073 4507 apparet.
1114 4418 1195 4484 lstas
1213 4416 1352 4503 ineptias
