3136 4966
774 325 845 398 584

237 517 453 590 scribendum.
502 520 583 588 'lum
609 521 777 601 ἐλαύνομεν
801 523 904 590 satius
927 530 998 589 erat
1023 541 1084 589 non
1107 529 1250 611 tetigere.
1298 525 1430 614 Euripi·

237 628 293 696 des
317 631 363 696 uti
389 629 489 696 noluit
515 629 683 696 llomerica
708 628 869 695 locutione
896 627 971 706 cline
999 628 1098 696 lodov
1117 629 1305 712 κακότητος,
1330 651 1431 720 quam

237 733 359 822 legerat
382 736 413 800 iu
439 734 553 823 Odyss.
582 755 609 801 s.
635 739 712 802 290.

394 841 471 910 ἀλλ’
496 839 541 908 iro
564 840 622 922 μέν
645 841 700 920 pto
722 845 807 924 φναν
831 839 907 916 oldae
929 838 1029 908 tutan
1052 840 1233 918 κακότητος.

237 956 270 1014 et
293 965 329 1013 ea
354 947 450 1014 verba
474 949 518 1014 ita
543 947 667 1034 accepit
693 954 728 1013 ut
751 945 991 1014 Grammaticus
1015 947 1218 1034 nescioquis
1242 949 1274 1014 in
1299 947 1432 1016 Sebolio

236 1051 276 1119 ad
302 1051 333 1119 lt.
358 1052 377 1118 l.
403 1053 417 1120 d
441 1055 472 1120 δὲ
497 1058 581 1132 νοῦς,
608 1049 732 1140 inquii,
757 1049 844 1130 οἶμαι
868 1052 961 1132 αὐτὸν
985 1054 1249 1135 ἑμφνρνθνὶσεσθαν
1273 1053 1431 1138 δνενχίας

233 1157 351 1240 ἐτέρας.
400 1156 623 1246 opinabantur
645 1159 749 1237 enim,
775 1170 811 1226 ut
836 1160 918 1226 idem
944 1158 1077 1236 scribit,
1100 1163 1136 1227 τὸ
1167 1159 1264 1237 ἄδην
1298 1161 1432 1228 ἐλάαν

235 1284 305 1336 esse
329 1264 365 1331 ol
388 1265 472 1347 κόρον
495 1275 586 1347 σχεῖν
609 1273 665 1342 τῆς
688 1264 813 1342 κακίας.
862 1264 1049 1344 Falluntur,
1073 1264 1128 1331 sed
1153 1275 1292 1332 utuntur
1312 1266 1374 1353 ipsi
1393 1287 1431 1334 ea

234 1367 394 1437 locutione
424 1391 488 1458 qtto
520 1391 616 1438 sensu
649 1378 774 1458 poetam
800 1371 1020 1458 accipiebant,
1053 1379 1088 1438 ut
1112 1369 1224 1438 multis
1247 1369 1320 1437 aliis
1344 1391 1432 1458 quae

234 1483 309 1544 ante
346 1475 570 1544 Aristarchum
608 1495 701 1542 neruo
732 1477 812 1543 satis
848 1476 1055 1564 intelligebat.
1110 1475 1224 1563 ltaque
1254 1477 1432 1564 Euripides

237 1590 327 1648 ratus
357 1580 434 1659 ἄδην
464 1580 563 1649 iadau
593 1601 661 1648 esse
693 1584 939 1664 aopsolimlm,
971 1601 1070 1669 quum
1104 1580 1198 1649 uellet
1223 1581 1332 1650 dicere
1355 1581 1432 1656 ἅλις

236 1686 350 1772 ἔχομεν
374 1689 464 1755 πόνον
487 1687 567 1756 dixit
590 1687 667 1764 dine
688 1687 866 1768 ἐλαύνομεν.

282 1794 396 1880 llagna
427 1801 476 1860 est
505 1795 722 1861 controversia
758 1805 866 1862 utrum
892 1792 978 1882 apud
1003 1793 1178 1860 Humerum
1202 1792 1430 1869 airusalem

237 1920 278 1967 an
302 1898 422 1976 ἑδωτνν,
448 1896 523 1974 ἄδην
548 1900 646 1967 ἐλάαν
669 1919 709 1966 νιν
734 1898 810 1966 idon
831 1899 874 1966 sit
894 1898 1111 1967 scribendum.
1148 1896 1321 1987 Euripides
1339 1908 1431 1966 certe

236 2003 311 2083 oiim
335 2003 443 2072 ἔΛααν
465 2003 580 2089 legisse
604 2026 638 2072 se
662 2025 719 2072 sua
745 2005 924 2072 imitatione
947 2003 1100 2072 declarat.

281 2112 317 2178 lu
343 2110 449 2177 llbeso
474 2129 519 2176 νε.
545 2113 622 2178 109.

435 2215 543 2282 σννννννὶι
557 2215 684 2298 βοτῆρές
708 2218 819 2297 ἐσμεν·
844 2218 897 2283 οὐκ
920 2215 1026 2292 ἄλλως
1050 2215 1190 2296 λένΕΙΟ.

236 2324 300 2389 imo
324 2341 399 2388 tero
420 2323 474 2388 οὐκ
497 2319 603 2398 ἄλλως
627 2321 748 2402 alyn,
775 2321 807 2388 id
826 2329 875 2388 est
894 2323 948 2388 ode
967 2321 1142 2400 αντνλέγω,
1167 2321 1327 2400 immo,
1352 2329 1429 2388 uolo

233 2437 265 2495 et
291 2425 449 2514 frequenti
484 2446 556 2495 usu.
605 2428 709 2514 lgitur
741 2429 774 2494 in
799 2427 946 2495 dissensu
977 2425 1133 2494 librorum
1164 2425 1317 2493 laeillirna
1341 2429 1430 2514 optio

232 2543 293 2602 est.
342 2529 392 2602 Ol.
419 2531 530 2600 lleleo.
556 2553 602 2599 νε.
632 2537 727 2600 1101.

417 2639 442 2704 sl
468 2638 493 2703 δ’
518 2632 596 2713 ἦσθα
619 2637 733 2720 μετρία
756 2633 864 2706 τᾶλλά
889 2636 925 2718 γ’
953 2639 1130 2716 dilanieris

417 2743 565 2827 πέφυκας
589 2743 799 2826 ἀνθρώποισιν,
823 2746 877 2812 οὐκ
900 2742 1005 2820 ἄλλως
1028 2743 1123 2824 λέγω.

235 2859 268 2918 et
293 2851 335 2917 iu·
351 2849 479 2916 Electra
506 2869 552 2916 rs.
581 2853 677 2918 1035.

416 2958 513 3037 μῶρον
535 2956 592 3035 μὲν
615 2952 665 3023 οὗν
689 2963 836 3035 γυναῖκες
848 3005 857 3036 ,
883 2955 937 3023 odx
960 2953 1065 3030 ἄλλως
1088 2953 1184 3035 λέγω.

235 3069 268 3129 ei
292 3059 367 3129 ibid.
393 3081 439 3128 νε.
465 3066 543 3130 224.

415 3169 537 3247 μείνατ’
561 3166 688 3233 ἄκουσαν
712 3166 765 3234 καὶ
789 3166 869 3249 τάχ’
892 3167 946 3232 οὐκ
969 3161 1075 3238 ἄλλως
1098 3165 1186 3248 e’psie.

234 3285 267 3342 et
292 3274 324 3340 in
351 3273 419 3361 ipso
443 3272 546 3340 Iidem
570 3291 616 3337 νε.
644 3276 718 3339 tat.

417 3379 483 3446 ναί·
509 3377 561 3444 καὶ
585 3377 692 3445 δίκαια
715 3381 820 3444 ταῦτα
844 3379 918 3445 κούκ
939 3375 1045 3450 ἄλλως
1069 3375 1199 3456 ntro...

234 3495 267 3554 et
291 3486 323 3553 iu
353 3483 449 3552 Orort.
474 3505 520 3550 νε.
534 3487 610 3551 709.
635 3485 688 3560 οὐκ
712 3482 817 3560 ἄλλως
841 3483 946 3564 λέγω,
971 3491 1003 3550 et
1029 3483 1060 3549 in
1083 3481 1264 3550 Phoenissis
1284 3503 1328 3549 νε
1350 3485 1421 3550 560.

235 3601 268 3660 et
291 3591 377 3659 alibi.

282 3698 318 3765 ln
343 3695 445 3764 lilioso
470 3715 516 3764 νε.
541 3699 619 3763 509.

420 3799 505 3878 δείξω
529 3800 557 3867 δ’
582 3802 643 3880 ἐγώ
668 3824 712 3867 om
735 3802 834 3883 χῶρον
857 3799 1144 3882 soloecismo

415 3906 467 3971 τὸν
490 3908 541 3973 σὸν
565 3911 713 3988 νυχεῦσαι
736 3909 791 3972 τοῦ
812 3905 1008 3985 τεταγμένον
1031 3906 1120 3987 δίχα.

235 4013 309 4100 quia
334 4014 555 4093 ’θΝννχεῦτκν
580 4013 759 4100 requiritur
782 4011 929 4098 suspicor
952 4009 1028 4078 olim
1053 4011 1171 4078 luisse:

440 4119 511 4184 ἔνθα
534 4119 594 4200 χρὴ
617 4126 771 4200 ςραΤΟΝ
793 4117 845 4184 τὸν
867 4119 1100 4197 ’θΝννχεῦσακ

236 4224 318 4294 utale
343 4223 514 4311 repetitum
540 4233 631 4290 TON
657 4223 870 4292 necessariam
896 4223 1165 4310 praepositionem
1189 4223 1321 4310 expulit.

279 4331 316 4398 ln
343 4329 442 4397 illeso
468 4350 514 4396 νε.
540 4333 617 4397 899.

619 4432 715 4500 ὄλοντο
738 4435 795 4511 μὲν
819 4433 964 4506 Οἰνεΐδας
