3150 4972
633 360 700 430 141

206 561 239 626 οὐ
262 559 307 638 μὴ
330 555 470 640 πρθτερον
494 553 585 631 elusor
597 605 606 636 ,
632 555 737 623 θεοῖσιν
761 556 850 642 ἐχθρὲ
873 558 933 636 σθ,

206 664 242 731 πθ
264 663 430 744 λεβήτιον,
455 663 595 729 coinred
620 662 738 746 νθπρου,
763 702 807 713 -
831 662 929 731 πιθλιν
953 663 1089 746 θεερεῒςς

91 771 133 838 ubi
162 771 191 836 in
217 771 374 837 Mapoura
398 768 512 836 Codice
537 769 633 835 unico
660 779 709 835 est
732 771 794 837 sola
817 775 872 838 τοῦ
894 787 1021 853 λιτρυυ,
1046 788 1158 836 verum
1183 768 1265 836 vidit

90 878 252 944 herasmus.
300 885 361 944 ΛΗ
387 884 498 958 uatum
523 883 572 942 est
596 895 634 942 ex
658 885 723 956 Nl,
750 887 784 944 ut
809 878 996 964 saepissime
1018 885 1049 943 N
1073 883 1106 942 et
1124 885 1170 942 ΛΙ
1192 895 1264 962 per·

90 985 173 1051 orista
195 993 285 1051 sunt.
311 983 449 1051 Φαυλθου
471 981 612 1064 μθντευς
631 983 715 1068 apud
736 983 938 1050 Pouraacnuu
956 982 1064 1050 editur
1079 994 1113 1060 in
1132 981 1266 1060 Quaestt.

88 1089 159 1157 dom.
184 1110 215 1177 p.
237 1094 312 1156 268.
332 1089 365 1156 d.
388 1110 445 1176 pro
465 1088 595 1156 Φαύνου.
621 1088 728 1175 Longe
749 1091 878 1178 turpius
894 1100 942 1157 est
962 1092 995 1156 in
1017 1091 1123 1156 Puoru
1150 1088 1267 1156 Louioo

87 1195 261 1275 Ναξθαυθοςε
293 1197 392 1274 ἀκοή,
425 1216 482 1282 pro
505 1193 614 1271 Ναξία
637 1195 734 1269 λθθυς;
759 1195 862 1272 dedan.
889 1195 925 1262 ln
949 1196 1081 1262 buccano
1102 1193 1266 1262 tantillum

87 1304 183 1370 vitium
205 1302 364 1370 mirificas
381 1302 494 1369 turbas
507 1300 639 1368 dederat
652 1305 690 1377 9,
716 1308 754 1378 5,
779 1305 808 1366 2.
824 1321 881 1388 pro
894 1310 1264 1371 ΞΤΝΑΝΛΜΙΓΝΎΟΟ

87 1409 174 1477 scriba
196 1410 321 1478 codicis
342 1408 563 1496 antiquissimi
588 1408 625 1474 B.
652 1406 739 1474 aliud
764 1427 863 1493 agens
886 1408 975 1475 dedit
997 1406 1133 1486 Ευιαλθα
1152 1409 1266 1489 μίγνυ-

87 1541 129 1596 ιι,
152 1516 200 1607 (ut
226 1516 281 1583 alii
306 1519 324 1602 ς
353 1521 382 1581 1.
408 1516 507 1583 θλθατ
531 1534 589 1603 pro
612 1516 701 1603 μιᾶς)
727 1514 812 1582 unde
837 1515 945 1582 nescio
969 1516 1042 1602 quis
1060 1514 1194 1601 ξυναλθρι
1215 1515 1265 1594 μθ-

87 1647 164 1701 γιυοο
198 1635 323 1691 temere
357 1620 491 1688 eliinxit.
541 1621 792 1688 Heusrrauusrus
823 1622 984 1708 exquisita
1009 1619 1157 1688 doctriua
1181 1641 1266 1688 com·

88 1730 231 1797 meadauit
255 1730 426 1796 lectionem
446 1727 598 1813 ξυιαυλίρ
623 1728 756 1808 μθγνυοο
768 1727 820 1816 (τῇ
833 1725 1042 1814 οὶγαπωμέιρ)
1056 1726 1111 1794 sed
1125 1725 1265 1805 frustra,

88 1837 200 1922 opinor,
232 1836 330 1924 quasi
361 1837 435 1922 quis
460 1836 490 1900 ia
516 1854 553 1901 ea
577 1856 613 1902 re
636 1835 738 1923 possit
760 1841 934 1914 μουαυλεῖν.
962 1831 1109 1915 Quod'in
1134 1833 1267 1921 reliquis

89 1943 218 2011 omuibus
257 1941 351 2008 tibris
385 1950 433 2008 est
476 1943 724 2022 ουναναμθγνυοο
760 1939 895 2029 (Encas.)
938 1937 1070 2006 tandem
1106 1943 1267 2008 revocavit

90 2045 238 2116 barenas.
292 2045 553 2114 Suboeuiendum
579 2056 627 2114 est
652 2046 784 2114 Lucrum
807 2046 906 2112 simili
930 2046 970 2112 de
990 2064 1087 2112 causa
1110 2045 1268 2113 laboranti

90 2157 136 2233 to,
161 2160 198 2222 12
223 2157 260 2234 oia
284 2153 342 2234 μέν
365 2151 447 2220 πθνυ
471 2152 603 2233 έγγθθευ
627 2153 788 2232 σκοπῶμέν
810 2178 841 2219 τι
866 2153 918 2219 καὶ
943 2152 1002 2219 ὑπὸ
1018 2155 1078 2219 τῶν
1096 2154 1267 2236 ὀφθαλμῶν

88 2261 171 2326 αὐτῶν
199 2261 286 2329 οὐδέν
316 2259 442 2343 ἀκριβὲς
476 2261 741 2341 διαγιγνώσκομεν
769 2279 826 2345 pro
851 2257 1023 2325 manifesto
1048 2259 1125 2324 vilio
1150 2278 1267 2345 repono

89 2365 133 2430 ὑπὸ
163 2367 346 2454 τώφθαλμὼ
370 2367 466 2433 οὕτω.
514 2365 549 2432 ln
573 2365 707 2433 elisione
730 2363 886 2452 explenda
910 2383 974 2430 non
999 2364 1107 2430 minus
1132 2363 1268 2432 lioeuter

90 2474 197 2542 scribae
225 2480 433 2562 grassantur.
483 2471 636 2539 Facetum
666 2480 714 2538 est
736 2468 844 2537 ridere
868 2470 999 2536 criticos
1023 2478 1135 2557 turpes
1158 2468 1266 2537 hiatus

88 2576 278 2657 invehentes,
305 2577 359 2644 ubi
385 2597 470 2646 uuus
494 2587 525 2644 et
548 2577 631 2644 alter
655 2576 735 2643 liber
760 2575 926 2642 molestam
952 2574 1092 2644 vocalem
1116 2576 1263 2665 suppedi-

87 2691 133 2751 tat.
175 2685 256 2768 Quid
287 2683 352 2750 illis
377 2685 418 2750 sit
444 2681 651 2751 tribuendum
676 2680 803 2748 dnobus
834 2681 989 2768 exemplis
1011 2681 1189 2749 ostendam.
1227 2681 1263 2748 lo

86 2787 224 2862 liaustu
248 2788 369 2857 Codice
393 2790 488 2856 unico
511 2798 543 2856 et
567 2790 600 2855 in
622 2787 815 2875 apographis
831 2786 952 2874 legitur
964 2787 1018 2854 lib.
1040 2788 1077 2854 V.
1099 2809 1129 2877 p.
1151 2793 1228 2856 htb.
1242 2788 1263 2854 l.

87 2892 205 2976 ἔφευγεν
236 2895 328 2978 ἄγων
357 2895 389 2962 δέ
420 2897 452 2963 οὐ
476 2895 527 2962 δύο
549 2894 625 2972 τέλη
649 2894 901 2978 περιπέμψαντος
925 2901 984 2962 τῶν
1007 2895 1143 2974 ἱππέων,
1171 2893 1223 2962 uhi
1247 2914 1265 2960 e

87 2999 248 3071 l'uuormoe
269 3002 327 3070 lV.
349 3007 392 3070 96
412 3000 535 3068 dudum
555 3009 736 3067 correctum
755 3009 804 3068 est
816 3003 935 3086 ἔφευγε
947 3001 1114 3081 Παγώνδου
1125 3000 1176 3068 δύο
1187 2999 1264 3075 τέλιι

87 3107 140 3174 erl.
173 3109 208 3176 ln
232 3109 387 3175 Pcarorus
410 3107 486 3194 llep.
510 3106 564 3174 lll.
589 3127 620 3194 p.
645 3111 720 3174 588.
742 3106 780 3174 ll.
802 3107 871 3174 οθτε
892 3105 953 3188 θρα
971 3107 1140 3190 θνθρθιπους
1160 3105 1264 3186 &Elone

85 3209 165 3291 tlyou
194 3212 418 3296 κρατουμένους
450 3213 508 3281 ὑπὸ
536 3214 673 3294 γέλωτος
704 3211 742 3279 ἴου
772 3238 820 3287 τις
849 3223 919 3299 ποιῇ
942 3215 1125 3282 ἀποδεκτέον
1150 3225 1263 3282 natum

87 3325 125 3381 est
144 3339 181 3385 ex
206 3329 401 3394 O'rTAPA.
427 3319 460 3386 in
485 3339 549 3407 qno
571 3319 651 3387 odra
673 3317 736 3402 alpe
759 3321 843 3387 inest
863 3321 896 3386 in
916 3317 1034 3404 οὔπθρα
1055 3341 1143 3389 more
1165 3321 1265 3388 Attico

87 3423 260 3492 condatum.
299 3426 334 3492 ln
360 3425 523 3511 larragine
543 3425 706 3490 uariarum
727 3427 965 3511 scripturarum
987 3447 1081 3514 saepe
1106 3427 1204 3494 huius
1217 3429 1264 3494 rei

88 3524 229 3616 impressa
262 3533 401 3617 vestigia
434 3528 673 3622 deprehendes,
709 3539 744 3597 ut
776 3532 808 3596 iu
841 3531 974 3598 Lucrauo
998 3537 1058 3610 oo,
1085 3538 1103 3598 b
1130 3533 1184 3598 ubi
1209 3553 1266 3621 pro

86 3631 135 3714 ἄρα
154 3636 193 3704 ἄν
211 3638 268 3704 alii
290 3640 362 3720 δρᾶν
375 3635 542 3714 exhibent,
566 3637 659 3704 idest
672 3645 807 3716 ΑΡΑΝ,
830 3633 947 3718 ἄρ’θν,
969 3647 1002 3705 et
1014 3639 1133 3726 passim
1147 3638 1265 3704 similia
1303 3685 1308 3695 .

85 3741 157 3827 apud
188 3744 330 3812 eundem
361 3753 394 3812 et
424 3751 578 3810 caeteros.
616 3741 717 3830 Saepe
746 3744 971 3830 antiquissima
995 3745 1073 3811 vitia
1098 3743 1195 3810 huius
1219 3744 1267 3810 rei

84 3856 198 3917 certum
223 3850 382 3920 iudicium
404 3850 538 3918 iaciunt.
564 3849 779 3916 Luculentum
801 3850 962 3937 imprimis
973 3848 1156 3938 exemplum
1170 3857 1217 3916 est
1232 3849 1265 3915 iu

84 3949 206 4025 lucroso
231 3962 292 4035 12,
321 3963 378 4035 14,
403 3956 456 4023 ubi
481 3957 605 4024 Gsaaou
628 3954 762 4024 edoctus
785 3957 944 4024 aduorso
964 3957 1038 4042 quis
1058 3956 1141 4022 uitae
1160 3956 1267 4022 exitus

85 4069 203 4128 maneat
221 4063 507 4143 arrogantissimos
528 4062 712 4130 mortalium
735 4063 896 4140 boosson,
920 4061 1043 4139 droun,
1066 4061 1267 4130 Pocreoarsu

85 4165 250 4236 exclamat:
280 4171 434 4249 ΙἈγαμαι
467 4170 606 4244 Κλωθοῦς
638 4175 787 4249 γεννικῆς.
820 4167 887 4234 καὶ
916 4169 1045 4246 αὐτοὺς,
1066 4165 1088 4234 ol
1110 4167 1279 4248 βελτίονι,Ι

85 4271 130 4337 tat
151 4274 210 4348 τθος
234 4275 384 4357 κεφαλθος
407 4273 566 4356 απθτεμνε
590 4275 642 4343 καὶ
666 4273 909 4358 ἀνασκολόπιζε,
933 4277 971 4349 ὥς
989 4273 1104 4340 εἰδῶσιν
1122 4271 1268 4355 ἄνθρωπος

85 4375 170 4454 ὄντες.
204 4381 242 4446 io
267 4390 516 4449 ΚΛΙΛΤΤΟΤΟ
534 4383 638 4449 inerat
655 4383 723 4448 καῖ’
742 4380 875 4460 αὐτούς,
900 4378 977 4468 quid
993 4379 1056 4446 illis
1069 4379 1186 4454 iacias,
1211 4379 1267 4466 qui

87 4483 268 4563 uictredo
293 4485 460 4556 dederunt.
508 4488 590 4556 Tum
616 4507 674 4575 pro
702 4485 835 4568 ἄγαμαι
859 4489 998 4562 Κλωθοῦς
1021 4492 1160 4566 γεννικῆς
1184 4485 1268 4550 recl-
