3150 4972
684 368 752 440 101

128 558 259 626 offendit
279 559 312 623 in
338 555 415 641 ἔφην
438 553 560 636 ἄμεινον
584 554 760 637 euidenter
784 556 835 623 τὸν
859 555 925 622 nte
944 564 977 623 et
996 559 1156 626 destricios
1182 583 1315 640 προσκοι-

127 667 293 738 λέσσσᾶοιι,
326 665 358 729 in
393 665 410 748 §
437 667 491 728 35.
518 663 702 728 licostratus
732 660 819 728 dedit
850 661 997 740 εὔξοοσθοιι
1023 666 1090 730 καθ’
1121 667 1202 743 ὑμῶν
1226 669 1317 730 ᾶσει-

127 779 229 848 δοῦσι,
263 771 420 836 Bsuscaus
437 771 556 857 ¹nescio
580 789 642 856 qua
667 768 705 834 de
737 789 833 834 causa
858 769 998 848 εὔξεσᾶοοι
1022 773 1201 848 revocavit,
1230 792 1318 838 uam-

128 898 187 964 que
210 877 246 942 ni
270 874 403 963 perinde
426 896 496 942 esse
516 884 661 962 putasset
683 896 743 940 non
766 885 829 940 tam
853 895 946 960 saepe
966 876 997 941 id
1021 877 1136 944 vitium
1159 879 1317 948 intactum

129 983 322 1070 reliquisset.
358 981 538 1047 Particulae
559 979 704 1052 dr.aiiud
726 981 904 1067 periculum
926 983 1076 1049 imminet
1095 1003 1112 1048 a
1132 985 1244 1050 vocula
1264 985 1320 1063 δή,

129 1111 208 1176 quae
233 1089 413 1154 sexcenties
442 1089 474 1152 in
508 1085 628 1152 unciali
658 1089 819 1173 scriptura
852 1089 923 1153 eius
954 1089 1061 1154 sedem
1088 1091 1258 1177 occupavit
1285 1101 1319 1155 ut

131 1199 159 1261 in
185 1201 247 1271 20,
276 1199 329 1262 64.
362 1193 459 1273 μόνοις
488 1193 551 1274 γὰρ
584 1194 627 1270 δὴ
656 1191 749 1267 οὕτως
782 1195 932 1274 εὑρεθῆναι
965 1197 1027 1276 <dds
1058 1197 1205 1270 vaiandin
1238 1195 1319 1261 nitrit

130 1301 213 1368 aliud
239 1310 289 1368 est
311 1301 462 1381 εὑρεᾶᾶνοιι
487 1317 583 1385 quam
608 1309 765 1384 repertum
786 1321 872 1377 esse,
899 1302 1078 1387 requiritur
1101 1303 1233 1390 reperiri
1249 1323 1319 1388 pos·

131 1431 180 1474 se:
201 1407 300 1485 μόνος
324 1407 387 1488 γᾶρ
419 1406 457 1471 ᾶν
482 1402 586 1476 οὕτως.
636 1405 736 1490 Saepe
767 1406 830 1486 yde
857 1405 936 1472 solet
960 1416 1145 1492 sequentem
1173 1409 1317 1473 voculam

132 1514 318 1590 absorbere,
353 1512 436 1599 quod
469 1520 501 1578 et
525 1510 602 1576 alibi
633 1530 727 1598 saepe
758 1510 879 1577 iactum
913 1521 1017 1578 estet
1050 1519 1110 1592 46,
1136 1517 1189 1579 ti.
1214 1515 1319 1599 ῥᾳδίως

133 1621 191 1703 γὰρ
222 1620 308 1705 ᾤμην
338 1619 495 1684 διολισθεῖν
526 1638 583 1703 pro
613 1617 676 1698 ρᾶρ
707 1615 745 1682 ᾶν
777 1616 872 1700 ᾤμην.
923 1618 1070 1684 Lucrinus
1101 1640 1119 1684 a
1151 1619 1321 1686 Veteribus

134 1735 292 1792 sumserat
314 1733 483 1791 venustam
509 1723 721 1798 locutionem,
748 1743 810 1809 qna
834 1725 999 1789 incitatior
1023 1724 1127 1791 fertur
1150 1725 1321 1792 admouen-

136 1835 173 1898 tis
195 1834 318 1909 oratio,
342 1827 414 1898 οἶσθ’
437 1827 451 1896 ὃ
475 1830 601 1910 δρᾶσον,
626 1850 722 1915 quam
748 1829 893 1907 librarii,
920 1831 994 1916 quia
1021 1851 1081 1897 non
1106 1833 1185 1896 satis
1207 1833 1322 1898 inteili-

136 1939 269 2024 gebant‚
304 1936 424 2023 ubique
447 1936 545 2003 stulte
570 1935 817 2022 interpolarnnt.
866 1935 983 2002 Editur
1007 1957 1093 2003 nuuc
1122 1943 1179 2015 10,
1207 1945 1265 2017 13,
1291 1945 1322 2006 6.

137 2047 206 2111 ἀλλ’
231 2041 316 2111 οἷσθοι
346 2035 360 2107 6
385 2041 524 2124 drotum
549 2079 594 2092 ·-·
620 2043 671 2108 erle
695 2041 747 2108 uei
772 2039 856 2115 αὖθις
881 2041 944 2107 orde.
971 2046 1033 2122 20,
1062 2049 1116 2110 63.
1140 2039 1212 2110 οἷσθ’
1236 2042 1284 2110 οὖν
1309 2043 1323 2111 ὃ

138 2151 273 2232 δράσεις,
307 2149 371 2228 ἐμοὶ
405 2151 449 2229 μᾶ
481 2148 616 2230 πρόσεχε
640 2147 690 2213 τὸν
711 2153 786 2213 νοῦν.
814 2153 872 2226 41,
904 2152 959 2238 tii
985 2151 1060 2215 ἀλλ’
1084 2146 1155 2216 οἶσθ’
1179 2147 1193 2215 ὃ
1217 2151 1323 2234 δρᾶσο-

138 2284 205 2338 μεν,
226 2296 271 2308 -
295 2255 437 2335 εἴπομεν.
486 2253 662 2320 Emendate
695 2256 856 2338 scriptura
887 2273 925 2320 er
958 2274 1022 2320 uno
1050 2255 1159 2324 codice
1191 2261 1324 2325 emersit

140 2369 196 2442 47,
230 2368 280 2430 13.
315 2358 386 2428 οἶσθ’
426 2357 440 2426 6
474 2359 642 2441 derisorem
675 2361 940 2441 ineptissisimas,
974 2363 1153 2428 rectissime
1183 2363 1252 2428 cod.
1287 2367 1323 2431 A.

139 2469 308 2550 incisorem,
325 2466 409 2554 quod
422 2467 607 2532 incoarrzrus
620 2476 650 2532 et
666 2466 846 2535 Drsoonrrus
865 2475 1075 2553 spreverunt,
1099 2470 1219 2554 optime
1240 2490 1324 2537 reco-

141 2576 378 2660 pudentius,
403 2574 457 2660 qni
482 2581 590 2638 tamen
613 2593 675 2636 non
698 2574 857 2658 perspexit
882 2573 1016 2658 reliquis
1041 2575 1145 2641 tribus
1158 2575 1235 2641 iocis
1257 2598 1324 2643 me·

141 2679 274 2746 dicinam
300 2677 434 2746 eandem
459 2699 613 2765 apparere
637 2677 826 2744 faciendam.
877 2679 1105 2764 Reponendum
1130 2690 1179 2746 est
1202 2682 1324 2764 δρᾶσον,

142 2786 192 2851 ubi
206 2787 414 2873 imperativus
427 2787 591 2871 seqnitur,
615 2784 663 2850 vel
677 2785 873 2850 coniunctiri
888 2784 1027 2850 secunda
1043 2806 1194 2870 persona,
1209 2787 1323 2867 δρᾶσον-

141 2916 212 2970 μεν,
236 2893 289 2958 ubi
314 2892 511 2957 coniunctivi
536 2892 651 2976 prime.
702 2891 864 2971 Quomodo
895 2901 925 2956 et
952 2911 968 2954 a
993 2891 1110 2976 quibus
1135 2892 1258 2958 dictum
1283 2896 1326 2961 sit

142 2995 210 3062 οἷσθ’
237 2997 251 3063 ὃ
283 2999 409 3079 δρᾶσον,
444 2993 516 3062 οἷσθ’
542 2993 560 3061 δ’
582 3022 611 3062 τι
637 2998 758 3072 σοι’νσον
781 3007 811 3062 et
837 2997 953 3062 similia
980 2996 1160 3063 luculenter
1185 3000 1325 3066 ostendit

143 3102 270 3170 Koesms
294 3103 333 3168 ad
360 3105 494 3170 Gnoson.
517 3104 659 3168 Conrsru.
685 3124 715 3189 p.
743 3111 783 3168 18
808 3125 856 3189 sq.
879 3104 954 3170 edit.
978 3103 1103 3170 Sounsr.
1132 3105 1259 3171 Vidoiris
1280 3107 1325 3172 ibi

143 3207 301 3277 Graeculis
326 3208 451 3297 placere
472 3211 596 3290 δρᾶσον,
621 3211 742 3286 σοίνσον
773 3220 833 3275 cet.
882 3209 980 3276 Attico
1004 3213 1077 3295 poni
1105 3231 1161 3297 pro
1184 3213 1323 3292 δρᾶσειο,

144 3319 269 3392 ποιήσεις
300 3327 363 3383 oet.
410 3315 478 3381 Noli
511 3316 612 3398 igitur
640 3317 772 3393 mirari,
804 3315 887 3402 quod
921 3337 956 3381 ex
986 3316 1044 3380 hac
1069 3318 1216 3401 opinione
1241 3320 1325 3384 locos

145 3432 279 3489 veterum
306 3421 542 3508 interpolarent
564 3421 683 3507 passim
712 3423 901 3507 imperativo
916 3422 1062 3488 irrtnrurn
1076 3424 1326 3505 substituentes

147 3547 332 3615 qnanrquam
357 3528 532 3593 absurdum
558 3537 605 3592 est
623 3525 729 3593 dicere
749 3524 821 3592 οἶσθ’
847 3524 859 3592 i
882 3527 1000 3607 δρᾶσεις
1023 3549 1079 3614 pro
1100 3529 1165 3594 scio
1182 3531 1326 3615 qnidtidi

148 3635 312 3717 {oriendum
336 3635 503 3700 censeam?
529 3633 581 3698 sed
608 3633 830 3699 aniruadverso
851 3654 960 3698 eoruru
984 3654 1092 3699 errore
1114 3643 1145 3698 et
1164 3638 1325 3702 temerita-

147 3747 187 3816 te,
208 3741 289 3827 quod
311 3742 364 3807 isti
389 3749 605 3826 corruperunt
629 3739 827 3805 confidenter
850 3743 985 3806 restitue
1010 3750 1040 3805 et
1066 3743 1172 3819 δρᾶσον
1196 3742 1325 3827 quidem

148 3861 198 3928 pro
217 3845 352 3928 δρᾶσεις,
376 3847 498 3921 uolnere
522 3867 579 3932 pro
603 3846 735 3921 ποιήσεις
761 3847 824 3910 iam
851 3867 943 3932 saepe
968 3857 1114 3912 revocata
1140 3857 1235 3926 suut,
1258 3848 1323 3915 viri.

148 3948 232 4017 Korn.
257 3952 276 4020 Ι.
302 3954 322 4018 i.
350 3954 476 4018 i’ooson.
510 3952 548 4017 ad
575 3951 690 4018 Hectit».
718 3973 763 4017 vs.
789 3957 864 4019 ete.
914 3951 1065 4018 sotter-ter
1099 3953 1269 4021 Etuscsrus
1294 3957 1325 4020 in

149 4055 293 4125 Ennrrrors
314 4059 424 4125 Medea
447 4079 493 4122 vs.
517 4063 599 4124 600:

363 4162 436 4231 οἷσθ’
460 4167 498 4236 ὡς
523 4162 657 4246 μεσεύξιρ
680 4165 732 4230 reci
757 4166 916 4246 σοφωτέρα
941 4172 1048 4244 Φρονεῖ.

150 4270 321 4336 emendarit
355 4268 429 4337 οἷσθ’
461 4272 498 4342 ὥς
536 4268 696 4349 μέσεοξοοι.
747 4271 881 4335 Prorsus
905 4270 1014 4336 eodem
1052 4271 1146 4336 modo
1182 4272 1329 4339 Lucrruus

151 4377 312 4464 scripserat
337 4383 375 4456 8,
401 4383 463 4454 ti,
490 4383 519 4444 4.
546 4377 599 4443 ubi
624 4377 747 4442 librarii
770 4379 940 4463 antiquum
966 4377 1112 4444 obtinent
1134 4389 1165 4444 et
1191 4381 1327 4466 impera·

151 4479 209 4548 tivo
241 4483 441 4553 substituunt
468 4483 638 4564 futurum,
671 4482 767 4571 idque
797 4483 958 4567 barbarae·
983 4483 1123 4553 formae:
1159 4482 1231 4553 οἷσθ’
1264 4479 1331 4576 οὖν,
