3204 4978
748 372 818 444 nst

183 563 261 636 dnm
288 571 345 633 aut
368 563 611 646 oousolandum.
660 563 728 632 Uno
751 565 895 652 exemplo
920 573 1012 642 utar,
1036 564 1111 652 prtia
1136 572 1310 651 corruptus
1332 561 1374 628 lo
1399 551 1402 558 ’

185 691 244 742 eus
276 677 328 744 est
361 679 396 744 et
427 671 502 743 hino
534 668 717 741 emendatio
749 671 934 742 confirmari
963 679 1078 758 potest.
1126 670 1259 756 Legitur
1290 667 1373 754 apud

184 776 340 850 bonosus
373 797 403 862 p.
439 781 520 854 trs,
554 781 606 844 st.
639 783 702 849 τοῖς
733 779 937 859 ταλαιπώροις
962 775 1122 860 Ὠρείταις
1151 776 1281 842 τουτοισί
1311 777 1375 840 ε’πι-

184 883 390 962 σκεψομένους
423 881 484 966 ἔφη
515 883 585 957 τοὺς
619 883 791 963 ςρατιιίτας
816 881 1016 965 πεπομφέναι
1041 885 1111 948 κατ’
1136 883 1271 950 εὔνοιαν.
1305 904 1376 948 πυν·

185 989 326 1056 ίοίνεσίαι
366 988 429 1070 γδιρ
463 989 575 1064 αὐτοὺς
612 990 651 1058 ὥς
686 992 802 1054 νοσοῦσι
839 989 905 1076 [καὶ
943 987 1141 1070 ςασιοίζουσιν
1177 990 1207 1054 έν
1244 987 1376 1074 anissis}

186 1092 295 1166 Codex
327 1094 350 1162 S
381 1093 502 1160 omittit
533 1095 563 1160 έν
593 1094 699 1169 αὐτοῖς
730 1092 786 1162 sed
812 1115 873 1160 non
899 1103 950 1160 est
974 1094 1067 1160 satis:
1093 1094 1190 1180 periit
1219 1093 1379 1160 mordacis

185 1200 264 1266 dieti
294 1197 442 1276 aculeus,
479 1197 588 1292 adelito
624 1199 809 1286 importuno
843 1199 1035 1266 emblemate
1070 1183 1123 1266 καί
1161 1199 1375 1282 στασιάζουσι.

184 1313 296 1372 Nerato
320 1304 359 1371 de
383 1305 515 1372 civitate
534 1303 659 1372 elicitam
679 1303 764 1372 illem
784 1325 853 1372 esse
873 1305 956 1393 quod
978 1304 1138 1386 τασισίζειν
1155 1326 1248 1372 nemo
1263 1307 1375 1372 nescit.

185 1409 249 1478 Sed
273 1409 351 1481 haee
375 1419 446 1478 erat
471 1409 607 1497 Philippi
631 1401 780 1493 είρυνεία.
812 1421 848 1478 ut
871 1414 902 1478 in
929 1421 1024 1482 νοσεῖν
1043 1411 1169 1478 luderet
1193 1433 1230 1478 ae
1255 1433 1290 1478 se
1314 1415 1376 1478 mi·

138 1497 148 1512 ’
185 1518 267 1584 sisse
291 1515 413 1584 diceret
434 1517 504 1592 τοὺς
524 1517 804 1600 ἐπισκεψομένους,
830 1519 885 1604 qui
908 1526 1055 1602 aegrotos
1076 1518 1250 1584 inviserent
1270 1527 1302 1584 et
1322 1538 1376 1584 on-

187 1630 307 1695 rarent.
354 1622 412 1690 Est
436 1642 551 1708 operae
575 1625 716 1710 pretium
740 1623 821 1690 duos
844 1623 923 1688 alios
949 1624 1160 1690 bonosianos
1182 1621 1268 1689 locos
1291 1643 1376 1704 ¹com-

188 1747 302 1816 parars
333 1749 364 1815 p.
390 1732 453 1806 2⁴2,
480 1733 512 1796 7.
544 1739 717 1802 Θετταλοῖς
741 1731 922 1812 σασιιίζουσι
946 1730 998 1797 καί
1022 1732 1265 1812 τεταραγμένοις
1288 1729 1378 1809 ἐβοή-

186 1837 269 1912 bers.
315 1832 412 1904 Codri.
447 1832 539 1907 nio.
571 1840 688 1904 νοσοῦσι
720 1836 772 1904 καί
809 1836 990 1918 ςασιοίζουσι
1025 1837 1077 1902 καί
1113 1834 1376 1918 τεταραγμένοις,

184 1949 219 2010 et
254 1962 286 2027 p.
316 1945 396 2016 tat,
434 1947 461 2006 t.
493 1941 618 2016 inalbabo
648 1941 680 2006 δέ
713 1946 786 2024 πρὸς
818 1947 979 2016 νοσοῦντας
1011 1945 1041 2008 έν
1071 1943 1177 2016 αὑτοῖς
1206 1942 1378 2026 προσπέσρ,

186 2045 283 2114 told.
316 2045 352 2118 Α.
378 2054 412 2116 et
437 2045 458 2112 S
482 2053 642 2124 νοσοῦντας
668 2049 698 2112 έν
720 2049 824 2122 αὐτοῖς
848 2052 900 2117 καί
924 2049 1178 2142 τεταραγμένους
1202 2047 1378 2132 προσπέσρ,

189 2153 241 2225 ubi
263 2151 528 2238 interpolatorum
555 2173 670 2220 manus
689 2157 896 2239 agnoscitur,
921 2164 955 2220 ut
979 2161 1024 2219 tot
1044 2153 1232 2231 allisionis,
1258 2153 1311 2219 ubi
1332 2161 1376 2220 ta·

189 2278 262 2325 meu
287 2258 408 2328 nemini
433 2257 610 2345 quidquam
635 2259 768 2328 subolet.
794 2281 825 2347 p.
846 2265 905 2332 bb.
930 2263 984 2326 28.
1007 2279 1143 2346 magnus
1163 2269 1270 2325 orator
1289 2258 1374 2328 dixe·

188 2371 240 2438 rat
270 2365 308 2434 -αί
341 2364 407 2446 γὰρ
442 2362 605 2445 εὐπραξίαι
638 2365 731 2431 δειναὶ
763 2365 942 2447 συγκρύψαι
971 2367 1014 2435 τοὶ
1046 2368 1165 2436 τοιαῦτ’
1200 2365 1306 2441 ὀνείδη.
1343 2365 1376 2432 in

188 2469 264 2537 col.
299 2469 332 2538 b.
364 2471 530 2541 annotatio
560 2478 607 2536 est
638 2472 669 2536 in
696 2491 800 2556 rrsarg.
826 2471 1175 2558 ulyssiponensae
1200 2472 1377 2536 συσκιάσαι.

187 2576 225 2644 ln
254 2577 394 2644 caeteris
425 2575 574 2646 unlnibus
604 2576 724 2662 legitur
747 2576 840 2644 δειναί
865 2577 1043 2659 συγκρύψαι
1068 2577 1121 2642 καί
1145 2575 1312 2644 συσκιοίσαι
1334 2577 1379 2643 τοὶ

188 2687 321 2756 τοιαῦτα
343 2681 457 2761 lorber,
481 2693 706 2768 praeterquam
733 2683 764 2748 in
786 2681 808 2750 S
828 2691 859 2748 et
881 2681 923 2761 F,
948 2684 1000 2748 obi
1022 2693 1129 2750 tannen
1151 2683 1291 2750 metanda
1312 2701 1377 2750 ma·

189 2809 251 2856 nus
274 2785 441 2854 συσκιοίσαι
465 2786 657 2874 adscriptum
681 2787 741 2856 bon
766 2788 867 2873 igilur
888 2788 1045 2854 emblema
1070 2789 1119 2856 ἐπ’
1142 2787 1307 2870 αὐτοφώρῳ
1331 2797 1378 2854 te-

188 2914 315 2969 netnus.
351 2893 445 2966 -Num
480 2893 587 2960 rninus
620 2893 787 2962 marrilesta
814 2893 892 2960 baec
915 2893 1082 2960 ridentur:
1109 2899 1168 2969 20,
1194 2899 1247 2960 28.
1272 2895 1378 2978 μικρὸν

187 3009 341 3080 πταῖσμα
371 2998 488 3070 ἅπαντ’
520 3001 702 3082 οίνεχαίτισε
734 2999 802 3087 [καί
824 2999 980 3088 belluam,
1010 2999 1142 3068 verbum
1168 3019 1242 3068 acre
1266 3009 1298 3066 et
1323 3021 1377 3068 te·

189 3107 324 3181 bernens
353 3115 387 3174 et
417 3105 583 3193 splendida
615 3106 804 3194 metaphora
835 3115 1000 3194 tanlquam
1033 3107 1117 3174 nube
1143 3106 1378 3174 obscuratura

190 3209 343 3300 languido
373 3221 405 3280 et
435 3211 575 3299 insipido
605 3212 701 3282 verbo
732 3213 863 3284 διέλυσε.
913 3213 980 3280 Non
1011 3211 1127 3300 legisse
1158 3215 1188 3280 in
1214 3234 1273 3278 sno
1297 3212 1379 3280 libro

191 3319 462 3390 llensuoatsronsn
495 3320 575 3386 satis
607 3330 738 3406 apparet
769 3319 854 3407 apud
878 3323 985 3407 ipsum
1011 3323 1043 3388 in
1070 3341 1097 3386 v.
1122 3320 1323 3404 ἀνεχαίτισεν
1340 3322 1378 3399 ¹).

189 3424 290 3498 botro
320 3425 418 3494 etiarn
451 3426 543 3511 peius
577 3423 722 3493 Oratoris
748 3427 843 3492 verba
868 3425 1058 3511 interpolata
1084 3434 1160 3493 sunt
1185 3448 1212 3512 p.
1240 3429 1300 3506 21,
1326 3429 1378 3492 20.

187 3529 278 3607 ν’ίπας
309 3531 367 3614 μέν
397 3529 489 3610 otyor
514 3530 553 3598 διν
577 3533 644 3616 sinti
669 3538 713 3600 rol
736 3533 919 3614 προίγματα
942 3532 1077 3616 μσίταιίν
1099 3558 1129 3600 τι
1154 3533 1302 3615 φαίνεται
1326 3532 1378 3598 καί

189 3636 294 3714 ιιενίν,
322 3636 448 3718 μοίλισα
480 3638 505 3704 δ’
536 3639 550 3704 ί
580 3639 667 3721 παρὰ
694 3648 752 3715 τῆς
784 3639 936 3720 ἡμετέρας
967 3637 1102 3711 πόλεως·
1134 3635 1192 3720 ίσῳ
1220 3638 1282 3722 γδιρ
1307 3639 1380 3704 ἕτοι-

193 3743 306 3822 μίτατ’
338 3745 421 3825 αὐτῷ
455 3743 599 3823 δοκοῦμεν
629 3745 763 3826 χρῆσθαι
791 3744 922 3828 τοσούτῳ
946 3749 1070 3824 μᾶλλον
1096 3745 1241 3815 οέπιςοῦσι
1265 3743 1381 3818 ποίντες

194 3849 297 3932 αὐτῷ,
319 3851 459 3937 pessime
482 3859 514 3917 et
535 3849 658 3917 sotoooe
682 3851 858 3936 composita
882 3859 959 3918 sunt
983 3849 1040 3936 δσῳ
1065 3852 1254 3932 έποιμδτατα
1272 3891 1318 3903 -
1334 3876 1382 3918 το·

229 4096 255 4157 1)
273 4093 304 4144 In
321 4093 413 4143 talibus
428 4091 537 4140 multum
554 4091 636 4141 estin
654 4090 890 4143 Hessocsnmons
906 4090 1039 4155 praesidii,
1061 4093 1104 4158 qui
1122 4108 1259 4160 numquam
1274 4095 1383 4159 scripsis-

192 4183 231 4231 rat
244 4171 647 4243 Πρυτανείοντα-δντέ
665 4171 715 4221 τοῦ
736 4170 912 4237 διοικοῦντα,
929 4174 950 4222 si
968 4175 995 4226 in
1014 4190 1059 4226 suo
1077 4175 1267 4228 Deuosrnnnn
1283 4177 1384 4242 legisset

194 4274 218 4322 p.
243 4263 290 4320 58,
316 4264 344 4309 ts
370 4256 493 4306 κατιδὼν
517 4256 552 4304 τὰ
569 4258 633 4322 παρ’
653 4255 728 4315 δρῦν
745 4254 934 4323 [διοικοῦντα]
953 4254 1081 4323 Φιλίππῳ
1094 4257 1177 4324 [καί]
1194 4257 1386 4326 πρυτανεύον-

195 4355 246 4402 τα,
271 4357 330 4392 nsm
353 4341 421 4391 huno
443 4341 525 4406 ipsum
549 4341 632 4390 locum
655 4339 761 4389 indicat:
786 4353 867 4402 nsque
890 4336 1079 4392 Πολιτιίαι
1104 4340 1182 4400 ἰδίοις
1204 4341 1323 4392 εἰώθασι
1345 4341 1382 4409 τῷ

194 4421 311 4485 δνδματο
328 4423 454 4491 χρῆσθαι
472 4422 498 4472 οἶ
514 4420 627 4490 ῥήτορες
644 4417 693 4470 tut
716 4423 767 4485 τῆς
783 4419 987 4490 δημοκρατίας,
1004 4425 1026 4476 si
1043 4427 1144 4490 legisset
1159 4441 1183 4489 p.
1203 4431 1262 4486 100,
1283 4432 1321 4476 13.
1339 4424 1382 4491 έχ·
1430 4409 1432 4414 ’

155 4537 161 4546 ·
197 4507 270 4575 θοὸν
286 4509 336 4570 τῆς
351 4503 498 4568 nouvelle
512 4503 577 4572 [καί
595 4507 644 4570 τῆς
663 4501 882 4572 διμοιρασίαι]ι
899 4520 964 4570 unse
978 4505 1092 4562 sumtus
1099 4509 1228 4572 descripsit
1241 4523 1265 4574 p.
1279 4513 1332 4568 1³⁵,
1344 4512 1382 4558 ts.

1192 4609 1204 4636 Ο
