3136 4966
659 374 730 446 638

245 567 284 646 de
308 570 340 638 δὲ
363 573 417 639 scd
442 572 514 644 ὂςέοι
539 577 608 640 νῶϊν
632 571 692 651 epi
716 569 798 654 σορὸς
822 567 1077 654 sponsarum.

244 677 387 766 [χρύσεος
410 679 610 764 ἀμφιφορεὺς
633 676 685 745 τόν
708 700 755 743 τοι
776 674 848 757 πόρε
873 673 988 743 alwio
1007 674 1133 764 μήτηρ]

117 783 182 851 eius
213 785 245 850 in
277 784 445 852 Aeschinis
476 783 647 852 Codicibus
678 781 802 850 nullum
835 791 884 850 est
914 781 946 850 h.
972 780 993 848 l.
1020 781 1210 868 vestigium,
1242 776 1297 846 sed

118 888 324 978 interpolatus
348 890 406 958 est¹
421 892 455 957 in
480 891 520 956 iis
544 892 601 979 qui
625 888 834 978 praecedunt.

159 1001 410 1065 hub&

250 1104 354 1182 νήπιος
377 1107 431 1171 οὐκ
453 1102 561 1171 ἐθέλον
584 1104 671 1186 epp’
693 1097 902 1184 οὶςροιγοέλοιτι
925 1099 1094 1185 χολωθείς,

118 1206 228 1297 duplex
258 1209 335 1276 olim
367 1207 533 1277 terebatur
555 1210 719 1296 scriptura
741 1216 774 1274 ot
797 1205 927 1294 vulgata
950 1216 982 1275 et
1006 1208 1093 1292 ἄμφ’
1115 1205 1300 1292 deperean-

118 1339 160 1382 οον
182 1316 316 1399 εριοσοις.
362 1313 493 1382 Codices
526 1314 695 1382 Aeschinis
728 1313 890 1400 vulgatam
915 1321 1062 1392 servant,
1093 1312 1173 1378 mibi
1198 1313 1301 1379 multo

118 1423 217 1509 potior
239 1431 272 1489 et
296 1441 397 1509 puero
426 1422 668 1489 convenientior
695 1420 796 1489 altera
821 1419 949 1486 videtur
971 1421 1058 1504 epp*
1082 1419 1300 1502 οὲςρογοὶιροιν

118 1529 256 1610 ipimus,
289 1525 343 1594 sed
376 1526 532 1616 quidquid
564 1527 661 1605 buius
692 1528 738 1593 rei
769 1535 836 1606 est,
867 1525 926 1592 boc
955 1534 1043 1593 certe
1067 1525 1146 1592 mibi
1169 1523 1302 1593 dabitur

118 1635 148 1700 in
172 1633 308 1702 Scholids
333 1632 463 1700 Venetis·
487 1633 527 1700 ad
551 1633 640 1702 iliad.
665 1645 708 1702 Ψ.
734 1637 777 1700 86
802 1652 859 1721 pro
883 1629 920 1707 dr
944 1637 1038 1718 φησιν
1061 1630 1261 1716 Ἀλέξανδρος
1286 1633 1301 1699 d

118 1743 251 1816 Αἰτωλὸς
275 1741 305 1807 dv
327 1741 627 1826 dspotopreoeic
651 1739 887 1808 emendandum
912 1759 982 1806 esse
1003 1741 1249 1821 depercursorem

159 1847 265 1916 Etiam
297 1865 384 1913 ntvnc
417 1845 519 1914 multa
549 1845 634 1935 apud
670 1847 845 1914 Homerum
877 1846 989 1912 vitiata
1012 1844 1300 1914 circumieruntur.

118 1952 152 2020 ln
178 1954 298 2022 vicinia
321 1951 413 2020 video
435 1963 479 2022 Ψ.
506 1958 559 2020 71.
961 2018 964 2023 .

272 2057 373 2126 tems
398 2083 440 2140 με
463 2055 529 2126 ὅττι
552 2058 677 2141 τοὶχιςοι
699 2059 804 2134 τύλος
828 2060 920 2129 eraso
943 2060 1072 2143 περήσω.

161 2167 361 2234 dnnotatur:
394 2165 532 2243 ἧδιπιῆ
563 2161 610 2233 ὅτι
639 2165 741 2234 λείπει
771 2167 807 2233 τι
837 2163 899 2233 ivn
932 2165 949 2242 d
982 2161 1095 2240 ὅπως.
1144 2165 1192 2234 dn
1224 2164 1301 2234 baec

117 2271 215 2358 igitur
246 2271 353 2339 omitti
385 2271 539 2360 possuntt
576 2292 639 2359 qua
669 2271 760 2358 lege?
797 2291 860 2358 quo
883 2268 1048 2358 exemplo?
1085 2271 1127 2337 Et
1150 2273 1303 2338 immanis

118 2376 222 2446 hiatus
254 2387 303 2446 est
334 2376 435 2446 νάπτε
464 2403 506 2458 με
530 2374 596 2445 ὅττι
618 2377 756 2462 τοὶχιεο.
803 2376 891 2446 Nihil
916 2378 1077 2464 supererit
1095 2375 1302 2446 'difficultatis

117 2485 148 2552 in
172 2484 230 2552 bac
255 2483 436 2571 scriptura:
842 2485 845 2490 ’

296 2587 397 2656 dolare
419 2591 455 2669 ρι’
478 2585 559 2665 ὅπως
582 2591 678 2661 darec
700 2590 804 2664 πύλοος
827 2590 918 2658 didere
940 2589 1073 2674 περιὶοοι.

118 2704 152 2763 ut
173 2694 261 2786 apud
285 2694 502 2781 Theognidem
527 2705 576 2763 est
599 2694 759 2788 celebrato
781 2695 870 2764 loco:

273 2800 397 2870 aduror
420 2803 477 2883 μὲν
501 2803 546 2884 pl
568 2808 665 2888 Φῦνοοι
689 2801 900 2886 ἕπιχιονίοιοιν
923 2801 1042 2888 dipteri,

275 2907 381 2994 Φύντοι
404 2911 431 2978 δ’
456 2906 536 2986 ὅπως
559 2911 655 2983 dureo
681 2910 785 2986 πόλος
810 2910 900 2978 didono
923 2917 1065 2993 erepsisset.

119 3012 171 3081 sed
195 3013 374 3082 cavendum
401 3035 441 3084 ue
465 3036 515 3082 nne
539 3017 695 3084 carminis
719 3016 881 3084 Homerici
905 3013 1040 3083 dulcedo
1063 3023 1096 3084 et
1120 3015 1262 3084 suavitas
1286 3037 1304 3082 a

123 3119 305 3188 Timnrolvco
326 3120 504 3189 abstrahat.
552 3123 665 3210 ltaque
689 3121 764 3189 illuc
790 3122 896 3191 redeo.

161 3229 196 3293 In
222 3230 241 3315 ς
264 3231 341 3295 150.
365 3230 405 3303 εἰς
428 3228 527 3296 τοίνυν
551 3226 620 3326 ἐξῆν
643 3228 683 3296 ἂν
706 3231 790 3312 αὐτῷ
813 3231 942 3306 rudium
964 3227 1162 3297 maledocti
1183 3229 1307 3316 aliquot

120 3329 210 3400 libris
230 3341 397 3421 receptum
420 3333 529 3414 video,
553 3334 637 3421 quod
658 3353 835 3422 numquam
856 3336 889 3400 in
912 3335 969 3402 tali
990 3355 1025 3404 re
1046 3335 1142 3404 uerbo
1162 3335 1232 3414 ἐξῆν
1251 3334 1305 3402 ad·

120 3435 217 3507 ditur.
258 3439 470 3527 „Quicumque
502 3439 620 3507 multos
650 3439 749 3507 libros
778 3439 852 3507 llss.
877 3448 932 3506 aut
958 3441 1026 3528 ipse
1050 3443 1227 3508 versaverit
1250 3449 1308 3508 ant

120 3541 274 3613 lectiones
296 3565 334 3614 cx
360 3547 400 3612 iis
411 3555 579 3633 congestas
590 3545 763 3633 diligenter
774 3547 971 3624 excusserit,
995 3547 1165 3629 concedet,
1189 3547 1306 3629 credo,

121 3650 200 3719 mibi
232 3653 336 3719 nostri
364 3652 484 3740 ubique
516 3673 586 3721 csse
615 3652 742 3720 arbitrii
775 3651 919 3718 voculam
947 3651 987 3718 riv
1012 3672 1070 3741 pro
1093 3674 1128 3721 re
1152 3661 1227 3720 nata
1251 3662 1308 3721 aut

120 3755 238 3828 addere
270 3766 327 3825 aut
352 3756 460 3827 delore
482 3767 539 3826 ant
562 3767 788 3848 transponere,
816 3759 891 3846 quia
916 3757 994 3824 locis
1019 3757 1307 3827 innumerabilibus

121 3872 176 3930 aut
201 3862 284 3931 male
307 3865 458 3932 omissam
484 3873 540 3933 aut
564 3884 713 3952 perverse
737 3864 894 3931 adiectam
920 3873 977 3930 aut
996 3863 1099 3931 aliena
1120 3864 1195 3932 sede
1215 3863 1309 3931 collo·

122 3979 226 4037 catam
258 3968 343 4058 apud
375 3991 487 4040 omnes
514 3971 672 4039 videmus.
720 3969 817 4038 Paulo
840 3977 914 4038 ante
941 3973 958 4056 §
987 3975 1048 4037 145
1073 3990 1131 4059 pro
1153 3971 1309 4052 dndpvvrr

121 4075 217 4155 μηδὲν
239 4077 354 4144 τούτοιν
372 4077 500 4162 προέξειν
523 4079 555 4144 in
580 4097 634 4144 sex
659 4075 751 4144 libris
775 4087 824 4142 est
846 4077 942 4157 μηδὲν
964 4074 1003 4143 ἂν
1027 4079 1140 4145 τούτοιν
1163 4075 1310 4160 πράξειν,

122 4181 220 4269 quod'
239 4184 397 4270 recipient
426 4183 598 4272 aliquando
629 4182 683 4270 qui
707 4181 746 4249 ἄν
769 4202 843 4249 oum
876 4180 986 4250 lutuno
1016 4190 1160 4272 tempore
1190 4184 1310 4271 optime

123 4287 213 4376 iungi
233 4290 408 4378 opinantur
427 4299 459 4358 et
479 4291 592 4358 vitiosa
614 4309 651 4358 oc
671 4289 757 4357 lutili
777 4288 957 4355 subtilitate
976 4289 1134 4376 pessimas
1158 4288 1311 4357 lectiones

123 4391 307 4475 vindicant,
330 4415 469 4484 quorum
489 4397 631 4486 orprrtior
650 4398 771 4466 acriter
788 4394 1009 4464 confutantem
1030 4394 1225 4484 Madvigium
1249 4395 1312 4461 im·

123 4517 221 4586 pense
244 4501 356 4590 probo.
460 4503 463 4509 ’
1161 4501 1163 4506 ’
