3204 4978
830 385 899 458 348

269 579 354 669 apud
380 579 559 647 ursianam
590 579 675 646 κατα
708 578 930 658 Δημοοόένονι.
966 579 1059 664 §tr
1080 574 1260 657 ’ἐδωροδόκει
1290 577 1348 656 μὲν
1368 575 1466 660 [xpri
1570 635 1571 664 3

269 710 361 767 ματα
384 684 575 772 λαμβόνων]
600 687 686 768 ταροὶ
711 687 876 752 Φιλῖιιτον.
927 685 1046 770 Ecquis
1077 686 1162 748 scrin
1192 681 1294 747 credit
1321 679 1398 746 hacc
1422 679 1469 744 ab

270 794 339 876 ipso
364 789 497 858 Oratore
518 791 647 858 addita?
673 793 769 859 etiam
794 791 846 856 iri
870 793 1030 872 χρήμασιν
1053 799 1101 856 est
1129 788 1272 855 abiectae
1296 785 1468 854 Graecita-

273 897 314 962 tis
338 916 397 984 pro
418 900 578 978 χρήμασιν
601 906 635 964 ut
653 899 704 964 tort
724 899 830 980 πολλῷ
851 898 988 964 ὠνεΐοόοιι
1010 899 1201 982 prometto&
1221 903 1253 960 et
1278 894 1353 958 sim.
1400 889 1466 958 Sed

272 1022 352 1089 opus
372 1012 441 1068 erat
460 1003 642 1070 istiusmodi
657 1006 944 1090 interpretamento
963 1003 1019 1080 iis,
1042 1002 1160 1089 quibus
1180 1000 1350 1081 δωροδοκεῖν
1364 999 1468 1084 signi·

273 1107 389 1174 ucabat
415 1107 467 1175 iri
491 1109 634 1191 χρήματι
658 1110 840 1193 διαφθείρειν
866 1091 913 1176 ¹vei
942 1108 1100 1191 χρήματα
1122 1105 1244 1174 διδόναι.
1293 1105 1469 1191 Sequiores

274 1213 486 1281 Grammatici
509 1217 685 1302 opinantur
707 1217 742 1281 τό
766 1216 934 1296 δωροδοκεῖν
959 1223 1131 1300 utramque
1154 1213 1219 1278 vim
1239 1211 1357 1278 habere
1378 1209 1467 1296 apud

275 1319 424 1399 Veteres,
449 1327 485 1385 ut
509 1321 622 1387 citrei
654 1321 832 1401 λαμβάνειν
858 1320 906 1387 vet
934 1317 1046 1385 διδόναι
1071 1321 1239 1402 χρήματα.
1286 1317 1355 1384 Νοιι
1379 1323 1469 1383 esset

274 1426 547 1514 operaepretium
573 1427 693 1494 Graece
725 1427 849 1495 discere
872 1427 900 1493 si
921 1427 964 1492 ita
983 1426 1096 1493 Graeci
1119 1423 1256 1492 iuis-sent
1273 1423 1388 1490 incuti:
1407 1418 1469 1488 scd

274 1530 352 1598 haec
376 1548 503 1617 quoque
526 1542 603 1599 sunt
635 1553 806 1619 aegrorum
839 1542 871 1599 et
895 1530 1099 1598 indoctorum
1124 1530 1293 1598 insomnia.
1341 1527 1470 1596 Nititur

274 1635 414 1704 mirifica
446 1635 523 1703 iraec
555 1637 702 1704 doctrina
737 1659 801 1704 unc
833 1639 900 1705 ioco
936 1638 1144 1704 Druosrurrns
1177 1655 1278 1723 coque
1313 1642 1471 1722 corrupto

204 1803 210 1814 ,
276 1763 304 1831 p.
332 1747 412 1820 122,
440 1747 492 1809 ut.
516 1743 663 1828 ἐκόλαζον
686 1745 713 1811 δ’
737 1744 814 1812 οὕτω
844 1745 897 1812 καὶ
925 1745 1122 1825 ἐτιμωροῦντο
1150 1740 1201 1816 οῦς
1231 1742 1470 1824 δωροδοκοῦντας

242 1839 245 1844 ’
274 1847 423 1916 αόοόοιιτο
453 1847 512 1920 iias
541 1851 594 1916 κα)
624 1852 756 1927 satiras
787 1859 899 1928 ποιεῖν,
937 1850 989 1916 ubi
1025 1849 1259 1931 δωροδοκοῦντας
1295 1845 1471 1913 utaniiestu

276 1955 439 2040 significat
468 1955 538 2028 τοὺς
569 1955 817 2038 διαφθείροντας,
847 1957 901 2023 sed
930 1957 1132 2042 adscriptum
1164 1975 1235 2022 essc
1267 1953 1471 2020 aGraecuio

278 2081 341 2147 quo
372 2070 517 2148 tempore
540 2062 708 2143 δωροδοκεῖν
738 2061 821 2128 hanc
855 2063 918 2128 vim
951 2060 1106 2136 habebat.
1143 2079 1230 2127 nunc
1265 2068 1391 2124 constat
1429 2079 1471 2126 cx

276 2167 397 2252 optimo
422 2165 592 2244 Codices,
610 2169 665 2255 qui
690 2169 776 2234 istud
797 2186 924 2255 quoquc
948 2163 1105 2234 emblema
1130 2164 1263 2233 sustulit
1284 2185 1380 2232 unus.
1419 2163 1469 2230 Ad

276 2270 354 2338 hacc
379 2273 452 2361 quis
472 2293 566 2359 aegre
590 2273 669 2340 ieret
691 2274 717 2340 si
738 2273 867 2341 dicentii
890 2275 1113 2360 nragistros,et
1131 2271 1244 2350 λέξεων
1262 2271 1469 2338 consarcina-

277 2387 362 2446 tores
386 2389 594 2447 contemnere
623 2400 674 2447 mc
706 2379 835 2457 dixero,
866 2400 945 2467 quos
978 2381 1057 2446 istas
1082 2379 1218 2466 ineptias
1243 2397 1358 2462 magna
1391 2397 1469 2444 cum

275 2487 434 2571 gravitate
460 2486 583 2553 viteam
609 2485 761 2554 docentes
784 2496 816 2554 et
842 2485 1073 2552 absurdissima
1100 2505 1245 2572 quaeque
1266 2485 1351 2550 uitro
1369 2503 1469 2571 appe·

277 2599 381 2660 tentes
400 2600 456 2658 aut
477 2593 516 2659 de
539 2613 597 2658 suo
619 2593 795 2679 fingentes?
833 2591 915 2660 tuti
940 2611 1026 2659 nunc
1054 2611 1165 2657 eorum
1184 2591 1466 2674 ψευδομαρτυρίοις.

277 2698 447 2766 Hssrcutus
471 2698 643 2781 iconiensi:
668 2700 768 2767 δι’δωοι
792 2699 871 2779 δῶρα
894 2708 926 2766 et
949 2700 1127 2781 δωροδοκίαι
1161 2697 1197 2764 τό
1220 2697 1335 2776 λαβεῖν
1359 2699 1376 2774 ἢ
1400 2697 1470 2764 δοῦ-

276 2828 324 2871 ναι
360 2805 449 2888 δοῦρα.
500 2808 660 2873 turonus
696 2805 871 2887 δωροδοκόαε
906 2806 925 2885 ἦ
958 2829 994 2872 τε
1028 2803 1110 2879 δόσις
1142 2810 1201 2870 τῦι
1231 2805 1326 2886 δώρων
1362 2803 1415 2869 καὶ
1452 2805 1469 2880 ἡ

275 2915 382 2991 λῆψις.
441 2911 681 2979 Grammaticus
713 2911 848 2978 Berrcm
880 2911 997 2978 Anecri.
1031 2931 1061 2997 p.
1087 2913 1171 2987 atu,
1204 2915 1257 2976 55.
1294 2909 1469 2992 δωροδόκοιι

275 3017 329 3083 καὶ
363 3017 378 3082 ό
409 3017 504 3090 διδοὺς
539 3019 592 3084 καὶ
625 3019 639 3084 ό
671 3015 863 3097 λαμβάνων,
887 3037 970 3103 quae
1002 3015 1136 3082 totidem
1174 3015 1280 3082 verbis
1312 3014 1469 3096 leguntur

276 3120 362 3208 apud
396 3122 602 3190 Erruncccuu
635 3124 778 3190 Mtcnuu.
827 3123 962 3190 Truncus
993 3122 1165 3205 δωροδόκων
1201 3121 1254 3186 καὶ
1286 3123 1312 3187 ci
1335 3119 1469 3194 διδόντες

277 3228 356 3308 δῶρα
380 3229 433 3294 καὶ
460 3231 486 3296 οἱ
509 3229 738 3308 λαμβόνοιτες.
788 3228 893 3296 Schui.
918 3233 1021 3296 itmsr.
1055 3228 1093 3294 ud
1120 3227 1201 3316 qu.
1229 3249 1275 3294 vs.
1301 3233 1355 3295 66.
1380 3228 1468 3311 δωρο-

277 3334 375 3402 δοκεῖς
407 3334 484 3415 δῶρα
515 3334 687 3416 λαμβάνει.
720 3336 838 3402 τόόεται
868 3336 899 3402 δὲ
933 3337 950 3412 ἡ
981 3333 1065 3411 λέξις
1089 3334 1142 3401 καὶ
1166 3335 1217 3401 tot
1241 3339 1294 3402 τοῦ
1318 3335 1468 3414 διδόντος,

277 3450 310 3508 et
334 3459 380 3506 ts.
401 3445 479 3508 834.
505 3441 689 3524 torneiensis:
722 3445 755 3508 οῦ
779 3441 869 3521 μόνον
891 3443 927 3508 τό
951 3443 1029 3525 δῶρα
1060 3439 1172 3507 διδόναι
1195 3443 1284 3508 οὶλλοδ
1307 3442 1360 3508 καὶ
1382 3457 1471 3522 λαμ-

276 3547 394 3628 βόνειν.
443 3547 501 3614 isti
533 3567 644 3616 ornnes
676 3550 829 3615 nituntur
861 3569 924 3614 uno
956 3547 1025 3614 ioco
1051 3549 1278 3628 Democriteum,
1303 3567 1398 3635 quem
1424 3547 1472 3615 di·

278 3665 362 3724 serte
383 3654 493 3722 iaudat
518 3653 696 3720 Scholiasta
722 3654 871 3720 Pmrcrus
894 3653 934 3720 ad
961 3655 1060 3720 Ateio.
1094 3655 1135 3721 ii.
1161 3657 1343 3740 p.1t2t.‚
1368 3663 1401 3722 et
1423 3656 1471 3722 sic

279 3760 356 3828 haec
381 3761 541 3828 malesana
571 3759 717 3826 doctrina
745 3781 920 3847 numquam
944 3758 1077 3827 conveiii
1105 3761 1278 3848 potuisset,
1304 3761 1365 3827 nisi
1384 3779 1471 3828 unus

277 3865 359 3932 iiber
382 3867 519 3932 caeteris
543 3867 693 3934 omnibus
718 3866 829 3933 melior
854 3869 1106 3954 inexspectatam
1130 3887 1221 3954 opem
1245 3867 1386 3935 tuiissct:
1407 3887 1471 3954 quc

278 3972 407 4038 cautius
427 3981 554 4040 caetera
574 3972 745 4040 tractanda
765 3982 842 4039 sunt
862 3991 944 4059 quae
965 3980 1078 4059 suopte
1099 3975 1228 4060 ingenio
1243 3973 1472 4041 absurdasunt

278 4075 333 4144 sed
358 4077 569 4164 antiquitatis
593 4099 688 4145 caeca
713 4079 919 4146 veneratione
943 4078 1111 4157 inventur,
1137 4081 1212 4166 quia
1235 4080 1339 4146 doctor
1359 4078 1468 4145 Gram-

278 4182 415 4250 maticos
438 4191 587 4250 auctores
612 4183 731 4252 habent
755 4183 879 4252 scilicet
903 4197 935 4251 ct
960 4193 1070 4252 testes.

326 4286 492 4354 tianiicsta
519 4298 648 4356 tenetur
670 4289 733 4356 alia
753 4289 843 4358 iraus
863 4291 1043 4358 scribarum
1065 4301 1095 4358 ct
1118 4291 1289 4359 sciolorum
1312 4313 1368 4359 sua
1396 4291 1470 4358 vitia

280 4394 444 4461 retectum
475 4393 694 4463 attrtoammm
720 4398 751 4462 in
779 4397 849 4463 icco
882 4397 1019 4464 Drcnrsn
1050 4397 1170 4477 iiiuc,
1200 4418 1296 4485 quern
1329 4399 1468 4466 Drnnonr.

282 4497 439 4567 indicavit
464 4498 519 4565 Π.
541 4505 594 4568 tt.
620 4499 674 4568 utri
698 4501 807 4569 πολλοὶ
832 4503 863 4568 δὲ
891 4503 943 4570 καὶ
967 4503 1109 4586 χρήματι
1133 4505 1376 4586 taruanninse
1400 4503 1471 4573 ede·
