3204 4978
819 329 889 402 368

263 522 309 592 iix
343 523 497 590 Vaticano
522 521 639 590 codiee
663 519 765 590 edidit
790 521 885 589 uum
911 523 942 588 in
976 521 1055 592 nat.
1080 513 1198 608 Αειυμ
1216 543 1247 609 p.
1276 529 1350 590 154.
1375 526 1401 590 οἰ
1426 523 1457 591 δὲ

262 630 363 698 παύου
386 630 431 709 μὴ
455 633 540 696 ποιοῦ
563 637 681 713 μῆτερ,
707 628 792 694 unde
817 629 928 696 malim
952 627 1038 717 apud
1064 629 1198 696 Bianruu
1223 629 1349 716 tegere:

468 737 502 802 τὸ
528 735 606 818 ζῷον.
659 737 699 801 Oi
722 736 754 801 δὲ
777 741 862 802 παῦε
885 737 930 815 μίι
954 736 1061 819 παύου,
1086 745 1194 818 μῆτερ.

263 851 299 910 ut
322 862 416 929 saepe
432 841 521 911 duos
545 843 732 930 spondeos'
724 863 756 908 m
782 850 928 908 extremo
949 841 1131 910 choiiambo
1155 861 1273 930 ponere
1300 841 1400 925 sniet,
1425 854 1458 913 et

262 954 288 1018 εἰ
311 955 452 1017 τοσοῦτον
476 945 510 1025 ἦν
533 949 614 1033 tyna
640 969 697 1036 pru
719 954 862 1016 τοιοῦτον.

306 1059 353 1124 dd
387 1077 455 1143 pag.
492 1060 570 1122 266
626 1055 929 1134 Καταλαμβάνομαι
982 1077 1040 1144 pru
1075 1005 1336 1136 καταλαμβάνω,
1372 1057 1457 1143 quud

261 1165 346 1254 apud
380 1163 543 1252 aequiores
574 1183 686 1228 omnes
717 1183 812 1249 saepe
835 1161 975 1249 iegitur,
1007 1159 1091 1248 apud
1125 1172 1249 1228 veteres
1282 1162 1457 1230 barbarum

260 1282 318 1340 est.
367 1274 479 1362 itaque
503 1271 618 1335 vitium
640 1269 697 1335 aiit
724 1269 906 1335 iieaouorus
940 1268 975 1336 V.
1001 1276 1042 1336 55
1067 1269 1110 1335 τά
1135 1269 1166 1334 δὲ
1190 1267 1282 1336 ἄλλοι
1306 1272 1340 1335 οὐ
1364 1293 1458 1336 κατε-

259 1381 396 1462 λάβοντο
427 1377 540 1446 τούτων
571 1376 693 1457 μνιίμνν
726 1379 911 1454 ποιήσομαι,
945 1377 1115 1462 expunctis
1145 1373 1270 1442 duabus
1304 1375 1458 1444 litterulis

262 1488 343 1554 maie
370 1485 515 1573 repetitis
540 1483 607 1570 iege
632 1483 822 1562 κατέλαβον.
1003 1527 1006 1534 ,

307 1593 354 1660 nd
382 1613 451 1680 pag.
480 1587 558 1659 273.
606 1589 710 1654 Locus
742 1589 927 1654 Tuucrnmrs
958 1588 1045 1655 vlit.
1084 1592 1147 1656 109
1180 1586 1261 1661 ύπυς
1284 1587 1456 1673 μέμψηται

260 1703 312 1768 καί
338 1703 396 1772 τοίς
421 1699 572 1777 διαβολὰς
597 1697 832 1774 ἀπολογήσεται
857 1693 1008 1760 secundis
1036 1696 1125 1759 euris
1153 1693 1231 1760 mihi
1257 1701 1457 1763 retractatus

260 1806 424 1872 meliorum
452 1803 690 1869 'correctionem
721 1800 864 1867 admittit
897 1800 996 1866 hane:
1023 1799 1075 1866 καί
1100 1801 1160 1873 τὰς
1183 1799 1339 1879 διαβολὰς
1363 1803 1456 1868 ἀπο

259 1913 448 1988 λύσεται,
483 1907 568 1995 quod
604 1907 738 1974 vernum
771 1909 803 1972 in
836 1905 896 1972 hae
930 1926 964 1973 re
998 1916 1121 1972 certam
1158 1904 1267 1973 sedern
1306 1905 1456 1975 habetet

261 2016 358 2106 (qarod
383 2035 451 2080 rem
484 2013 627 2102 confiuit)
660 2033 734 2080 eum
766 2015 990 2091 ἀπολογεῖσθαι
1020 2014 1149 2100 saepius
1185 2011 1356 2078 euniusum
1394 2023 1454 2081 est.

260 2123 404 2208 Purpura
434 2120 583 2198 crimina,
616 2119 737 2186 diluere
772 2119 898 2206 proprie
932 2119 1137 2190 ἀπολύεσθαι·
1156 2119 1215 2192 τοίς
1241 2119 1363 2196 αἰτίας,
1396 2120 1453 2193 τοὶς

259 2227 410 2309 διαβολάς
436 2227 574 2303 dicitur,
594 2234 650 2292 aui
670 2224 864 2311 simpliciter
888 2223 1094 2302 ἀπολύεσθαι,
1119 2227 1147 2290 si
1174 2245 1234 2291 nun
1261 2223 1347 2312 apud
1371 2223 1455 2291 iudi-

259 2355 312 2402 ees
338 2355 388 2401 res
412 2336 533 2419 agitur.
573 2334 719 2398 ‘suumn
747 2330 784 2396 V.
819 2337 859 2397 75
893 2332 945 2398 καί
970 2332 1026 2406 τὴν
1051 2331 1156 2396 αἰτίαν
1179 2331 1381 2398 ἀπολύσαντα
1404 2339 1452 2410 et,

259 2441 342 2529 quod
376 2441 467 2528 piane
505 2438 587 2504 idern
622 2447 689 2514 est,
724 2437 806 2503 viti.
840 2441 894 2508 87.
929 2436 1116 2516 βουλόμενος
1154 2439 1349 2505 ἀπολύεσθαι
1382 2439 1453 2519 πρὸς

258 2549 370 2620 αὐτοὺς
412 2547 470 2621 τοίς
506 2543 671 2624 διαβολάς.
727 2543 946 2610 lirunsrnrnrs
990 2544 1028 2609 de
1073 2543 1264 2610 iidodiorum
1310 2545 1454 2612 libertate

257 2677 287 2743 p.
316 2659 396 2731 191,
424 2657 465 2720 10
496 2651 697 2732 συμβήσεται
729 2650 791 2730 γάρ
823 2653 896 2729 ύμῖν
926 2650 985 2724 τοίς
1018 2650 1105 2732 παρά
1136 2653 1194 2716 τῶν
1219 2651 1453 2730 διαβαλλόντων

256 2761 312 2836 τὴν
350 2759 439 2826 πθλιν
482 2761 565 2835 ἡμῶν
617 2757 833 2839 βλασφημίας
876 2755 954 2837 ἔργῳ
996 2757 1226 2824 ἀπολύσασθαι.
1289 2757 1453 2824 [honustus

258 2868 365 2935 litum.
391 2865 429 2931 ΙΙ.
455 2869 498 2931 69
518 2873 581 2938 τοίς
606 2861 704 2944 ἔργοις
722 2864 916 2928 ἀπολύσεται
937 2863 995 2937 τάς
1019 2863 1182 2941 διαβολάς.
1212 2862 1264 2928 Vl.
1285 2867 1329 2929 59
1351 2863 1453 2943 ἀνάγ·

256 2999 311 3050 κιιν
334 2973 386 3054 ὁρῶ
420 2970 512 3047 κάμοί
543 2969 759 3036 ἀπολύσασθαι
792 2971 851 3044 τάς
883 2971 955 3035 κατ’
988 2971 1122 3047 ἐμαυτοῦ
1153 2968 1328 3048 διαβολάς,
1359 2978 1393 3035 et
1420 2969 1452 3033 iu

257 3079 319 3144 fine
352 3077 467 3162 eapitis
498 3077 558 3149 τοίς
591 3077 725 3154 θμαυποῦ
758 3075 912 3152 διαβολὰς
941 3075 1131 3155 ἀπολύομαι.
1186 3074 1336 3142 Graeculi
1364 3073 1450 3140 hune

258 3204 352 3251 usum
386 3201 446 3247 non
480 3183 700 3254 retinuerunt;
731 3182 840 3267 itaque
873 3181 982 3247 Sumus
1013 3201 1043 3246 v.
1078 3181 1287 3260 ἀπολυόμενος
1327 3183 1450 3247 Puumn

256 3291 379 3363 iocum,
401 3291 432 3353 in
455 3307 518 3376 quo
545 3297 594 3353 est
614 3287 822 3365 ἀπολούμενος
846 3289 905 3360 τοὶς
929 3281 1104 3368 διαβολιίς,Ι
1125 3288 1169 3352 ita
1194 3288 1451 3374 interpretatur,

256 3406 293 3463 ut
316 3393 403 3461 dieat
427 3414 495 3461 esse
519 3413 578 3480 pro
605 3394 943 3472 ὑπεραπολογούμενος.
994 3393 1074 3458 iiiuc
1099 3391 1220 3459 iactum
1252 3404 1319 3469 est,
1348 3404 1385 3460 ut
1418 3392 1451 3459 in

256 3503 410 3570 Veterum
441 3495 572 3585 seriptis
605 3502 827 3578 ἀπολογεῖσθαι
862 3521 918 3586 pro
942 3498 1132 3565 ἀπολύεσθαι
1161 3499 1245 3565 maie
1270 3501 1451 3586 irreperet,

256 3620 291 3677 ut
325 3607 410 3696 apud
445 3608 628 3672 iirnonorun
660 3605 745 3673 Viii.
780 3610 832 3672 59.
865 3607 878 3672 θ
908 3607 940 3672 δὲ
969 3605 1178 3684 ἀπολυύμενος
1208 3603 1292 3688 ἔφη,
1328 3608 1361 3671 in
1388 3624 1452 3671 uuo

254 3716 369 3782 Codice
395 3723 445 3781 est
466 3711 733 3792 ἀπολογούμενος,
766 3711 812 3777 εἰσ
842 3712 944 3797 igitur
975 3711 1142 3777 Tnucrnmr
1174 3709 1375 3777 reddendum
1400 3719 1453 3778 est

255 3819 335 3894 ὅπως
359 3821 525 3901 μέμψεται
550 3819 603 3885 καί
627 3818 687 3891 τοὶς
711 3817 864 3896 διαβολάς
888 3817 1096 3884 ἀπολύσεται.

300 3926 347 3992 Ad
372 3947 445 4013 pag.
472 3930 548 3992 274.
587 3925 633 3991 Ex
655 3925 713 3990 ime
736 3923 864 3990 dicendi
885 3944 1002 4010 genere
1022 3926 1158 4000 εἰσῆλθον
1176 3924 1218 3996 εἰς
1239 3925 1321 4002 ὑμᾶς
1342 3943 1450 3990 emen·

255 4031 380 4098 dandus
411 4040 461 4098 est
499 4041 530 4098 et
562 4030 771 4118 explicandus
805 4030 893 4096 iocus
928 4031 1011 4118 apud
1046 4034 1255 4097 Amsrorrurn
1291 4031 1322 4094 in
1366 4027 1452 4096 ute·

255 4139 361 4205 loricis
393 4137 447 4203 ill.
487 4142 519 4202 9.
551 4133 565 4202 θ
596 4140 639 4210 εἰς
669 4135 836 4204 Πειθύλαθν
865 4161 912 4211 τις
944 4133 1014 4203 εἶπε
1045 4138 1097 4203 καί
1131 4133 1316 4218 Λυκόφρονα
1345 4137 1376 4201 ἕν
1406 4139 1449 4201 τῶ

255 4243 434 4326 δικαςαοίῳ·
482 4239 576 4309 Ούτοι
617 4244 643 4309 δ’
684 4246 766 4323 ύμάς
800 4243 871 4309 οἰκον
908 4245 966 4324 μὲν
1004 4242 1087 4318 ύντες
1122 4242 1275 4319 ε’τοίλουν,
1311 4242 1450 4316 ἐλύθντες

254 4353 280 4417 δ’
305 4353 343 4424 εἰς
368 4353 452 4430 ύμάς
487 4349 647 4427 ἕθνννται,
681 4348 815 4417 emenda
845 4349 1031 4425 εἰσελθόντες
1064 4351 1090 4416 δ’
1114 4351 1157 4420 εἰς
1182 4349 1285 4428 ὑμᾶς,
1311 4348 1448 4414 odiosis-

254 4457 336 4524 sime
364 4454 518 4521 dicuntur
548 4463 581 4522 et
610 4454 842 4541 rempublicam
876 4459 979 4543 pretio
1012 4454 1214 4534 vendidisse,
1247 4462 1279 4522 et
1308 4455 1342 4520 ιἰι
1366 4454 1447 4520 iudi·
