3086 4974
691 345 761 418 485

128 537 184 607 tir.
234 538 423 608 consideret
451 540 532 608 mitri
554 538 632 627 qnid
656 538 699 605 sit
723 536 822 624 πρῴην
845 539 917 620 μέν,
942 547 974 606 et
997 537 1101 623 μικρὸν
1120 539 1146 606 θ’
1167 537 1318 621 ἐπισχών,

126 654 158 712 et
183 647 300 712 sentiet
326 646 448 712 breuem
473 667 596 714 moram
621 644 704 712 hanc
727 644 790 710 dici
814 644 939 712 dierum
966 645 1104 713 tortasse
1125 645 1246 732 aliquot
1264 649 1322 710 aut

129 752 340 840 pauculorum
376 755 558 834 mensium,
593 752 711 820 nedum
737 752 814 817 anni
840 753 971 839 integri.
1022 753 1193 818 Praeterea
1217 768 1319 836 quum

128 859 213 926 idem
239 859 333 926 homo
354 860 388 926 io
413 861 519 926 codem
547 860 733 948 nropistrotu
765 868 796 926 et
831 858 957 926 taudem
993 858 1105 926 tulisse
1129 857 1258 922 dicatur
1288 861 1321 920 et

127 964 233 1054 pautto
258 974 329 1052 post
348 964 522 1033 damnatus
551 985 644 1046 osse,
677 967 858 1031 necessario
882 966 1030 1052 sequitur
1054 973 1085 1032 et
1109 964 1263 1030 honorem
1287 966 1320 1026 ct

130 1091 264 1160 poenam
288 1072 373 1138 intra
397 1072 491 1138 nnirrr
514 1074 589 1138 anni
614 1079 739 1158 partem
761 1092 835 1138 cum
860 1073 1027 1140 meruisse.
1076 1071 1178 1153 Quam
1200 1067 1320 1134 ridicu·

131 1177 197 1244 turn
221 1185 271 1245 est
295 1177 396 1263 igitur
419 1187 570 1244 TTXON
595 1187 651 1244 Ae
675 1189 746 1245 ΚΑΙ
771 1181 802 1244 ἐν
825 1180 867 1261 τῷ
892 1181 975 1261 αὐτῷ
1000 1179 1147 1260 ἐνιαυτῷ,
1167 1175 1319 1262 quoniam

128 1305 251 1351 neccsse
272 1290 321 1350 est
345 1284 430 1348 intra
455 1285 553 1350 unius
578 1284 653 1350 anni
679 1286 820 1370 spatium
846 1284 879 1350 id
904 1286 948 1351 ita
973 1287 1126 1352 evenisse.

175 1391 212 1456 In
238 1395 256 1476 §
286 1396 335 1457 11.
368 1390 497 1456 κατιδὼν
527 1389 559 1456 δέ
590 1415 637 1464 τις
667 1396 774 1456 ταῦτα
802 1392 992 1480 [νομοθέτης]
1025 1393 1123 1468 τίθησι
1156 1387 1244 1468 νύμον
1268 1385 1321 1454 καθ

129 1497 224 1578 μύλα
248 1501 349 1568 καλῶς
371 1495 487 1577 ἔχοντα
514 1495 594 1582 [τὸν]
620 1497 776 1579 διαρρήδην
794 1499 1033 1580 οὶπαρορεύοντα
1051 1499 1121 1571 τοὺς
1142 1494 1320 1569 ὑπευθύνους

131 1603 176 1684 μη
197 1606 362 1686 caparam.
411 1602 539 1689 Optime
571 1601 729 1669 Weidner
765 1603 925 1684 νομοθέτης
957 1604 1084 1672 deterit.
1132 1599 1321 1688 Appellatur

132 1709 146 1775 i
167 1707 326 1788 νομοθέτης
344 1717 452 1775 auctor
472 1709 563 1796 lepis,
588 1709 603 1774 ύ
624 1709 683 1784 θεὶς
703 1712 754 1778 τὸν
772 1711 880 1791 νθμον,
906 1710 958 1777 ubi
977 1709 1015 1777 de
1032 1717 1115 1794 certo
1134 1707 1203 1794 iege
1215 1725 1321 1772 sermo

131 1821 190 1884 est.
239 1813 357 1881 uernae
380 1813 432 1880 τθν
455 1813 646 1894 detendunt,
671 1816 754 1904 quoti
780 1817 939 1884 sotoeenm
961 1824 1026 1884 est:
1054 1815 1176 1882 dicitur
1197 1816 1211 1880 θ
1232 1810 1320 1891 νθμος

131 1920 370 2003 θύπαγορεύινν
401 1929 435 1986 et
463 1920 550 2000 νύμος
574 1920 650 2012 (τις)
672 1923 882 2005 ύπαρορεύυν.
932 1923 1018 1990 Bono
1041 1920 1091 1988 lex
1114 1921 1251 1990 οὶττικιςθ
1274 1917 1321 1986 di·

132 2027 220 2094 eitur
243 2026 332 2105 νύμος
356 2032 461 2100 καλῶς
485 2023 583 2110 ἔχων,
607 2035 639 2094 et
662 2031 778 2116 optimo
802 2033 875 2119 (pro
892 2029 1062 2111 ποθγκιιλσς
1082 2037 1144 2098 λιιι
1158 2022 1320 2113 κύλλιτος)

130 2131 219 2213 νύμος
242 2141 315 2200 ΚΑΙ
339 2141 469 2200 Mena
492 2140 594 2207 καλῶς
618 2133 709 2216 έχων.

177 2237 258 2306 thid.
283 2243 300 2324 §
329 2244 379 2308 lt.
410 2237 525 2307 τούτοιν
551 2239 614 2323 μύρ
639 2242 748 2328 [τινες]
774 2247 832 2308 τῶν
855 2244 927 2318 τοὺς
951 2241 1128 2314 ὑπευθύνους
1152 2237 1321 2324 τεφανούν-

132 2369 191 2412 συν
207 2383 245 2395 -
260 2347 285 2411 ού
308 2345 482 2431 μὲνφύσει
510 2345 627 2429 μέτριοί
652 2347 771 2437 [εἰσιν],
799 2349 824 2414 εἰ
850 2347 886 2426 δή
910 2347 959 2422 τίς
983 2348 1029 2418 ἔτι
1052 2347 1173 2429 μέτριος
1196 2351 1255 2411 τῶν
1278 2345 1321 2411 τοὶ

133 2449 302 2533 παράνομα
332 2449 537 2536 γραφόντων,
561 2455 638 2520 αλλ’
665 2451 714 2522 σύν
737 2453 971 2535 προβύλλονταθ
993 2453 1034 2533 γέ
1057 2478 1086 2520 τι
1111 2453 1246 2536 πρὸτῆς
1271 2451 1321 2516 αἱ·

135 2556 263 2638 σχύνης.
309 2557 511 2626 Eiiciendum
538 2568 586 2627 est
608 2585 704 2640 τινες,
729 2561 805 2647 quia
828 2560 943 2627 τούτων
964 2561 1048 2626 -oi
1072 2561 1129 2639 μέν
1152 2557 1245 2644 φύσει
1265 2557 1320 2636 μέ-

134 2687 206 2746 τριοι
230 2665 377 2750 copulata
398 2673 484 2734 sunt.
535 2664 602 2734 Gur
622 2669 697 2735 εἰσιν
719 2666 968 2754 expungendum
990 2667 1032 2734 sit
1053 2665 1113 2732 loci
1133 2665 1323 2752 compositio

133 2767 236 2838 docet.
286 2771 414 2838 Poterat
432 2771 539 2840 dicere
562 2775 588 2840 οἱ
609 2774 665 2852 μέν
684 2773 777 2857 φύσει
795 2773 908 2856 μέτριοι
930 2771 1162 2855 προβάλλοντος
1181 2773 1256 2850 γοῦν
1271 2792 1317 2846 τι,

134 2876 187 2944 sed
209 2877 408 2959 ύττιαύτερον
430 2886 479 2944 est
501 2879 527 2944 oi
547 2878 662 2961 μέτριοι
682 2882 757 2946 ἀλλ’
774 2876 822 2947 σύν
842 2879 1078 2962 προβύλλονταθ
1096 2878 1135 2958 μέ
1155 2901 1204 2955 τι,
1220 2895 1322 2963 neque

135 2992 302 3070 propterca
336 2983 505 3050 vorborum
537 2988 737 3053 constructio
760 2994 922 3054 mutator:
953 2988 1062 3073 itaque
1096 2983 1203 3051 nuilus
1226 2981 1322 3050 verbo

134 3093 208 3158 εἰσιν
241 3091 329 3156 tocus
362 3100 519 3176 superest.
568 3089 783 3180 Opponuntur
806 3093 891 3160 inter
914 3112 948 3159 se
979 3094 1004 3158 ci
1028 3098 1124 3159 ΜΕΝ
1149 3090 1243 3175 φύσει
1267 3087 1323 3170 μέ·

134 3219 206 3280 τριοι
229 3198 304 3263 αλλ’
328 3193 377 3263 οὖν
401 3195 635 3279 προβάλλονταί
658 3199 696 3278 γέ
719 3224 749 3266 τι
773 3234 835 3277 -,
861 3201 875 3265 ὁ
900 3209 957 3266 ΔΘ
979 3204 1145 3282 Κτησιφῶν
1168 3199 1233 3264 ιιτὲ.
1275 3196 1322 3264 Si·

135 3302 222 3370 milis
250 3303 338 3368 iocus
370 3312 426 3369 est
457 3303 488 3370 in
521 3307 539 3388 §
565 3307 619 3371 86.
653 3305 723 3380 τοὺς
754 3307 810 3385 μέν
840 3305 974 3388 πρώτους
1004 3303 1128 3389 χρθνους
1150 3305 1236 3371 ἀλλ’
1260 3299 1323 3370 οὖν

133 3409 355 3492 προσεποιοῦνθ’
388 3409 459 3488 ύμῖν
492 3405 568 3476 εἶναι
600 3411 697 3494 φθλοι.
722 3420 754 3478 et
779 3413 811 3477 in
838 3416 855 3497 §
882 3417 957 3480 1257.
982 3412 1069 3480 ἄλλα
1097 3419 1168 3486 ταῖς
1192 3435 1232 3492 με
1253 3410 1321 3476 θια-

135 3517 226 3591 νοθαις
250 3515 458 3597 ἀποβλέψατ’
482 3517 583 3583 αὐτῶν
606 3519 648 3592 εἰς
672 3519 732 3592 τὰς
756 3516 931 3602 συμφοράς.

183 3623 265 3690 Tum
290 3623 322 3688 in
348 3623 456 3689 verbis
476 3624 709 3707 προσγράφουσι
728 3625 792 3707 γαρ
819 3623 905 3714 [πρὸς
923 3625 966 3690 τοὶ
985 3623 1198 3714 ψηφίσματα]
1222 3628 1321 3708 πεφα-

137 3733 203 3794 νοῦν
222 3729 273 3794 τον
292 3728 451 3797 ὑπεύθυνον
469 3730 594 3798 έπειδθιν
612 3731 706 3812 λύγον
725 3732 777 3798 καὶ
797 3731 924 3805 εὐθύνας
944 3739 999 3808 τῆς
1020 3733 1119 3813 ἀρχῆς
1140 3729 1197 3812 δῷ,
1213 3747 1322 3796 resena

137 3834 209 3918 πρὸς
234 3835 277 3900 τὰ
299 3838 519 3920 ψηφίσματα,
551 3836 636 3924 quoti
666 3845 699 3905 et
730 3839 822 3926 plane
850 3857 1087 3927 supervacuum
1112 3845 1161 3905 est
1184 3843 1224 3903 et·
1241 3835 1324 3904 male

138 3941 260 4009 Graece
283 3943 500 4010 enuntiatum.

184 4047 220 4115 ln
247 4051 264 4134 §
293 4054 342 4116 15.
373 4048 494 4128 λέξουσι
526 4049 559 4118 δέ
582 4051 682 4126 -ύς
706 4049 768 4134 θρα
795 4087 840 4104 -
864 4053 916 4120 ούκ
947 4049 991 4123 ist
1022 4055 1130 4119 ταῦτα
1152 4051 1237 4134 ύρχθ
1261 4087 1322 4129 -,

137 4156 242 4237 ἀρχὰς
268 4155 300 4223 δέ
325 4157 503 4243 [φήσουσιν]
528 4156 645 4231 έκεθνας
670 4153 765 4238 εἶναι,
789 4159 827 4233 ἃς
847 4160 873 4225 ού
892 4157 1072 4238 θεσμοθέται
1090 4159 1323 4238 θποιιληροῦσιν.

138 4261 350 4328 'tralaticium
376 4261 533 4330 emblema
559 4262 658 4332 vides.
705 4263 741 4331 tu
767 4262 878 4331 taline
899 4262 953 4330 ubi
978 4263 1172 4352 praecessit,
1192 4258 1327 4343 ύς,θτι,

138 4370 177 4443 ὡς
203 4365 265 4451 ἄρα
291 4367 326 4435 fit
351 4369 509 4437 transitus
532 4369 572 4437 ad
604 4370 826 4438 accusativum
854 4369 1130 4447 communium,
1156 4369 1211 4436 seri
1235 4367 1326 4435 scioli

139 4492 213 4541 roro
239 4473 322 4544 hanc
347 4477 547 4546 occasionem
571 4477 727 4546 omittunt
758 4483 792 4544 et
814 4475 942 4565 aliquod
966 4475 1088 4546 dicendi
1112 4475 1246 4560 uerbum
1271 4492 1328 4562 pro
