3208 4972
791 335 863 410 am
965 313 972 319 ’

242 534 411 621 lorumque
430 532 701 600 vilissimoruml”
736 532 821 600 llaec
840 532 893 599 illc
907 532 943 622 ¹).
993 531 1165 598 (laetorum
1183 531 1378 606 πῖνειντινές
1397 540 1431 599 et

242 643 393 723 προπίνειν
415 639 494 715 τινές
519 641 597 706 satis
621 646 695 706 nota
720 648 806 707 sunt.
843 637 921 720 Quis
947 639 1049 705 nescit
1068 635 1191 703 dictum
1213 637 1428 705 Callisthenis:

242 750 274 814 οὐ
297 746 453 827 βούλομαι
472 744 676 829 Ἀλεξάνδρου
702 747 775 814 πιὼν
798 741 1142 823 Ἀσιιλιρπιοῦδεῖσέοιιῖ
1169 743 1278 830 itaque
1299 744 1429 812 Lucrino

242 851 414 919 reddemus
445 853 589 936 προῦπιον
617 859 670 920 τοῦ
700 851 845 934 ἡμετέρου
874 854 950 918 θεοῦ.
998 852 1035 917 lu
1065 855 1082 934 §
1111 854 1164 916 42.
1189 870 1246 937 pro
1270 851 1428 932 αῖρεσέοιι,

241 957 326 1045 quod
358 977 420 1024 non
453 967 502 1025 est
536 957 633 1024 huius
664 959 742 1037 loci,
775 967 833 1026 aut
855 959 1043 1040 ἀναιρεῖσθαι
1068 955 1238 1042 legendum
1263 966 1320 1022 aut
1343 956 1428 1043 quod

241 1063 339 1132 codex
363 1084 447 1130 unus
465 1063 649 1151 suppeditat
668 1065 841 1132 ducatrici.
867 1065 1024 1151 Perpetua
1044 1071 1093 1130 est
1107 1064 1138 1129 in
1153 1060 1244 1128 libris
1257 1061 1428 1129 uerborum

240 1172 390 1254 αῖρεῖσέαι
409 1179 442 1236 et
465 1169 601 1252 αῖρεσέαι
621 1169 782 1247 conlusio,
803 1171 896 1238 cuius
916 1171 962 1236 rei
985 1189 1087 1255 pauca
1107 1167 1265 1255 quaedam
1288 1168 1328 1236 rlc
1348 1167 1429 1236 mul·

242 1277 285 1344 tis
307 1274 453 1362 exempla
477 1275 568 1356 vide,
592 1297 629 1342 ac
649 1275 790 1363 primum
813 1276 943 1362 quillem
962 1276 1038 1362 quia
1059 1283 1125 1340 tam
1150 1273 1355 1341 ntanilestuui
1378 1284 1427 1341 est

240 1383 364 1472 inspice
395 1381 552 1449 lruoucrr
586 1381 682 1447 uitam
721 1379 923 1468 Ρριέιοροοοο
957 1387 974 1471 §
1006 1384 1082 1446 232.
1128 1379 1183 1447 ubi
1220 1377 1431 1467 philosophus

241 1489 412 1577 praecipit:
446 1486 560 1571 ἔχθραν
593 1485 704 1553 ἑκόντα
738 1489 796 1567 μέν
834 1487 989 1566 μηδέποτε
1021 1486 1244 1569 αῖρεῖσέοιι,
1276 1485 1428 1568 οῖριέμτνον

238 1592 399 1673 δέ’μένειν
436 1593 567 1673 εὐγενῶς
598 1595 628 1658 έν
667 1594 709 1674 τῷ
741 1593 951 1673 διαπολεμεῖν.
987 1591 1098 1679 ecquis
1129 1590 1257 1676 negabit
1290 1591 1427 1674 οιῖρεσέιιι

240 1719 352 1766 rerum
388 1698 479 1764 esse?
517 1697 610 1785 Apud
642 1699 798 1766 [irrosus.
825 1721 856 1786 p.
884 1705 963 1778 178,
989 1704 1043 1766 25.
1069 1697 1206 1776 πόλεμον
1228 1697 1361 1779 οῖρασέαι
1392 1701 1427 1766 iu

237 1804 387 1872 omnibus
418 1813 484 1880 cst,
521 1806 664 1891 optimus
696 1805 840 1872 omnium
866 1805 898 1874 S.
923 1805 1038 1873 vitiose
1061 1805 1210 1886 αῖρεῖσέαι
1243 1803 1359 1882 habet,
1394 1813 1428 1872 et

238 1931 268 1998 p.
291 1915 374 1989 aot,
399 1914 452 1976 26.
481 1929 537 1996 pro
561 1910 696 1989 πόλεμον
721 1913 890 1994 οῖραμένους
915 1913 946 1976 in
968 1911 1008 1978 l.
1029 1910 1062 1978 S.
1082 1910 1272 1992 αἱρουμένους
1296 1909 1427 1996 legitur.

238 2019 272 2086 ln
298 2020 316 2103 §
338 2021 393 2083 la.
415 2017 622 2083 ἐπεκαλοῦντο
646 2017 782 2096 βοιρέεῖν,
807 2019 933 2102 corrige
952 2015 1080 2096 βοιρέούς
1105 2027 1135 2083 cl
1162 2020 1181 2102 §
1208 2023 1259 2083 lli.
1279 2016 1428 2086 οἱποῖντυν

238 2124 332 2190 ιιαιιέν
353 2141 409 2208 pro
429 2129 541 2189 κακῶν.
568 2120 706 2209 denique
727 2123 759 2188 in
782 2122 906 2190 ultimis
926 2121 1033 2189 verbis
1054 2125 1142 2208 548.
1158 2142 1217 2188 non
1232 2124 1426 2194 συνιςιοῖοέιιι

236 2227 380 2302 τοιούτοις
398 2234 504 2310 σοφοῖς
524 2227 656 2295 dederat
676 2227 801 2316 lepidus
821 2229 978 2317 scriptor,
1001 2227 1057 2295 scd
1078 2228 1300 2306 festivissime.
1313 2229 1426 2308 credo,

235 2335 388 2408 τοσούτοις
410 2340 530 2416 σοφοῖς.

284 2440 439 2527 Sequitur
474 2438 600 2507 libellus
630 2438 696 2520 περὶ
731 2449 787 2517 σής
818 2440 928 2523 Συρῖήσ
967 2441 1033 2508 leci
1065 2441 1226 2528 scriptus,
1263 2441 1291 2507 si
1326 2440 1427 2508 Musis

235 2546 357 2635 placet,
381 2546 488 2614 lonico
512 2545 552 2614 ab
575 2566 612 2613 eo
634 2547 690 2632 qui
717 2566 819 2634 usque
844 2546 950 2613 lonico
969 2547 1048 2613 satis
1069 2546 1191 2614 sciebat
1214 2566 1317 2633 neque
1339 2555 1426 2615 reolo

233 2662 266 2722 et
289 2653 454 2739 eleganter
477 2651 619 2719 seribere
650 2660 707 2718 aut
738 2653 819 2720 scite
848 2661 879 2720 et
905 2663 1038 2721 venuste
1062 2672 1195 2719 narrare
1219 2662 1275 2720 aut
1305 2652 1426 2738 liugero

235 2779 389 2847 umquam
415 2757 583 2827 didicerat.
631 2757 733 2839 Quam
760 2757 839 2826 bene
860 2758 965 2826 lonico
989 2757 1110 2826 scribat
1129 2759 1177 2827 rel
1198 2759 1302 2827 obiter
1322 2760 1424 2847 inspi-

233 2865 333 2933 cienti
358 2864 535 2952 apparebit.
584 2863 825 2950 Turpissimum
843 2865 959 2932 vitium
981 2875 1028 2932 est
1050 2869 1136 2953 536.
1162 2865 1335 2949 ὂοῖρχιροὺσ
1354 2867 1424 2933 ἕπε·

231 2971 335 3055 ρέετιιῖ
356 2995 426 3052 μιν,
453 2972 646 3038 meminerat
677 2991 711 3038 se
729 2970 841 3056 'legere
865 2972 994 3053 ἠρόμην,
1024 2972 1108 3059 opud
1136 2971 1320 3040 ilssooormr
1345 2971 1424 3053 εῖρέ·

231 3105 314 3160 μήν,
349 3085 381 3146 el
409 3076 579 3159 έπήρέμνρν,
616 3077 778 3159 έπειρδμιρν
805 3086 838 3144 et
868 3077 1007 3145 credidit
1040 3078 1101 3145 sibi
1132 3077 1229 3146 licere
1260 3080 1424 3162 έπερέομονι

233 3182 351 3251 dicere.
399 3183 469 3249 Non
497 3191 603 3250 tameo
629 3181 726 3250 oredo
749 3202 823 3250 erim
850 3187 866 3268 §
894 3190 944 3251 17.
969 3186 1138 3271 scripsisse
1161 3185 1312 3268 ἠρήσατο,
1336 3187 1422 3274 quod

232 3287 393 3375 significat
418 3285 552 3368 ηὔξατο,
584 3307 642 3375 pro
674 3280 827 3368 ἠράσατο,
858 3309 940 3376 quae
972 3289 1074 3356 lorma
1099 3289 1268 3358 Homerica
1292 3301 1341 3360 est
1365 3313 1424 3380 pro

231 3391 355 3476 ἠροέσέή.
405 3393 439 3460 ln
465 3397 534 3481 §2
557 3414 614 3481 pro
629 3394 777 3474 ιῖποδέξαι
799 3397 929 3482 requiro
948 3394 1138 3474 καταδέξαι,
1162 3405 1194 3464 el
1221 3402 1239 3483 §
1266 3403 1317 3465 10.
1337 3399 1423 3482 έρτοοῖ

231 3501 285 3568 καὶ
307 3499 495 3584 πανηγύριες
525 3500 782 3583 ιιαπαδεδέχαται
807 3522 865 3589 pro
888 3502 1133 3584 ἀποδεδέχαται.
1170 3507 1189 3589 §
1215 3509 1245 3569 l.
1270 3504 1424 3585 έτέμιρσοιν

232 3627 289 3696 pro
313 3606 511 3688 έτιμήσοινπο.
538 3610 607 3694 §u
625 3609 711 3674 κατὰ
734 3609 857 3689 μνήμήν
883 3629 940 3695 pro
962 3609 1098 3689 μνήμνρν.
1149 3608 1222 3696 ln§
1251 3614 1301 3676 18.
1326 3611 1341 3676 ὃ
1365 3611 1423 3690 μέν

228 3711 285 3781 ὦδε
307 3715 410 3793 arvos
441 3714 496 3781 έέον
526 3711 641 3792 ἐδέετο,
670 3713 805 3782 emenda
835 3715 1022 3794 ἀγνώσσων,
1052 3735 1116 3802 quo
1144 3711 1241 3782 verbo
1271 3713 1422 3784 Graeculi

263 4027 288 4093 1)
307 4026 383 4076 Bona
398 4041 456 4091 porr
472 4026 625 4080 scholiorum
641 4029 668 4080 in
687 4029 834 4084 Lucrinus
850 4031 942 4098 scripta
954 4039 992 4083 ost
1004 4047 1020 4084 a
1032 4033 1173 4094 menochio,
1190 4048 1297 4098 quorum
1311 4032 1423 4089 insum

228 4115 254 4161 ot
270 4108 385 4160 inflectas
407 4111 582 4162 annolctionoa
604 4111 710 4162 barbaro
731 4126 849 4165 sermono
869 4114 975 4180 scriptae
995 4115 1114 4181 indignos
1139 4121 1198 4167 sunt
1218 4131 1283 4183 quse
1305 4119 1420 4171 edantur.

228 4189 319 4256 Neque
334 4191 505 4256 interpretatio
522 4193 639 4244 Luciliu
656 4208 739 4258 nequo
755 4195 897 4247 emendatio
913 4197 1050 4264 quidquem
1066 4212 1099 4249 ex
1109 4199 1143 4249 iia
1159 4199 1299 4251 adiuvatur.
1335 4201 1421 4263 Quam

226 4272 286 4324 boni
301 4273 381 4323 critici
398 4274 449 4324 rint
466 4276 525 4326 vido
543 4291 567 4340 p.
579 4277 633 4324 illa.
652 4275 801 4338 Iliacam..
818 4278 861 4329 ubi
877 4279 964 4331 neseio
979 4282 1035 4345 quia
1053 4281 1155 4345 corrigio
1171 4279 1270 4338 έπινιῖς
1286 4281 1422 4346 ἀραιοῦσα

226 4353 275 4404 τὸν
298 4355 443 4406 accolonos
464 4373 510 4423 pro
534 4355 672 4418 έπιμανότ
692 4360 748 4422 (ll,
773 4359 826 4426 25.)
850 4359 917 4427 quod
944 4375 1097 4427 quamquam
1121 4363 1254 4417 berham
1276 4375 1314 4417 eu
1335 4373 1421 4420 bruco

223 4437 359 4490 Iocorum
376 4440 479 4506 recepit.
