3208 4972
782 371 854 444 274

234 565 320 632 tione
351 569 418 650 περὶ
439 575 493 636 τοῦ
514 569 643 653 ζεύγους
672 573 690 657 §
718 573 771 637 38.
796 565 852 634 sed
874 566 1037 632 revomuit
1064 565 1209 632 Urbinas.
1235 567 1419 636 nunrrnunm

234 669 344 738 nulius
369 673 450 740 iiber
474 695 565 761 npetu
591 676 666 742 tulit
690 675 729 741 de
751 674 843 742 caede
866 670 1001 738 Herodis
1024 675 1043 759 ς
1068 678 1123 740 51.
1155 670 1199 738 σθο
1221 669 1257 750 θέ
1278 673 1345 740 ἰσου
1365 699 1420 754 γε·

233 776 345 858 νθμενα
376 785 430 846 τοῦ
461 781 634 866 Φεθγοντθς
664 785 710 852 ist
741 786 864 861 μᾶλλον
896 779 913 856 εἰ
946 781 1000 845 τοῦ
1032 777 1203 856 διώκοντος,
1235 779 1420 864 significare

231 882 348 951 debent
372 885 450 952 haee
475 888 569 954 verba
594 890 645 955 τθν
669 888 829 971 φεοίγονποο
852 890 975 966 μᾶλλον
1000 886 1157 967 ὢφελείηἰ
1182 885 1234 950 τὸν
1255 886 1419 964 διώκοντα,

233 991 301 1077 ipso
333 993 525 1059 unumunurn
558 994 734 1080 interprete
766 993 797 1056 in
831 993 889 1068 iis,
920 1008 1004 1076 quse
1034 991 1187 1056 continuo
1218 1001 1419 1078 sequuntur,

230 1094 340 1182 itaque
364 1098 578 1186 supplendum
603 1109 652 1168 est
675 1101 749 1182 πρὸς
773 1104 826 1166 τοῦ
850 1095 1032 1181 Φεύγοντος.
1069 1093 1146 1178 liris
1164 1120 1244 1172 τινος
1263 1116 1301 1164 eo
1320 1117 1418 1166 seusu

229 1201 314 1288 apud
338 1222 448 1271 onmes
474 1206 607 1291 iegitur:
633 1214 670 1272 ut
693 1207 808 1272 vitium
832 1203 971 1270 eximam
993 1201 1167 1290 producam
1189 1201 1294 1270 iusum
1316 1223 1417 1271 unum

228 1307 440 1376 Xnuoruoums
485 1311 609 1379 Hellen.
657 1311 724 1378 Vll.
768 1331 789 1375 1.
836 1314 888 1376 17.
932 1309 1066 1384 σπονδὰς
1102 1309 1310 1389 ποιησάμενος
1344 1310 1417 1392 πρὸς

229 1413 376 1494 Θηβαθυν
406 1421 531 1494 μᾶλλον
562 1418 579 1494 ἢ
612 1418 685 1500 τοίς
715 1417 845 1492 ἑαυτῶν,
877 1413 947 1501 lege
979 1417 1052 1497 πρὸς
1083 1415 1206 1482 ἑαυτοῦ.
1265 1416 1302 1482 In
1334 1415 1417 1482 lum

226 1520 370 1588 oratione
395 1522 452 1589 lii.
479 1525 498 1608 §
525 1527 580 1590 62.
604 1521 822 1602 εἰσαγγελθεὶς
842 1523 885 1594 εἰς
905 1521 958 1590 τὸν
978 1520 1139 1604 ἄρχοντα,
1165 1521 1238 1607 quis
1260 1529 1417 1608 punctum

227 1628 381 1714 temporis
417 1628 578 1696 dubitabit
613 1629 685 1712 πρὸς
721 1628 772 1694 τὸν
807 1626 946 1710 ἄρχοντα
980 1626 1142 1714 resipere?
1192 1626 1229 1694 ln
1264 1627 1419 1694 itunnuenu

226 1734 313 1800 κοντοὶ
348 1734 556 1813 Δημοσθένους
594 1739 612 1822 §
645 1741 699 1802 56.
737 1733 887 1821 vulgetur
917 1734 944 1799 οἰ
974 1733 1211 1813 πολεμήσαντες
1242 1733 1298 1809 riu
1328 1733 1419 1801 πθλον

227 1858 286 1925 pro
306 1839 380 1920 πρὸς
398 1842 454 1917 rin
475 1840 582 1919 πθλου,
606 1849 695 1908 etex
717 1837 902 1906 huiusmodi
923 1838 1016 1916 lueis,
1042 1840 1098 1927 qui
1119 1839 1199 1904 sntis
1219 1839 1418 1918 multisunt,

227 1943 424 2028 collegerunt
457 1945 581 2012 scilieet
611 1955 759 2025 πολεμεῖν
788 1945 858 2013 ruri
888 1944 952 2012 diei
985 1946 1089 2032 posset
1120 1944 1197 2011 ibid.
1222 1951 1240 2034 §
1267 1950 1341 2013 tou.
1366 1947 1419 2014 σίυ

227 2057 342 2134 πρῶτον
377 2052 597 2128 εἰσεληλυθότα
630 2053 702 2134 πρὸς
735 2054 836 2132 ὑμᾶς,
877 2059 1031 2138 consepta
1064 2060 1097 2118 et
1128 2050 1283 2119 sotemnta
1319 2050 1417 2118 verba

227 2165 304 2224 suut
335 2158 368 2222 in
403 2157 531 2225 iudiciis
563 2159 680 2224 Atticis
711 2159 856 2225 εἰσελθεῖν
879 2159 923 2234 εἰς
946 2157 981 2223 τί
1006 2157 1189 2239 transirem,
1213 2159 1350 2233 εἰσῆλθον
1372 2159 1417 2234 εἰς

183 2288 189 2300 ·
227 2267 328 2344 ὑμᾶς,
360 2263 485 2331 librarii
518 2285 576 2351 pro
607 2267 650 2341 εἰς
682 2263 820 2332 subinde
843 2263 917 2346 πρὸς
939 2272 972 2331 et
994 2267 1033 2337 εἰς
1057 2261 1218 2330 dederunt
1240 2263 1295 2331 sed
1319 2266 1417 2330 eusti-

227 2370 323 2457 gandi
357 2377 444 2438 sunt.
491 2371 527 2436 ln
559 2373 722 2437 Anscnnns
751 2369 934 2437 Τιἐηοσοθιοο
959 2373 976 2453 §
1004 2371 1077 2435 teu.
1103 2367 1233 2455 vutgntn
1256 2368 1352 2436 leutio
1375 2371 1417 2438 δε·

226 2475 349 2555 εξηλθον
372 2479 410 2551 εἰς
435 2479 519 2556 ὑμᾶς
543 2497 582 2543 en
610 2475 780 2564 permultis
805 2475 896 2544 tibris
920 2476 952 2541 in
976 2477 1048 2557 πρὸς
1072 2477 1155 2554 ὑμοίο
1179 2485 1324 2543 correcta
1347 2485 1417 2556 est,

227 2583 258 2648 in
284 2582 428 2649 oratione
456 2582 495 2650 de
518 2583 615 2648 Falsa
641 2582 810 2670 Lequtr'one
834 2586 852 2667 §
877 2587 930 2648 22.
954 2579 1169 2661 συνετάξαμεν
1194 2583 1417 2661 inanissimis

225 2688 346 2775 optime
378 2689 523 2756 Rursmus
554 2690 628 2772 πρὸς
661 2691 745 2768 inire
777 2687 911 2765 αὐτούς,
942 2687 974 2752 iu
1008 2685 1221 2774 ctesiphonten
1246 2707 1278 2773 u.
1305 2693 1359 2756 tt.
1383 2692 1417 2756 6.

226 2793 293 2874 ἧκον
325 2797 397 2878 τοίς
432 2799 517 2876 οἰμοίο
544 2797 612 2875 μεθ’
645 2792 746 2862 θπλυν
773 2814 791 2862 e
817 2793 908 2861 codri.
934 2802 1100 2879 receptum
1124 2803 1173 2860 est
1197 2794 1249 2877 ἐφ’
1274 2797 1358 2874 ἡμᾶς
1382 2802 1417 2860 et

228 2907 289 2982 77,
323 2907 376 2968 ³7.
416 2902 470 2966 ἰοίν
500 2902 557 2980 μὲν
589 2901 687 2968 ποίνυν
716 2902 788 2984 πρθο
822 2902 877 2976 riu
908 2899 1070 2982 εὐφημίαν
1100 2901 1195 2966 αὐτοῦ
1226 2907 1285 2966 τῶν
1314 2900 1418 2980 λθγυν

225 3007 455 3088 οἰποβλέπησε,
491 3006 555 3072 duo
590 3007 718 3074 sudines
752 3009 795 3080 εἰς
830 3007 885 3082 σὺν
919 3003 1110 3070 rectissime.
1165 3004 1415 3092 Nonnumquam

226 3113 359 3180 uerbum
381 3113 594 3198 compositum
616 3111 726 3179 endem
748 3110 787 3178 de
808 3131 905 3178 causa
928 3112 1197 3197 praepositionem
1220 3111 1356 3192 amium
1379 3121 1416 3178 ut

226 3216 311 3304 apud
345 3221 500 3283 Luurnuuu
533 3221 594 3294 27,
626 3222 678 3284 15.
711 3217 947 3303 ρετιιοίεοοῐιίυε
978 3217 1157 3298 ποοσοθνσυν
1188 3225 1221 3282 et
1251 3217 1352 3284 ἰθντυν
1382 3227 1416 3286 et

228 3329 244 3410 5
271 3327 323 3389 18.
348 3325 517 3405 προσελθών
540 3331 572 3390 et
594 3323 703 3400 ἐλθών,
729 3323 775 3389 εἰσ
800 3322 992 3390 Xunuruoum
1018 3323 1050 3388 in
1075 3319 1190 3388 Hellen
1213 3323 1269 3390 tv.
1289 3343 1356 3390 unu.
1383 3329 1415 3390 ὕ.

226 3429 279 3494 καί
311 3429 379 3502 τοὺς
411 3430 469 3509 μὲν
498 3429 601 3504 ἰθντας
635 3429 774 3511 οἰομοεοίς
805 3428 906 3512 φίλυο
935 3427 1096 3512 ἐδέχοντο,
1125 3429 1195 3504 τοὺς
1219 3428 1251 3495 δὲ
1274 3426 1416 3504 οἰπθντοος

225 3536 461 3617 μετεπέμποντο
486 3534 677 3609 reddemur
701 3535 759 3614 μὲν
781 3533 971 3615 προσοθνταο.

274 3641 378 3710 Unum
405 3643 595 3730 scriptorem
620 3639 736 3707 addam
761 3659 800 3706 ex
825 3639 1039 3727 sequioribus.
1088 3639 1123 3708 lu
1150 3640 1320 3708 Pnuunnuut
1343 3641 1417 3706 uitis

226 3751 355 3837 saepius
386 3749 459 3832 πρθς
492 3745 697 3814 intercidisse
728 3743 960 3825 animadverti,
995 3755 1030 3813 ut
1065 3747 1098 3812 in
1138 3745 1342 3813 Themistocle
1372 3753 1416 3824 5,

226 3855 281 3922 ubi
313 3853 483 3940 legendum
513 3853 639 3934 μθλοτα
669 3853 701 3920 δὲ
731 3852 804 3935 τοίς
835 3853 1022 3936 Ἀροτείἰην,
1055 3852 1088 3918 in
1114 3850 1260 3938 Pompeio
1289 3873 1358 3940 unp.
1386 3857 1415 3919 1.

226 3960 296 4047 lege
319 3962 358 4034 εἰς
381 3959 454 4042 πρὸς
478 3960 529 4025 riu
552 3959 714 4038 Πομπηΐου
736 3958 873 4040 πατέρα,
900 3960 930 4023 itt
958 3957 1109 4048 Pelopida
1132 3978 1201 4044 sep.
1223 3963 1254 4024 9.
1278 3957 1416 4040 πονε-α’σ-

226 4089 286 4132 σων
314 4066 400 4137 εὐθὺς
431 4065 512 4144 turn
544 4067 656 4145 αὐτόν,
680 4064 792 4153 suppie
817 4063 890 4146 πρὸς
915 4065 1018 4132 αοίτθν.
1067 4064 1210 4151 Denique
1229 4065 1267 4130 t'n
1293 4063 1417 4132 Pericle

226 4192 299 4259 cap.
336 4177 385 4239 15.
416 4171 612 4256 θαυμοίζεταο
643 4172 686 4237 τοί
715 4172 895 4254 Περικλέους
921 4169 999 4254 ἔργα
1022 4172 1115 4255 πρθο
1139 4172 1236 4239 πολὺν
1258 4171 1416 4252 χρθνονέν

228 4279 324 4362 θλθγῳ
347 4277 502 4358 γενθμενα
515 4327 523 4357 ,
547 4279 679 4365 requiro
701 4281 746 4352 εἰς
769 4279 866 4345 πολὺν
888 4278 1004 4361 χρόνον.
1036 4309 1038 4314 ’

272 4384 420 4452 Secunda
444 4385 654 4471 praepositio,
681 4405 778 4471 quam
803 4384 969 4451 ostendam
992 4383 1130 4450 turmam
1154 4402 1249 4469 saepe
1269 4391 1413 4459 mutere,

224 4491 290 4560 οἰπθ
318 4499 377 4558 est.
427 4489 528 4556 Habet
557 4488 670 4576 sigium
702 4491 920 4572 sinensium,
952 4510 1049 4577 quam
1078 4491 1203 4555 itnsrrus
1225 4487 1356 4557 exhibet
1379 4490 1412 4556 in
