3204 4978
700 327 704 338 “
765 355 835 426 aro

193 572 262 640 cap.
291 557 343 618 tt.
393 551 470 618 Cato
496 548 579 617 ridet
601 553 804 619 Postumium
831 531 1090 617 Albinummale
1109 549 1229 617 Graece
1253 551 1384 637 scripti-

194 668 315 726 tantem
349 667 381 726 et
410 659 535 724 venium
568 658 812 746 deprecantem:
847 657 1026 740 ἐπέσκωψεν
1057 657 1147 722 είποὶνν
1175 655 1274 723 δοτέον
1306 653 1382 722 εἶναι

191 767 247 842 τήν
270 765 459 846 συγγνώμην
482 765 507 830 εί
537 770 596 830 τιῦν
624 764 860 848 Ἀμφικτυόνων
888 761 1115 846 ψηφισαμένων
1139 763 1380 850 [ἀναγκασθείς]
1496 832 1499 840 ,

192 872 336 952 ὑπέμεινε
360 871 394 937 τί
426 869 524 954 ἔργον.
574 869 662 938 Salso
692 870 815 936 dictum
849 869 974 936 adiecto
1005 868 1196 936 emblemate
1221 868 1256 935 iit
1280 866 1382 935 insul·

192 978 271 1044 sius,
319 978 355 1044 Iu
386 976 533 1064 Agesilao
556 996 626 1064 cup.
653 981 672 1041 2
697 979 778 1056 μήτε
803 977 932 1046 πλαςαν
956 977 1038 1054 μήτε
1062 977 1206 1055 μιμηλὰν
1234 974 1381 1065 [είκένα],

191 1104 261 1171 cap.
283 1087 302 1149 6
327 1083 516 1156 οίκοῦσαντες
536 1086 562 1151 οἱ
584 1081 778 1164 Βοιωτάρχαι
799 1084 871 1164 πρὸς
895 1083 985 1164 ὀργήν
1012 1081 1203 1172 [κινηθέντες]
1232 1081 1382 1163 ἔπεμψαν

191 1188 358 1270 ὑπηρέτας.
407 1189 560 1255 Indoctus
585 1189 764 1258 Graeculus
794 1188 967 1275 adscripsit
991 1190 1168 1266 κννηέένπες.
1216 1187 1295 1268 Quis
1320 1206 1380 1252 non

191 1297 379 1382 saepissimo
405 1295 435 1360 in
461 1293 517 1362 tali
543 1313 576 1360 re
607 1295 680 1376 πρὸς
711 1296 802 1376 ίργήν
829 1294 928 1380 legit?
978 1296 1012 1362 ln
1043 1315 1112 1382 cap.
1135 1301 1177 1362 52
1214 1291 1382 1379 Agesilaus

192 1423 293 1490 quum
318 1404 460 1490 primum
482 1400 735 1488 Epaminondam
762 1400 841 1466 vidit
862 1402 958 1468 πολὺν
977 1401 1082 1484 χρόνον
1105 1401 1276 1482 ἐμβλέψας
1297 1401 1381 1480 αι’νπῦ

196 1509 292 1597 [οὐδὲν
315 1507 347 1596 ή]
382 1513 524 1574 τοσοῦτον
556 1505 646 1586 μένον
679 1501 780 1574 εἶπεν·
809 1504 831 1572 ὦ
863 1513 916 1574 τοῦ
947 1507 1253 1598 μεγαλοπράγμονος
1276 1507 1381 1587 οίνίρώ-

191 1617 263 1682 πονί
300 1614 368 1681 Nou
399 1622 447 1681 est
478 1615 586 1679 minus
612 1622 722 1679 nolum
754 1619 897 1681 τοσοῦτον
929 1614 1018 1693 μένον
1052 1635 1148 1703 quam
1181 1615 1251 1695 πρὸς
1277 1615 1379 1696 ὀργήν.

192 1721 228 1790 ln
263 1721 374 1787 Colono
406 1721 526 1788 minore
561 1740 630 1808 cap.
664 1725 705 1786 λθ
745 1722 908 1801 Μουρήνας
940 1721 953 1786 ὅ
990 1723 1046 1796 τήν
1077 1721 1160 1797 δίκην
1191 1722 1300 1800 φυγὼν
1330 1721 1382 1785 ὑπ’

192 1831 287 1896 αὐτοῦ
330 1826 397 1915 [καί
433 1826 665 1915 κατηγορηθείς]
717 1827 773 1892 Est
813 1824 872 1892 hoc
913 1825 1168 1893 additamentum
1206 1827 1303 1903 satis,
1347 1833 1385 1892 ut

192 1935 321 2022 opinor,
350 1931 570 1999 manifestum.
606 1932 640 1998 lu
666 1952 736 2020 cap.
756 1938 799 1999 45
825 1930 865 1998 ad
889 1932 985 1998 verba
1007 1932 1226 2018 ἑξακισχιλίων
1250 1934 1383 1999 ίπλιτῦν

191 2041 320 2120 δύναμιν
351 2038 523 2125 adscripsit
559 2037 679 2105 sciolus
710 2038 885 2114 τέλος,ἐίο
910 2041 963 2105 isti
989 2038 1140 2126 lepionern
1166 2038 1377 2126 appellabant.

191 2148 226 2215 lu
263 2147 423 2213 Cleomene
445 2165 514 2232 cop.
533 2151 551 2210 7
578 2145 616 2211 ad
642 2145 706 2212 duo
729 2145 857 2212 urbium
879 2147 1008 2212 nomina
1028 2146 1228 2231 adscriptum
1252 2154 1300 2212 est
1320 2149 1381 2218 ποίε

191 2253 310 2326 πόλεις.
357 2251 392 2318 In
427 2251 570 2318 Cicerone
602 2272 671 2339 cap.
699 2257 743 2319 40
774 2251 991 2337 ludimagistri
1017 2255 1146 2338 ingenio
1170 2251 1304 2337 dignum
1330 2261 1380 2318 est

191 2361 244 2426 uel
268 2360 471 2432 οένεςοίίησαν·
490 2357 636 2424 additum
668 2358 776 2425 verbis
807 2360 820 2424 ὃ
852 2355 973 2440 Καίσαρ
995 2358 1152 2424 ἐκέλευσεν
1175 2360 1378 2432 οίναςαίήναι.

194 2464 229 2531 in
264 2463 418 2530 Demetrio
449 2484 519 2550 cap.
547 2469 587 2529 24
623 2465 800 2530 monachus
832 2465 949 2551 aliquis
980 2464 1019 2530 ad
1051 2463 1145 2530 verba
1176 2461 1226 2530 ὅτε
1259 2465 1380 2545 xpum

191 2571 244 2638 καί
264 2569 379 2655 Λαμίρι
398 2570 450 2636 καί
471 2577 577 2649 Δημοῖ
591 2570 643 2635 καί
663 2571 827 2655 Ἀντικῦρρι
846 2571 1100 2640 συνακολαςαίνοι
1121 2569 1159 2635 de
1178 2590 1236 2636 suo
1256 2569 1381 2636 addidit

191 2685 263 2750 ταῖς
292 2675 421 2758 πόρναις,
458 2676 599 2750 ἐκείναις.
649 2677 685 2742 In
723 2677 854 2742 Antonio
889 2697 958 2762 cap.
998 2681 1039 2742 23
1075 2677 1228 2759 Φιλέλλην
1265 2676 1381 2743 οίκοῦων

192 2781 316 2864 ἔχαιρεν
339 2782 384 2848 έτι
400 2783 439 2849 ’δέ
462 2787 587 2862 μᾶλλον
607 2785 811 2867 φιλαθήναιος
840 2781 1183 2871 [προσαγορευόμενος]
1209 2791 1241 2847 ul
1266 2781 1381 2848 ιὀκοιίων

191 2889 353 2974 significat
377 2890 684 2971 προσαγορευόμενος.
721 2890 755 2956 Ιιι
777 2909 846 2975 cap.
869 2893 911 2954 54
936 2889 1122 2970 Κλεοπάτρα
1146 2890 1269 2966 ἐξιοῦσα
1288 2889 1380 2964 ςολήν

195 2995 328 3085 [ἑτέραν]
362 2996 444 3076 ἱεροῦν
474 2994 640 3076 ε’λοίμβαυε
670 2995 721 3062 καί
748 2995 801 3061 νέα
823 2993 903 3069 Ἶσις
929 2996 1137 3078 έχρημοίτιζε,
1163 2994 1379 3082 dittographia

191 3103 316 3190 peperit
337 3101 452 3183 ἑτέραν.
488 3101 523 3166 lu
545 3101 710 3188 Lysandro
733 3123 801 3188 cap.
829 3109 872 3170 50
896 3106 989 3184 ίςορεί
1010 3101 1194 3180 Θεόπομπος
1222 3098 1380 3185 ᾦμοῦλλον

191 3209 363 3274 ἐπαινοῦντι
400 3207 570 3276 πιςεύοειεν
602 3206 640 3273 οῦν
670 3232 717 3281 τις
746 3209 763 3285 ή
795 3208 943 3290 ψέγοντι,
981 3217 1115 3275 venuste
1140 3218 1173 3275 et
1206 3207 1381 3275 clementer

190 3313 314 3380 dictum
354 3322 413 3379 est.
462 3315 648 3401 Corrumpit
685 3315 794 3380 omnia
842 3315 977 3394 sciolus,
1014 3317 1069 3402 qui
1107 3324 1241 3381 annotat
1270 3314 1380 3395 ψέγειν

189 3422 253 3504 γαρ
289 3419 366 3496 ήδιον
403 3419 420 3497 ή
453 3421 609 3500 ἐπαινεῖν,
650 3421 733 3507 quod
771 3419 888 3485 salsum
920 3427 970 3487 est
1001 3431 1032 3488 ot
1065 3423 1240 3488 Pnurnnono
1276 3421 1379 3506 iudig-

104 3523 106 3530 ’
192 3547 282 3594 num.
343 3526 376 3592 ln
412 3524 548 3592 Sertorio
587 3547 659 3615 cap.
704 3531 733 3594 2.
769 3525 901 3608 τραφείς
942 3526 972 3591 δέ
1018 3527 1150 3607 κοσμίως
1194 3527 1252 3592 ὑπὸ
1287 3526 1378 3608 μητρί

191 3633 276 3718 χήρα
306 3634 465 3715 ὑπερφυῶς
497 3634 580 3700 δοκεῖ
601 3635 783 3717 φιλομήτωρ
809 3633 962 3712 γενέσθαι.
1010 3633 1129 3720 Ecquis
1160 3654 1198 3700 ex
1232 3632 1282 3698 iris
1317 3652 1380 3698 non

192 3737 342 3823 intelligit
373 3737 552 3804 Sertorium
578 3741 725 3806 arruisisse
759 3739 905 3826 patrem?
954 3739 1050 3805 Scioli
1075 3749 1182 3808 tamen
1209 3751 1278 3826 post
1293 3743 1379 3822 χήρα

192 3843 401 3910 inseruerunt
424 3845 539 3927 πατρὸς
564 3846 705 3930 ὀρφανός.
731 3845 767 3912 ln
789 3845 916 3932 Pyrrho
938 3865 1008 3932 cap.
1029 3851 1077 3912 tt.
1091 3846 1380 3932 graviterPnurnn·

190 3969 280 4016 unus:
304 3943 347 4023 οἶς
371 3951 434 4031 γὰρ
456 3954 489 4018 οῦ
517 3952 676 4032 πέλαγος,
700 3955 754 4018 οῦκ
779 3951 861 4033 ίρος,
893 3953 946 4017 οῦκ
980 3952 1119 4029 αόίκητος
1150 3953 1259 4035 έρημία
1284 3951 1380 4034 πέρας

191 4056 236 4128 tel
261 4053 441 4130 πλεονεξίας
472 4056 534 4122 οὐδ’
568 4059 593 4124 οἱ
628 4060 808 4140 διαιροῦντες
841 4057 988 4139 Εὐρώπην
1016 4061 1067 4124 καί
1100 4060 1209 4125 Ἀσίαν
1240 4059 1380 4141 τέρμονες

189 4163 316 4246 δρίζουσι
340 4165 399 4236 τοὶς
425 4163 605 4244 έπιίυμίας,
628 4171 689 4239 πῶς
716 4163 755 4230 der
779 4163 947 4242 οῦπτέριενοι
972 4165 1025 4229 καί
1051 4165 1204 4246 ψαύοντες
1234 4167 1381 4242 οίλλήλων

189 4271 351 4351 οὶτρεμοίεν
376 4269 406 4334 έν
429 4279 493 4343 τοῖς
520 4275 666 4353 παροῦσιν
686 4273 740 4338 οῦκ
759 4271 946 4342 αδικοῦντεςς
967 4267 1091 4335 addidit
1107 4268 1224 4356 aliquis
1243 4272 1296 4336 οὐκ
1320 4268 1381 4339 έςιν

190 4377 303 4452 εἰπεῖν,
336 4395 418 4463 quac
455 4375 548 4443 rerba
584 4397 656 4444 curn
693 4375 958 4464 praecedentibus
990 4395 1051 4444 non
1084 4377 1163 4442 satis
1200 4375 1279 4443 bene
1305 4395 1380 4442 oon·

191 4482 385 4568 iunguntur.
435 4481 471 4548 ln
500 4481 600 4548 Mom'o
635 4502 704 4569 cap.
729 4488 761 4550 7.
794 4483 893 4562 ήδιςον
923 4482 954 4549 δέ
983 4481 1148 4573 [Ῥωμαίῳ]
1185 4481 1287 4565 ίέαμα
1311 4503 1382 4561 spa-
