3208 4972
736 370 805 442 185

178 565 235 634 dcs
266 564 305 632 ad
330 564 414 632 banc
438 565 541 632 iucem
567 567 677 632 statim
706 563 992 651 deprehenduntur
1014 577 1046 634 et
1070 567 1266 655 ubicumque
1285 569 1366 658 'quid

178 673 248 738 uitii
272 679 322 738 est
344 673 396 739 xci
421 673 531 754 τυφλῷ
555 671 663 746 δῆλὸν,
690 679 725 736 ut
750 673 782 735 in
808 669 915 736 fabula
941 676 1016 739 150.

382 773 424 850 eir
448 778 479 844 δὲ
503 779 628 857 λαγωὸς
651 779 846 859 ερατηγέτης
873 776 1023 860 ὑπάρχων

382 884 538 964 ἐμειδίασε
561 885 612 949 noti
638 884 710 966 πρὸς
733 885 846 957 αὐτοὺς
871 882 1031 962 ἐβόησε·

382 999 478 1070 stirs,
503 990 657 1073 ἀδελφοὶ,
682 991 776 1069 μηδὲν
799 989 893 1056 κιικὸν
918 993 1121 1066 ποιήσετε.

383 1099 421 1171 ὥς
445 1099 508 1179 γὰρ
532 1099 641 1179 ὁρᾶτε,
666 1097 821 1177 δειλότεροι
844 1097 1113 1178 τυγχάνουσι

382 1209 489 1269 ταῦτα
511 1206 553 1269 τὰ
577 1203 640 1285 ζῷιι
665 1203 739 1284 ὑπὲρ
763 1205 847 1281 ἡμᾶς
872 1199 1031 1275 ἅπαντας.

180 1308 254 1394 quis
283 1319 332 1372 cst
355 1316 421 1373 tam
448 1307 562 1384 hebes,
590 1317 623 1374 ot
648 1327 711 1373 non
737 1307 894 1393 intelligat
919 1306 1148 1394 corrigendum
1173 1328 1243 1375 esse
1266 1309 1369 1390 ἐβόα,

180 1421 296 1481 ποιεῖτε
330 1422 362 1480 ct
396 1414 571 1496 τυγχάνει,
609 1423 707 1501 atque
738 1415 868 1478 omniuo
902 1423 934 1480 et
966 1415 998 1480 in
1029 1415 1100 1479 istis
1124 1415 1264 1492 fabellis,
1291 1436 1371 1501 qnos

181 1519 434 1608 dodecaspiiabis
458 1519 606 1586 versibus
630 1521 822 1606 cornpositas
854 1539 924 1586 esse
949 1519 1179 1598 indicavimus,
1203 1523 1290 1586 etin
1316 1523 1370 1588 br-

141 1651 144 1658 *
180 1646 239 1690 ann
269 1624 483 1703 Gboiiambis,
515 1628 571 1711 qui
599 1627 631 1690 iu
666 1625 782 1692 mediis
813 1626 864 1692 bis
896 1626 1044 1693 sordibus
1075 1629 1182 1693 nescio
1213 1628 1371 1714 quomodo

179 1741 355 1820 apparent,
381 1735 602 1819 unnsquisque
628 1733 833 1799 librariorum
858 1732 950 1799 [idem
976 1733 1141 1820 explorare
1160 1736 1295 1821 poterit,
1316 1737 1371 1822 qui

182 1848 359 1904 metrorum
386 1839 592 1904 immemores
615 1849 670 1904 aut
697 1838 789 1925 piano
822 1839 927 1923 ignari
951 1838 990 1904 dc
1016 1860 1103 1906 more
1126 1841 1368 1924 grassabantur.

226 1943 370 2030 Denique
402 1945 499 2010 liuius
524 1947 571 2010 rei
595 1945 775 2010 observatio
799 1945 937 2012 muitum
963 1945 1105 2032 proderit
1131 1948 1163 2011 in
1189 1944 1371 2013 diiudican-

181 2049 231 2116 dis
260 2048 457 2117 criticorum
483 2050 759 2131 correctionibus,
785 2052 840 2136 qui
866 2053 898 2116 in
925 2051 984 2116 boo
1008 2071 1156 2118 sermone
1180 2051 1369 2140 piusquam

181 2155 400 2224 semibarbaro
425 2176 487 2222 non
511 2176 639 2244 semper
662 2157 741 2222 satis
766 2165 942 2236 caverunt,
969 2165 1004 2223 nt
1028 2158 1061 2222 in
1087 2157 1193 2224 fabula
1219 2163 1292 2226 196.

429 2259 517 2329 ἅπιιν
539 2264 602 2344 γὰρ
626 2263 719 2328 κακὸν
742 2265 775 2328 οὐ
799 2262 903 2345 μικρὸν
928 2264 995 2329 οὐδὲ
1020 2262 1108 2343 μέγα

431 2370 492 2434 oot’
515 2367 592 2442 ὅλως
616 2368 724 2451 πρέπει
748 2371 877 2435 καθόλου
901 2393 959 2435 nco
981 2374 1089 2454 φῦνιιι.

181 2475 218 2540 io
240 2479 337 2559 φῦναι
367 2495 479 2541 versos
502 2477 588 2551 ruit,
614 2473 669 2541 sed
695 2476 747 2541 isn
773 2496 834 2541 non
870 2475 1020 2543 dicebant
1043 2476 1140 2561 ἔφυν,
1164 2483 1282 2558 Φῦνυιι,
1307 2477 1371 2562 <pie

181 2581 237 2647 scd
272 2583 386 2665 ἐφύηυ,
421 2587 556 2664 φυῆναι,
591 2581 700 2665 (pecie,
735 2602 817 2668 quac
850 2586 968 2669 possim
1003 2595 1185 2650 recurrunt.
1235 2584 1371 2650 Fabitur

180 2687 283 2774 igitur
314 2688 432 2766 Funn,
468 2689 524 2774 qui
555 2695 687 2754 anrrotat
719 2710 798 2775 «pro
829 2695 927 2771 φῦναι
958 2690 991 2753 in
1033 2689 1140 2756 Codice
1163 2691 1270 2756 vitioso
1292 2697 1370 2772 φυῇ·

182 2796 267 2865 ννι”.
318 2796 360 2860 dt
383 2803 497 2861 contro
521 2795 593 2860 vide
617 2814 712 2881 quarn
741 2793 926 2860 ludificetur
949 2793 1073 2860 scribac
1096 2815 1187 2862 error
1211 2796 1370 2882 interpre-

183 2914 246 2967 tem
281 2901 313 2966 in
345 2898 453 2966 fabula
489 2907 562 2967 175.
596 2901 644 2975 τίς
677 2901 708 2966 δὲ
734 2902 785 2966 τὸν
807 2896 868 2982 ὅρον
904 2899 1082 2982 πρυςιὶξειεν
1113 2901 1369 2984 ιὶντεφύυησενη

181 3007 321 3089 χελώνη,
357 3008 410 3073 καὶ
445 3008 488 3073 τὰ
522 3016 578 3083 τῆς
610 3007 693 3082 νίκης
722 3008 769 3080 rie
801 3009 874 3086 ἡμῖν
900 3007 1060 3086 deridebam
1088 3007 1227 3074 dnnuiut
1252 3008 1364 3074 Funus:

182 3113 438 3197 ιιυὶντεφύυησενι
481 3111 602 3178 Mutum
648 3122 693 3179 eat
733 3113 853 3178 ocimo!
894 3113 1027 3192 testudo,
1063 3114 1189 3181 sibilum
1224 3114 1287 3180 edit
1322 3123 1370 3180 to·

182 3241 273 3298 men,
316 3219 391 3285 dnm
434 3220 584 3305 respirat,
619 3221 674 3306 qni
712 3220 803 3306 inope
838 3211 1041 3286 eccobditnrl'
1087 3219 1140 3286 Sic
1175 3222 1271 3287 etiam
1310 3221 1369 3296 iis,

182 3326 238 3413 qui
271 3335 421 3390 naturam
452 3323 642 3390 animalium
678 3325 838 3390 curiosius
862 3325 1044 3403 rimantur,
1068 3325 1128 3393 bac
1152 3325 1276 3393 fabulae
1301 3345 1370 3411 prc-

182 3430 272 3497 dessc
297 3437 446 3518 possent,
471 3431 533 3496 nisi
558 3431 672 3497 critica
696 3451 749 3497 ars
774 3451 892 3496 novum
917 3431 975 3498 hoc
1002 3432 1198 3521 praesidium
1223 3441 1369 3518 ereptum

184 3538 255 3603 iret.
303 3535 424 3604 nabun
455 3544 523 3617 cst,
556 3538 583 3602 si
616 3537 716 3603 Musis
748 3536 872 3624 piacet,
909 3541 1054 3606 metrica.
1102 3539 1202 3606 [Ινδῶν
1232 3537 1371 3621 χελώνης

183 3645 306 3723 capedo
337 3643 510 3722 κατεγέλα.
547 3645 584 3708 Ἡ
618 3641 648 3708 u
672 3642 743 3724 πρὸς
768 3645 861 3710 αὐτὸν
884 3649 990 3711 ταῦτα
1016 3651 1144 3725 γελῶσιν
1167 3643 1239 3727 ἔφη.
1286 3645 1371 3722 Ἐγὼ
1422 3650 1426 3659 “

183 3749 235 3816 τὸν
267 3749 372 3830 ταχύν
398 3775 433 3815 σε
461 3751 491 3815 ἐν
524 3749 622 3832 δρόμῳ
653 3753 773 3825 νικήσω.
821 3754 859 3816 'O
894 3751 926 3817 δὲ
957 3751 1055 3834 ἔφησε
1086 3751 1204 3828 ταύτην
1227 3749 1271 3831 μη
1294 3750 1371 3824 ιέλη·

183 3855 287 3925 νεύειν.
312 3857 437 3942 corrige
462 3858 579 3943 igitur:

430 3966 478 4038 rie
501 3963 533 4029 δὲ
553 3963 604 4029 τὸν
628 3957 690 4043 ἔριν
713 3960 882 4044 πρυςιὶξει;
910 3961 1104 4046 υὶντέφησεν,

431 4070 484 4136 καὶ
507 4069 552 4136 τὰ
574 4079 630 4146 τῆς
653 4070 735 4146 νίκης
758 4069 806 4144 ric
831 4071 904 4148 ἡμῖν
928 4069 1090 4151 irridebam

185 4177 311 4245 Similia
335 4175 475 4263 plurima
499 4177 554 4263 qui
580 4175 662 4242 nolet
686 4195 723 4242 ex
749 4175 886 4242 caeteris
911 4174 1063 4261 colligito.

231 4283 335 4350 Unum
359 4289 486 4348 tautum
509 4282 542 4348 in
568 4279 685 4348 Codice
710 4290 827 4359 restat,
852 4281 937 4368 quod
966 4301 1052 4348 nunc
1076 4282 1206 4369 quidem
1232 4291 1278 4350 est
1300 4304 1373 4370 ope·

184 4409 240 4457 rae
270 4390 411 4477 pretium
443 4407 641 4476 expromere.
690 4387 811 4474 Nempe
843 4407 881 4453 ex
914 4407 950 4453 co
980 4386 1099 4468 didioi,
1125 4388 1209 4476 quod
1235 4389 1374 4456 Vnnonn-

184 4517 292 4566 nonnus
325 4495 447 4564 dudum
480 4494 603 4563 irastra
636 4495 837 4581 quaesiverat
867 4503 900 4562 ct
932 4513 1061 4572 omnes,
1096 4497 1230 4582 opinor,
1254 4493 1374 4582 absque
