3160 4972
816 347 889 418 440

317 542 463 633 Thucyd.
492 544 532 611 ΙΙ.
567 550 619 612 rt.
651 546 677 612 oi
706 551 870 620 [taurania
901 541 1127 622 ἐβουλεύσαντο
1147 583 1191 596 -
1214 546 1379 627 όνέχεσόαι
1403 546 1449 612 καὶ

270 657 331 729 γῆν
354 650 541 730 τεμνομένην
564 653 588 716 ei
614 652 661 717 δεῖ
681 650 810 733 όρῶντας
834 648 887 714 καὶ
911 647 991 714 όιλλο
1015 647 1200 732 πάσχοντας
1225 649 1243 718 ό
1263 675 1293 718 τι
1323 651 1361 718 όιν
1381 649 1453 731 ξυμ·

269 755 374 836 βαῖνη.
422 755 521 822 Estne
546 755 625 823 baec
649 755 771 822 salacea
795 755 897 819 uratia
920 761 952 820 ct
977 753 1165 845 Thucydide
1185 757 1317 844 indigna
1337 777 1378 824 an
1398 777 1454 822 nun

268 857 334 924 est?
362 859 459 928 Recte
484 860 578 928 babet
594 862 763 944 οὶνέχονται
785 861 907 942 όροῖντες
925 861 1052 939 cirria
1066 863 1266 942 τεμνομένην.
1296 863 1455 951 Suspendc
1537 863 1538 866 '

270 961 348 1030 haec
373 985 411 1030 cx
435 966 532 1034 verbo
562 968 786 1048 ἐβουλεύσαντο
820 974 852 1032 et
886 965 999 1032 exibit:
1036 967 1261 1048 ἐβουλεύσαντο
1293 970 1456 1051 όνέχεσέαι

272 1069 328 1144 την
346 1077 406 1149 γῆν
420 1073 608 1159 τεμνομένην
627 1075 770 1156 όρύντθίί
781 1125 790 1154 ,
812 1071 937 1139 nonne?
963 1072 1182 1142 Emenderntts
1200 1077 1301 1162 igitur
1320 1077 1456 1160 ipcirrfic

272 1184 302 1240 ct
329 1175 540 1260 πόσχοντθίῖ.

320 1283 391 1349 i'ust
421 1304 520 1371 pauca
554 1284 735 1354 inducenda
767 1283 845 1351 baec
877 1285 972 1352 verba
1004 1296 1080 1352 sum
1107 1285 1166 1376 [ότι
1198 1286 1341 1354 ibium
1373 1288 1457 1374 σφίσι
1491 1327 1494 1336 -

271 1397 366 1454 ποιεῖν
389 1389 452 1461 teir
470 1388 492 1458 όν
511 1391 751 1470 Λακεδαιμόνιοι
772 1389 1009 1480 προκαλοῦνται]
1029 1411 1111 1478 quae
1134 1393 1217 1460 maie
1238 1395 1376 1482 repetita
1389 1403 1458 1461 sunt

272 1515 310 1563 ex
329 1516 400 1583 cap.
427 1501 480 1564 72.
502 1495 547 1566 ότι
568 1499 710 1567 όδύνασα
729 1497 837 1581 σφόσιν
855 1497 901 1575 εἴη
923 1505 1018 1564 ποιεῖν
1037 1493 1059 1564 όν
1081 1509 1297 1580 προκαλεῖται,
1324 1500 1379 1566 ubi
1398 1510 1458 1568 taur

272 1605 450 1669 necessaria
473 1614 550 1672 sunt
573 1625 671 1692 quam
694 1613 772 1670 sunt
796 1603 827 1668 b.
846 1602 868 1669 l.
894 1601 1068 1692 superflua.

318 1706 464 1798 Tbucyd.
492 1711 531 1777 ΙΙ.
558 1716 611 1778 75.
638 1712 813 1792 έλπέζσντες
836 1711 974 1791 ταχέςην
994 1709 1107 1792 αἵρεσιν
1127 1708 1270 1790 ἔσεσόαι,
1294 1713 1459 1801 interpone

271 1813 446 1881 articulum
471 1817 609 1898 ταχόςην
634 1819 688 1893 την
711 1813 833 1898 αἵρεσιν.

317 1918 396 1986 ibid.
430 1921 513 2001 μήτε
542 1923 705 2006 πυρφόροις
735 1925 826 1993 ciceia
855 1919 1033 2001 βόλλεσόαι
1067 1923 1097 1988 έν
1125 1924 1292 2008 όσφαλεέρι
1314 1949 1353 1990 τε
1376 1921 1458 1992 εἶναι.

272 2025 482 2093 Trataticium
514 2047 552 2094 ac
584 2026 735 2114 frequens
759 2028 874 2093 vitium
902 2027 976 2093 binc
1005 2027 1223 2094 eximendum.
1272 2029 1406 2097 Veteres
1427 2051 1459 2096 ac

272 2131 394 2218 proban
419 2134 594 2220 scriptores
619 2154 681 2199 uon
704 2132 852 2200 dicebant
877 2133 907 2199 ἕν
930 2133 1097 2218 ιῖσφαλεόρι
1121 2133 1175 2200 sed
1196 2135 1407 2218 ένόσφαλεῖ,
1430 2144 1461 2201 ut

269 2237 383 2305 Latine
406 2239 438 2304 ιἰι
462 2249 537 2307 tnta.
565 2238 735 2326 Sequiures
759 2240 790 2304 έν
812 2239 979 2324 σῖσφαλεῖρ
998 2238 1260 2307 sciebantdicerc
1273 2250 1305 2307 et
1319 2251 1458 2308 veterem

268 2345 465 2430 scripturam
497 2365 536 2412 ex
567 2365 624 2412 sua
657 2345 798 2430 συνηόεόρ
830 2346 1063 2413 contaminare.
1112 2345 1269 2412 Dicebant
1303 2347 1406 2415 atrici
1434 2349 1459 2412 tr

270 2450 433 2532 όσφαλεῖ,
468 2451 498 2516 ἐν
528 2453 569 2533 τῷ
602 2453 749 2535 α’σφαλεῖ
773 2449 933 2539 (Thucyd.
959 2451 983 2518 Ι.
1008 2451 1101 2540 137),
1128 2460 1163 2517 ut
1187 2453 1216 2517 έν
1238 2455 1280 2534 τῷ
1304 2452 1460 2536 όαρσαλέρ

271 2553 433 2644 (Thucyd.
461 2557 509 2628 Η.
534 2559 608 2646 51),
643 2565 675 2624 et
707 2559 736 2623 έν
769 2557 998 2642 ύσφαλεςέρῳ,
1031 2559 1061 2622 έν
1092 2557 1320 2642 όσφαλεςοότιρ.
1370 2556 1459 2646 -Δριιύ

273 2669 382 2748 pactas
406 2682 534 2750 semper
557 2663 587 2728 ἐν
607 2665 755 2746 ασφαλεῖ
775 2662 913 2748 legitur,
940 2666 1058 2749 passim
1081 2662 1114 2728 in
1136 2662 1300 2749 Tragion,
1325 2673 1360 2730 et
1381 2661 1460 2752 apud

273 2766 487 2856 butipbanem
515 2768 671 2836 Athenaei
696 2789 767 2857 pag.
796 2773 872 2836 103.
898 2779 935 2836 E.

407 2879 492 2942 τοῦτ’
515 2877 546 2941 έν
569 2877 716 2958 ύσφαλεῖ
736 2874 838 2957 νόμιζε
865 2877 923 2940 τῶν
949 2874 1149 2958 ὑπαρχόντων
1173 2876 1281 2956 μόνον,

272 2988 305 3047 ct
329 2981 457 3066 saepius
481 2979 622 3062 ridebis,
650 2989 685 3048 ut
715 2980 798 3068 apud
832 2981 1020 3069 Dionysium
1053 2981 1168 3062 Halia,
1194 2981 1342 3050 meliores
1368 2993 1462 3052 testes

273 3087 304 3151 ἐν
327 3087 474 3170 ιῖσφιιλεῖ
500 3086 669 3165 exhibere,
702 3087 756 3153 ubi
789 3089 822 3152 in
854 3087 926 3154 aliis
951 3089 981 3154 ἐν
1009 3087 1175 3173 όσφαλεῖρι
1200 3098 1267 3154 crat
1293 3091 1461 3179 scriptum.

273 3189 430 3256 Pauculcs
464 3191 565 3278 igitur
593 3193 815 3280 antiquiorum
849 3191 934 3260 locos
961 3193 1013 3260 ubi
1037 3196 1068 3260 ἐν
1091 3196 1257 3280 όσφαλεῖρι
1281 3195 1403 3284 legitur
1426 3193 1461 3262 au

275 3295 358 3362 banc
383 3297 487 3365 iucem
514 3300 741 3376 amaculnudcs
765 3319 834 3367 esse
858 3319 982 3366 censeo.

319 3401 463 3492 Tirucyd.
489 3403 528 3470 11.
556 3410 609 3472 76.
633 3405 768 3488 βρόχους
792 3405 1037 3486 περιβάλλοντες
1051 3409 1161 3474 -nai
1187 3405 1289 3481 δοκούς
1312 3408 1461 3488 μεγόλας

272 3509 478 3590 σῖρτησαντες,
502 3508 598 3576 scrib.
624 3510 877 3591 περιβαλόντες,
909 3519 941 3578 et
966 3513 998 3578 in
1024 3511 1086 3581 fine
1109 3534 1178 3601 cap.
1205 3517 1260 3580 80.
1285 3513 1394 3598 ρ’ριδῖιις
1426 3513 1462 3580 iu

271 3615 362 3700 σφόσν
394 3613 504 3682 τᾶλλα
536 3626 764 3699 προσχαριῖσΛΙ
799 3637 857 3704 pro
888 3619 1133 3702 προσχωρήσειν,
1165 3628 1197 3687 et
1229 3639 1300 3707 cap.
1326 3625 1368 3688 at
1401 3627 1462 3691 τοῖν

272 3722 386 3795 κόντοις
409 3722 590 3789 tractaturo
615 3742 672 3809 pro
696 3723 861 3791 διαόοῦντο.

318 3826 465 3916 'flaucytb
499 3828 620 3895 11.84.
651 3827 724 3894 τότε
756 3830 791 3906 δη
826 3830 924 3920 [κατόν
954 3830 1276 3918 accucurrerunt]
1303 3831 1460 3911 σημαίνει,

274 3941 309 4000 ut
331 3932 472 3999 vidimus
498 3940 528 4000 1.
555 3937 609 4000 58.
643 3933 715 4001 τότε
739 3936 774 4014 δη
800 3937 900 4023 [κατόν
925 3939 976 4003 τόν
1000 3937 1101 4020 καιρόν
1130 3939 1250 4024 τοῦτον]
1275 3939 1458 4023 όφόςανται.

273 4037 353 4119 Quia
377 4037 451 4104 talia
476 4039 561 4105 serio
586 4041 754 4131 tuebitur?

319 4143 466 4233 Thucyd.
494 4145 532 4212 ΙΙ.
557 4149 609 4214 85.
635 4150 688 4215 ούιι
710 4148 913 4223 όντιτιύέντες
938 4150 993 4226 την
1015 4149 1182 4226 ’Λόηναόυν
1212 4151 1246 4216 εἰν
1267 4155 1383 4218 πολλοῦ
1405 4153 1459 4232 ε’μ·

273 4249 392 4332 πειρέαν
414 4259 469 4327 τῆς
494 4250 649 4335 σφετέρας
672 4255 709 4320 δι’
734 4256 840 4334 όλέχου
860 4253 1005 4335 μελέτης.
1055 4253 1172 4322 Nescio
1188 4257 1305 4344 quibus
1326 4257 1460 4344 argutiis

273 4355 356 4423 banc
377 4364 576 4426 structuram
595 4360 677 4448 ferri
689 4382 779 4448 pocae
798 4360 944 4428 nonnulii
962 4359 1148 4428 ostendant:
1169 4361 1368 4450 exploratum
1381 4359 1458 4430 mibi

273 4471 321 4528 est
344 4473 382 4548 τῇ
406 4464 730 4551 σφετέρα-μελέτη
756 4468 848 4544 traice
873 4487 985 4534 rerum
1011 4487 1090 4534 csse.
