3160 4972
854 349 925 418 412

295 543 380 612 vltl.
414 547 468 610 84.
502 541 659 623 Ἀμεινίης
689 543 720 610 δὲ
744 542 928 620 Παλληνεὺς
949 543 1022 626 οίνίιο
1046 545 1203 622 'adoratae
1231 544 1404 628 ἐξαναχθεὶς
1423 543 1460 618 mi

294 650 464 732 ἐμβάλλει.
513 649 721 738 Quantoeyus
745 647 815 716 dele
841 651 985 735 ineptum
1011 650 1205 727 Πελληνεύς.
1242 652 1307 719 dur
1329 648 1461 722 taudemi

295 757 433 843 inquies.
480 753 562 836 Quia
593 754 770 824 absurdum
806 764 856 823 est
889 755 943 820 ubi
975 755 1028 821 τὸν
1058 757 1153 836 δῆμον
1176 766 1232 834 τῆς
1256 764 1410 834 Ἀττιιιιῑς,
1436 757 1462 821 in

293 883 357 950 quo
381 861 453 949 quis
477 871 664 942 censeatur,
690 863 923 939 nominaveris,
945 861 1060 928 deinde
1085 862 1203 932 addere
1225 885 1299 932 eum
1321 866 1463 932 hominem

292 988 363 1035 esse
396 968 636 1036 Atheniensem.
685 968 818 1055 Irrepsit
842 988 880 1034 ex
904 987 973 1055 oap.
999 973 1053 1036 95.
1077 969 1209 1046 ἥκουσαν
1232 970 1464 1054 ripuar-'Adu-

291 1083 368 1142 νοιῒοι
390 1073 531 1155 Εὐμένης
554 1097 590 1140 τε
613 1075 627 1140 d
651 1074 876 1158 Ἀναγυράσιος
898 1075 951 1141 nai
976 1076 1135 1155 Ἀμεινίης
1157 1077 1171 1142 ί
1192 1078 1384 1155 Ποιλλιινειίς.
1414 1075 1465 1142 io·

292 1182 441 1249 tilitatem
474 1200 608 1258 eorum,
645 1183 701 1267 qui
734 1182 793 1248 ista
825 1179 1020 1268 interpolare
1053 1180 1217 1264 solebant,
1242 1186 1354 1251 mirari
1377 1181 1464 1258 soleo,

292 1288 347 1356 sed
379 1287 497 1375 ubique
527 1295 617 1354 oerta
648 1307 761 1354 eorum
787 1287 921 1374 vestigia
936 1286 1151 1376 ¹deprehendo
1174 1297 1207 1356 et
1230 1288 1465 1358 homuncionum

291 1396 399 1464 stilum
423 1415 564 1484 opnoreo.

337 1501 460 1569 Addam
494 1500 544 1566 his
574 1500 606 1564 in
634 1499 746 1586 paucis
768 1496 900 1566 evidens
925 1499 1082 1568 emblema
1106 1499 1147 1566 ab
1172 1503 1241 1589 ipso
1266 1501 1388 1570 Steinio
1409 1497 1466 1566 [eii-

289 1611 373 1677 eiter
396 1607 591 1696 deprensum
617 1606 668 1672 ίΧ.
695 1610 748 1672 95.
780 1604 947 1688 πρίφοιντοι
974 1607 1005 1673 δέ
1027 1612 1085 1690 σφι
1110 1605 1140 1672 ἔν
1164 1631 1199 1674 τε
1224 1609 1352 1692 Δωδώνῃ
1373 1607 1422 1674 atui
1442 1605 1466 1670 ἐν

290 1722 445 1800 Δελφοῖσι
472 1713 589 1793 ἐγίνετο
614 1711 718 1779 εὀιείτε
738 1713 918 1795 ἐπειρώτεον
942 1714 1029 1796 [τοὺς
1052 1717 1231 1801 προφήταις]
1253 1717 1288 1782 τὸ
1314 1715 1407 1782 οιίτιον
1423 1716 1466 1778 τοῦ

290 1821 454 1906 τωρείντος
480 1825 594 1897 κοινοῦ,
619 1821 660 1905 [ei
685 1819 716 1886 δὲ
739 1817 1039 1906 οιῦτοῒοιέφροιζον],
1056 1817 1103 1886 ὅτι
1127 1821 1238 1896 οὶδίιιως
1262 1824 1315 1888 τὸν
1340 1823 1466 1907 φίλοικον

289 1937 347 1997 τῶν
380 1930 447 2010 ipris
475 1925 639 2010 τροβοίτων
665 1927 790 2002 Εὐήνιον
812 1935 868 2003 τῆς
891 1924 975 2005 ίψιος
1001 1925 1171 2008 deiparae,
1195 1928 1284 1994 edroi
1305 1929 1373 2010 'pap
1391 1927 1466 2006 ἐτοι-
1537 1967 1538 2016 3

289 2045 389 2117 μῆοοιι
410 2033 482 2110 τοὺς
505 2033 628 2106 λύκους.
663 2031 732 2098 Non
753 2030 978 2099 intellexerant
998 2032 1087 2100 scioli
1109 2033 1186 2120 quid
1208 2045 1293 2103 esset
1314 2029 1467 2120 πρίφιιντιί

290 2150 349 2227 σφι
380 2141 523 2221 ἐγένετο,
552 2145 584 2206 et
616 2139 817 2225 ineptissime
846 2137 885 2205 de
914 2159 973 2206 suo
1000 2138 1199 2206 inierserunt
1221 2141 1292 2216 τοὺς
1318 2141 1467 2226 apodians
1537 2133 1538 2176 ³

291 2257 322 2316 et
346 2250 371 2316 οί
395 2250 426 2315 δὲ
449 2247 569 2313 adraim
592 2243 735 2328 ἔφςοιζον.
777 2245 889 2333 ltaque
909 2246 955 2312 sio
975 2254 1110 2312 ArT01
1133 2247 1197 2330 γὰρ
1221 2249 1394 2331 ίτοςμῆοοιι
1412 2246 1469 2316 τοὺς
1537 2267 1538 2336 3

290 2355 400 2427 ιιίιιονς
429 2354 469 2421 ad
501 2350 624 2420 oraeuli
654 2353 817 2419 antistites
850 2353 914 2418 erit
946 2349 1166 2420 reiererrdumi
1214 2354 1349 2422 Exime
1372 2349 1468 2420 iraude

291 2469 356 2526 tam
392 2458 562 2526 manifesta
595 2457 730 2526 iudicari
764 2460 882 2547 poterit
909 2466 1030 2545 quauta
1061 2459 1115 2524 isti
1141 2458 1271 2528 ienitate
1296 2469 1329 2527 et
1353 2457 1469 2527 lieentia
1537 2455 1538 2530 }

289 2574 531 2654 grassarentur.

335 2672 514 2742 Subiieiam
537 2669 689 2738 Herodoti
712 2670 798 2739 loeos
820 2669 1004 2758 complures
1027 2677 1084 2738 aut
1107 2679 1277 2759 corruptos
1300 2680 1360 2740 aut
1384 2673 1470 2738 inter·

289 2780 411 2870 potatos
435 2786 491 2846 aut
517 2789 710 2863 utrumque,
734 2787 767 2843 et
790 2775 887 2844 verbo
911 2776 1015 2844 dicam
1040 2776 1217 2865 quaemihi
1233 2781 1469 2866 seraseriptura

289 2907 359 2955 esse
393 2885 558 2964 rideatur,
589 2885 842 2950 confirmaturus
873 2882 983 2951 eadem
1019 2884 1109 2950 novis
1140 2885 1345 2970 argumentis
1377 2902 1469 2952 erenr-

289 2993 413 3082 piisque
444 2992 500 3058 ubi
527 2991 565 3058 de
595 2989 746 3057 Herodoti
769 2997 859 3057 textu
882 2999 915 3058 et
938 2989 1108 3057 Codieibus
1131 2988 1171 3056 de
1193 2987 1356 3059 industria
1381 2989 1470 3060 disse·

289 3099 380 3168 rendi
406 3097 481 3166 data
505 3097 567 3164 erit
592 3098 694 3184 eopia.

334 3203 424 3287 Quod
455 3202 540 3292 apud
572 3200 767 3270 Herodotum
800 3202 919 3288 legitur
943 3203 1011 3270 Vll.
1038 3206 1113 3270 169.
1140 3204 1157 3278 ἢ
1181 3201 1212 3268 δὲ
1236 3203 1333 3281 nott»,
1361 3205 1469 3282 ίτειιρι·

288 3335 362 3379 νοιτο
387 3305 456 3376 »Ὠ
479 3311 598 3388 νιίιιιοι,
624 3309 840 3393 ἐπιμέμφεσθε
863 3306 924 3376 ὅσοι
950 3311 1021 3390 ὑμῖν
1044 3313 1078 3376 ἐκ
1100 3316 1159 3376 τῶν
1182 3308 1327 3392 Μενέλεῳ
1350 3329 1470 3389 reputt·
1537 3317 1538 3358 ³

286 3417 395 3498 μοίτων
418 3417 521 3492 Μίνως
547 3413 673 3496 ἔπεμψε
695 3417 809 3495 μηνίων
833 3417 1039 3498 domnipetra,
1059 3415 1104 3484 ὅτι
1124 3418 1150 3482 οί
1168 3416 1225 3495 μὲν
1245 3417 1278 3482 οὐ
1300 3413 1470 3494 τιννεξετιί·
1537 3475 1538 3478 ,

284 3522 379 3602 ξιιντο
410 3524 496 3606 αὐτῷ
526 3521 578 3588 τὸν
602 3522 633 3587 ἐν
657 3525 787 3605 Κοιμιιιῷ
812 3522 942 3590 ίοίνιιτον
968 3522 1150 3604 γενόμενον,
1180 3523 1268 3602 ὑμεῖς
1291 3522 1323 3587 δὲ
1345 3521 1469 3588 ἐκείνοισι
1537 3563 1538 3568 1

284 3630 339 3707 τὴν
359 3631 392 3696 εἰι
417 3628 566 3711 Στοίςτνς
589 3629 802 3711 οίςτοιτίεῖσοον
822 3631 874 3695 ὑπ’
896 3630 1000 3712 ἀνδρὸς
1020 3627 1351 3712 βοιςβοίροοιγννιεῖκοις
1377 3627 1470 3694 Sensu

283 3757 386 3804 taeua
410 3743 488 3803 suut
510 3731 556 3801 ίτι
578 3737 604 3802 oi
628 3737 740 3814 μὲν-
755 3735 842 3814 ὑμεῖς
866 3734 910 3801 δέ.
961 3737 1065 3802 Minos
1092 3735 1161 3822 ipse
1184 3734 1288 3800 iratus
1312 3734 1357 3800 ita
1381 3731 1469 3800 dixis

284 3850 349 3909 set:
382 3845 502 3908 ἘΜΟΙ
529 3841 586 3921 μὲν
609 3843 642 3908 οὐ
666 3839 930 3923 σννεξετμίξοοσίε
954 3842 1006 3909 τὸν
1032 3844 1062 3907 ἐν
1086 3841 1216 3922 Κοιμιιιοῖι
1240 3838 1370 3906 ίιίνιιτον
1392 3833 1469 3918 perd·

155 3981 161 3993 ·
282 3973 390 4028 μενον,
415 3950 502 4028 ὑμεῖς
527 3947 560 4014 δὲ
583 3951 812 4015 'eKelNOICl
835 3948 902 4016 ντί.
929 3949 1039 4034 itaque
1063 3948 1243 4014 Herodotus
1267 3948 1315 4014 sie
1336 3945 1469 4014 dixerat:

282 4054 329 4123 dat
361 4051 397 4122 οί
422 4056 479 4135 μὲν
510 4058 543 4122 od
576 4053 876 4136 οννεξειιριίξΑΟΘθ
906 4055 959 4121 τὸν
992 4056 1023 4120 ἐν
1047 4056 1176 4136 Kapan&
1201 4052 1331 4120 deivarae
1354 4054 1420 4120 ιιτὲ.
1443 4056 1469 4114 el

283 4163 330 4228 sie
358 4162 466 4228 omnia
498 4159 591 4248 plana
616 4168 750 4226 suntet
776 4162 956 4248 perspicua.
1006 4162 1042 4228 ln
1068 4169 1210 4228 OIMeN
1236 4161 1341 4228 inesse
1363 4175 1470 4246 prone

283 4287 358 4334 men
389 4265 419 4334 οί
446 4287 509 4334 non
534 4266 852 4334 animadverterunt:
887 4265 963 4334 hine
987 4269 1014 4334 oi
1036 4269 1093 4349 μὲν
1115 4270 1150 4334 od
1174 4263 1467 4348 τυνεξετςςξιιΝΤΟ
1537 4253 1538 4302 ³

283 4382 395 4439 natum
427 4383 476 4439 est
501 4359 539 4438 ¹et
561 4373 644 4454 αὐτῷ
668 4370 826 4440 additum.
874 4373 1042 4442 Praeterea
1068 4395 1108 4442 ex
1130 4373 1245 4442 Codice
1270 4373 1414 4443 nomano
1437 4367 1468 4432 R·

283 4485 450 4562 receptum
476 4485 663 4562 oportuerat
686 4477 870 4562 μέμφεσθε,
895 4489 931 4545 ut
951 4480 1073 4548 dieitur
1092 4480 1177 4551 Vill.
1203 4484 1274 4548 tud.
1300 4476 1356 4548 ἆίτε
1377 4499 1411 4542 τε
1429 4471 1468 4552 μί
