3086 4974
673 377 743 451 too

124 593 223 640 corum
260 590 413 662 umquam
447 573 541 641 ahter
572 573 655 640 tiixit
688 589 783 659 quam
815 569 943 648 δθδεκα,
975 569 1102 664 δέδεμαι
1126 578 1159 636 et
1182 569 1304 648 ε’δὲθνιθ

123 678 171 746 scd
195 680 225 744 in
251 677 383 766 perfecti
411 678 529 760 ,futuro
561 680 727 759 δεδήσομαι
755 676 925 756 dicebant,
960 685 994 742 ut
1018 675 1302 762 apothecarum

122 785 264 869 πέφαρσαι
289 784 342 872 (ex
365 785 504 875 ΦΘΝΩ)
527 785 692 870 πέφαται.
717 785 896 867 πέφανται,
923 782 1017 850 habet
1037 781 1183 849 futurum
1203 783 1305 867 πεφθ-

123 915 207 972 σοριαι
230 891 323 960 ih‘ad.
350 889 388 958 0.
419 895 493 958 140.

317 997 512 1074 ἣπέΦοιτ’
537 998 554 1075 ἢ
579 999 632 1066 καὶ
656 997 767 1064 ἓτειτα
791 999 1046 1080 πεφήσεται.

162 1103 264 1176 Ariste
290 1100 488 1170 reddendum
512 1112 561 1171 est
588 1104 781 1171 Anacreonti
801 1101 885 1190 apud
908 1100 1109 1168 Athenaeum
1132 1119 1162 1186 p.
1186 1104 1262 1166 oto.
1276 1119 1304 1165 s.

123 1207 171 1274 uhi
195 1207 331 1294 iegitur:
661 1211 663 1216 ’

182 1313 288 1379 πολλοὶ
311 1314 369 1396 μὲν
392 1314 422 1380 ἐν
447 1313 524 1400 δουρὶ
547 1316 655 1390 'rioche
679 1315 821 1400 αθχένα,
845 1313 951 1381 πολλοὶ
975 1312 1002 1378 δ’
1023 1314 1057 1378 ’ἐν
1080 1313 1200 1394 τροχῷ,

183 1425 288 1486 πολλὰ
311 1419 343 1506 δὲ
367 1425 456 1487 νῶτον
478 1422 602 1508 σκυτθνρρ
624 1421 740 1502 patent
764 1419 940 1501 θωμιχθείς.

122 1523 181 1590 imo
212 1544 286 1591 roro
315 1527 345 1592 ἐν
369 1526 446 1610 δουρὶ
471 1528 589 1603 Δεθεδς
612 1565 658 1580 -
681 1528 792 1595 πολλοὶ
811 1525 838 1592 δ’
862 1528 893 1593 ἐν
916 1526 1030 1609 τροχῷ.
1079 1524 1236 1592 Praesens
1259 1547 1305 1589 τι-

121 1631 175 1705 θείς
206 1639 316 1718 aperte
347 1652 421 1700 cum
454 1633 516 1700 ioci
546 1635 707 1704 sententia
740 1641 872 1721 pugnat.
921 1631 984 1698 Sed
1010 1630 1087 1698 haee
1111 1630 1229 1697 obiter:
1266 1628 1305 1696 ad

121 1735 305 1804 Aeschinem
331 1748 488 1808 revertor.

161 1840 299 1911 Evideus
323 1843 475 1912 mendum
501 1855 550 1914 est
574 1846 606 1913 in
633 1847 650 1930 §
677 1848 752 1912 136.
777 1841 1015 1925 Λακεδαιμόνιοι
1034 1841 1304 1919 -διιιπειΆΟΤΝ

116 1957 204 2026 Τοῖς
235 1957 293 2018 τῶν
326 1951 473 2032 Θηβαίαν
505 1952 680 2036 πρέσβεσιν.
737 1950 836 2018 Nemo
870 1952 1040 2019 διαπειλεῖν
1071 1947 1216 2028 dicebat,
1243 1946 1306 2030 ¹sctl
1435 1938 1443 1950 ’

116 2075 226 2124 omues
257 2057 655 2128 transrhenensium
681 2057 874 2126 Graecitatis
903 2057 973 2144 loge
1006 2053 1183 2123 secundum
1208 2074 1305 2142 quam

116 2162 211 2230 verba
232 2164 359 2241 omnia,
383 2183 466 2252 quae
486 2166 712 2232 contentionem
731 2173 763 2230 et
783 2174 938 2232 certamen
958 2161 1143 2250 significant
1164 2181 1239 2228 cum
1257 2159 1307 2227 διθ

55 2331 63 2336 .
116 2277 356 2356 componuntur
379 2278 411 2338 et
433 2269 570 2338 formam
595 2270 731 2337 mediam
756 2279 945 2348 assumunt,
969 2279 1006 2336 ut
1028 2269 1108 2349 βιῖιι
1133 2305 1178 2318 -
1201 2266 1306 2346 διαβο·

116 2375 229 2454 ἂσθαι,
262 2374 368 2456 λέγειν
395 2415 435 2428 -
458 2375 681 2458 διαλέγεσθαι,
706 2375 935 2457 tumescentes
947 2426 956 2455 ‚
988 2375 1244 2454 διακοντθζεσθαι,
1274 2381 1306 2438 ct

117 2478 179 2544 aha
203 2500 299 2568 quam
326 2482 476 2568 piurima.
526 2482 638 2571 itaque
661 2490 693 2549 et
715 2484 857 2550 θτεινιεῖι
874 2483 1167 2550 -διατεινιεῑσθαι,
1205 2478 1305 2544 Unica

117 2593 242 2652 tautum
266 2589 413 2675 exceptio
432 2602 495 2656 est:
517 2589 639 2676 poculis
659 2599 777 2656 certare
797 2588 918 2655 dicitur
936 2589 1105 2666 διατθνειν,
1131 2584 1186 2653 sed
1207 2583 1304 2652 etium

115 2691 328 2774 tracteretur,
354 2702 391 2761 ut
412 2695 445 2760 in
464 2704 539 2762 noto
558 2696 809 2782 epigrammato:

389 2801 407 2876 ἦ
431 2799 625 2881 διαπινομένη
650 2801 818 2872 Καλλθςιον
839 2801 981 2884 θνδροθσιν

114 2902 202 2993 apud
230 2903 431 2973 Athenaeum
457 2925 489 2995 p.
517 2911 592 2973 tuo.
618 2927 644 2972 c.

163 3011 336 3080 Caeterum
361 3011 450 3078 rides
475 3011 561 3080 uude
585 3013 700 3078 vitium
726 3019 837 3078 natum
862 3013 917 3080 sit.
956 3010 1140 3080 Sexcenties
1164 3011 1210 3078 sic
1229 3031 1302 3080 con·

114 3115 301 3182 tunduntur
324 3141 371 3182 -σν
394 3125 427 3184 et
448 3140 546 3194 -οντο,
571 3140 634 3184 our
656 3124 689 3184 et
712 3123 829 3194 -οῦντο,
854 3141 894 3184 -ει
914 3125 945 3184 et
969 3125 1050 3197 εΐτσ,
1075 3143 1127 3183 -αν
1146 3126 1178 3186 et
1197 3141 1303 3195 ·αντο,

113 3223 142 3288 si
169 3223 320 3309 sequitur
347 3223 401 3301 σθ,
424 3223 513 3303 τθτε,
537 3223 608 3300 τοθς
631 3229 689 3290 aut
712 3224 817 3292 simile
837 3223 915 3311 quid
939 3223 979 3290 ab
1001 3233 1061 3292 ΤΟ
1086 3223 1255 3311 incipiens.

106 3387 112 3394 .
161 3327 286 3396 lterum
311 3326 394 3396 tuac
418 3327 568 3396 iiteruiae
599 3330 765 3417 perierunt
789 3333 808 3415 ς
835 3333 898 3396 158
924 3337 1092 3396 Θετταλῶν
1115 3329 1147 3394 δὲ
1170 3331 1222 3394 καὶ
1246 3335 1305 3395 τῶν

111 3433 224 3500 ἄλλων
259 3434 497 3518 Ἀμφικτυόνων
530 3435 755 3516 τρατευθντιιν,
791 3435 854 3502 iuro
890 3453 965 3502 vero
1001 3434 1305 3516 ΟΤΟΤριιτευθντιον.

111 3539 286 3626 Frequens
320 3538 492 3608 admodum
525 3549 574 3607 est
607 3540 639 3606 in
670 3539 761 3607 tibris
792 3541 935 3628 antiquis
964 3540 1133 3607 literarum
1163 3549 1193 3606 Τ
1222 3547 1304 3606 etT

112 3643 276 3711 confusio.

164 3747 381 3816 Memorabilis
403 3750 563 3838 imprimis
580 3751 635 3816 'est
659 3752 840 3838 scripturae
863 3751 1003 3818 uarietas
1024 3753 1041 3836 §
1064 3754 1139 3817 142.
1159 3750 1230 3825 τοὺς
1249 3751 1306 3832 μὲν

111 3851 359 3935 ἐξεβεβλθκειν,
383 3855 455 3929 τοὺς
476 3856 505 3921 δ’
526 3856 712 3922 ἐκώλυσα
735 3859 912 3935 κατελθεῖν,
936 3865 967 3923 et
992 3864 1062 3942 post
1086 3875 1204 3944 pauca:
1230 3871 1305 3922 συλ·

108 3957 270 4041 Acriores
300 3960 325 4026 σθ
356 3959 589 4044 Φεύγουτας
618 3968 749 4028 Βοιωτῶν
779 3961 905 4046 ᾕρηνταί
933 3985 985 4041 μοι
1008 3963 1197 4044 συνηγόρους.
1245 3962 1307 4029 Pro

109 4065 262 4134 ἐκιθκυσα
288 4065 320 4130 in
344 4062 444 4131 codo.
471 4085 499 4132 e.
523 4066 555 4132 h.
581 4065 602 4134 i.
626 4065 775 4133 θπένιυσιι
798 4065 917 4153 iegitur
940 4075 972 4134 at
995 4086 1052 4154 pro
1075 4067 1246 4156 Φεύγοντος
1274 4069 1306 4132 in

107 4193 142 4240 e.
170 4173 193 4239 i.
219 4170 417 4256 προάγοντες.
465 4170 612 4238 Absurde
637 4171 715 4238 haec
740 4171 868 4258 quidem
894 4181 988 4250 suot,
1021 4181 1053 4240 at
1077 4172 1206 4259 uulgata
1231 4171 1306 4240 Gro-

107 4287 196 4344 tone
232 4279 351 4344 sanior.
399 4276 509 4343 Dicam
546 4276 631 4344 unde
668 4277 728 4344 ista
762 4286 835 4344 nata
866 4277 942 4344 sint.
991 4281 1027 4343 In
1058 4277 1171 4345 Codice
1193 4277 1224 4343 k.
1251 4297 1308 4364 pro

105 4386 294 4469 φεύγοντες
325 4391 375 4450 est
407 4405 525 4462 γοντερ.
571 4381 622 4449 Nii
653 4391 820 4470 superarat
852 4384 883 4448 in
913 4392 1040 4450 vetusto
1068 4383 1150 4449 libro
1181 4391 1310 4470 praeter

109 4491 128 4524 ⁴
150 4492 168 4522 *
183 4497 382 4568 roN'reC,
416 4487 564 4575 supptent
596 4486 826 4556 homunciones
858 4487 949 4556 nihili
973 4487 1012 4556 tie
1037 4509 1124 4556 more
1147 4487 1310 4576 quodlibet
