3160 4972
714 387 784 460 398

153 579 202 644 nis
228 598 288 645 usu
312 579 559 658 solidamillam
584 591 616 650 et
640 591 762 650 certam
784 581 899 650 harum
926 601 1036 652 rerum
1062 583 1232 652 scientiam
1255 582 1343 650 colli-

151 693 229 770 gant
253 694 285 752 et
316 687 515 756 obseruando
547 690 580 756 in
611 688 696 758 diem
729 699 869 775 augeant
893 699 926 758 et
950 689 1161 771 confirment,
1187 693 1257 757 sine
1280 711 1342 777 qua

152 809 245 858 nemo
268 792 437 882 discipulis
460 796 637 884 quidquam
663 795 813 883 prodesse
838 806 954 883 potest.
1004 797 1105 868 Vetus
1127 805 1176 866 est
1201 797 1340 864 Graeco·

152 917 224 965 roro
249 901 476 988 proverbium:

421 1009 520 1090 tityri
544 1009 684 1089 μσθνσσσὶ
708 1009 875 1091 κρείσσονες
898 1009 1112 1088 διδασκάλων,

115 1163 118 1174 .
150 1117 182 1176 et
207 1110 305 1177 nimis
328 1113 422 1180 multi
454 1116 492 1182 ad
520 1115 713 1182 Academica
742 1115 849 1182 studio
876 1128 941 1183 tam
968 1118 1108 1202 impares
1131 1123 1163 1182 ei
1190 1115 1341 1202 imparati

149 1214 325 1295 accedunt,
352 1221 773 1306 quoniamtirammaticoe
806 1225 886 1289 artis
910 1231 942 1288 et
971 1223 1004 1288 in
1038 1222 1089 1290 liis
1111 1221 1278 1308 prosodiae
1311 1231 1343 1288 et

148 1323 304 1391 metricae
328 1328 433 1413 prima
458 1328 632 1406 elementa,
656 1328 775 1415 quilius
799 1328 875 1395 solis
898 1349 971 1396 vera
991 1327 1138 1394 doctriua
1160 1327 1340 1414 superstrui

147 1438 271 1516 potest,
298 1451 358 1497 non
384 1433 532 1520 diligenti
564 1454 642 1502 cura
676 1442 709 1500 et
733 1433 892 1503 indelessa
917 1434 1078 1502 industria
1102 1433 1202 1502 veluti
1227 1432 1342 1500 firmis·

146 1535 230 1601 sima
256 1531 465 1605 fundamenta
497 1541 580 1606 iacta
612 1548 707 1616 sunt,
732 1539 787 1606 sed
814 1542 1014 1628 negligenter
1037 1549 1069 1608 ct
1100 1538 1275 1608 desultoris
1302 1537 1342 1604 ab

144 1642 243 1712 initio
265 1652 405 1723 ostenta,
426 1644 540 1713 deinde
563 1646 765 1723 intermissa,
788 1646 916 1714 tandem
937 1647 1029 1734 plane
1048 1645 1219 1724 derelicta,
1245 1654 1281 1715 ut
1301 1645 1343 1712 od

145 1747 284 1827 altiora,
306 1757 342 1816 ut
369 1752 481 1831 aiunt,
506 1751 662 1818 cicietur.
711 1753 792 1819 ilinc
822 1755 852 1820 in
876 1753 1046 1841 plerosque
1067 1754 1215 1824 convenit
1240 1751 1339 1839 Spor-

146 1861 297 1921 tanorum
323 1854 445 1922 dicium
475 1857 559 1944 apud
594 1858 778 1924 llsnoooruu
810 1859 877 1946 (lll.
911 1859 978 1950 to.)
1003 1860 1047 1925 rol
1077 1858 1134 1938 μὲν
1158 1865 1264 1940 πρῶτα
1288 1873 1340 1926 λε·

144 1960 265 2045 potore
289 1963 507 2042 ἐπιλελῆσθαι,
539 1963 583 2029 σνὶ
612 1963 644 2030 δὲ
667 1961 761 2046 r‘isrpor
781 1966 826 2046 pir
849 1965 992 2034 rutilior.
1039 1963 1108 2032 Non
1134 1963 1230 2030 semel
1257 1962 1339 2040 ridi,

146 2067 262 2154 quise
296 2067 488 2155 Sophocleas
520 2069 702 2155 tragoedias
733 2070 915 2157 complures
946 2069 1109 2138 lectitasse
1139 2068 1284 2136 dicerent
1308 2078 1337 2136 et

145 2175 252 2260 rogati
276 2195 372 2261 qoem
394 2177 573 2262 genitivum
608 2196 734 2264 nornen¹
758 2183 920 2261 Σοφοκλῆς
942 2177 1073 2246 haberet
1095 2185 1151 2244 aut
1177 2180 1338 2258 Σσφσκλσῦ

145 2287 204 2345 aut
230 2279 335 2346 simile
358 2281 434 2367 quid
460 2279 701 2368 responderent.
751 2283 763 2348 l
789 2303 875 2349 nuuc
898 2292 929 2350 et
947 2283 1026 2350 istos
1046 2281 1086 2348 de
1108 2280 1262 2350 cathedra
1280 2280 1339 2347 lin·

146 2403 247 2471 guam
272 2394 304 2454 et
323 2387 448 2458 litteras
469 2387 663 2454 Graecorum
687 2387 774 2455 doce.
811 2388 1065 2474 interrogaveris
1083 2387 1211 2454 eosdem
1225 2387 1279 2473 qui
1294 2385 1340 2452 la·

146 2499 238 2558 ctum
263 2493 322 2570 sit,
347 2491 459 2560 utilia
484 2494 589 2560 omnia
615 2495 760 2560 nescient
785 2495 902 2581 qulbus
922 2495 1119 2562 Litterarum
1144 2513 1216 2563 vera
1230 2492 1337 2560 studia

146 2598 310 2676 nitantur,
333 2599 540 2687 respondent:
567 2619 743 2686 corioquam
775 2620 810 2667 se
834 2599 911 2666 haec
943 2599 1122 2676 audivisse,
1149 2607 1206 2668 aut
1230 2598 1341 2668 doctos

143 2712 176 2771 et
201 2704 383 2771 admonitos
407 2726 476 2772 esse
501 2707 532 2774 in
559 2705 610 2772 liis
633 2725 704 2774 esso
730 2713 795 2774 tam
821 2710 1039 2776 necessarium
1061 2705 1226 2776 doctrinae
1247 2725 1338 2792 prae-

141 2810 282 2887 sidiuur;
316 2822 510 2879 accentuum
544 2832 670 2900 quoque
704 2815 862 2880 rationein
888 2822 921 2879 et
946 2833 1039 2880 usum
1075 2831 1137 2878 non
1170 2810 1336 2878 didicisse:

142 2937 261 3006 nempe
283 2919 476 3004 magistrum
502 2918 541 2986 de
565 2916 615 2984 lois
636 2927 692 2986 aut
717 2919 850 2986 veritum
878 2939 938 2988 non
960 2919 1073 2987 iecisse
1093 2937 1267 3004 umquam,
1282 2927 1336 2984 aut

140 3043 213 3092 eant
241 3044 310 3091 rem
336 3025 485 3090 inutilem
511 3045 581 3092 esse
603 3032 635 3091 et
659 3023 926 3094 contemnendam
961 3023 1097 3104 dixisse,
1132 3024 1249 3110 quippe
1274 3043 1337 3088 non

140 3149 212 3196 esse
239 3129 333 3197 nobis
365 3131 486 3198 Graece
519 3130 727 3218 loquendum,
752 3132 832 3198 satis
856 3151 925 3198 esse
950 3131 976 3196 si
1002 3131 1178 3218 scriptores
1199 3130 1338 3196 Graecos

139 3257 256 3304 omnes
288 3236 512 3323 inteilipomur.
561 3237 603 3306 Et
633 3247 682 3304 cst
718 3237 749 3305 id
782 3235 889 3306 hercle
920 3239 1020 3316 satis,
1054 3235 1110 3304 sed
1146 3256 1264 3315 nemo,
1302 3243 1338 3302 ut

140 3345 275 3430 opinor,
302 3342 361 3409 lroc
384 3352 591 3431 assequetur,
623 3345 679 3431 qui
704 3345 825 3431 optima
860 3341 1058 3430 intelligendi
1092 3341 1251 3430 praesidia
1284 3362 1338 3408 ne·

140 3449 282 3535 glexerit
308 3458 362 3515 aut
385 3451 555 3537 spreverit.
604 3449 723 3518 Vereor
745 3457 853 3518 autem
875 3469 915 3516 ne
941 3447 1033 3517 multi
1055 3449 1121 3514 siut
1142 3449 1258 3515 aetatis
1272 3450 1335 3516 iam

142 3556 360 3642 provectioris
390 3575 486 3643 qnam
521 3564 555 3622 ut
588 3575 606 3622 a
639 3576 690 3623 me
722 3555 899 3643 quidquam
936 3557 1025 3644 pravi
1050 3553 1266 3622 dedoceantur
1289 3553 1337 3622 rel

142 3663 226 3727 recti
258 3660 436 3749 quidquam
469 3660 647 3728 addiscant.
697 3661 758 3728 Vos
793 3671 919 3737 autem,
962 3666 1214 3738 toourscrrrrs,
1252 3679 1337 3745 quos

142 3765 227 3834 solos
253 3767 374 3836 tutelae
404 3785 494 3834 meae
520 3767 619 3848 duxi,
644 3787 700 3834 ros
724 3785 810 3833 nunc
834 3766 989 3854 alloquor.
1039 3765 1166 3852 Siquis
1192 3773 1335 3834 restrum

141 3871 183 3940 ad
204 3883 393 3940 accuratam
411 3873 608 3942 Graecarum
629 3873 813 3940 litterarum
833 3873 1000 3940 scientiam
1023 3872 1163 3959 aspirat,
1182 3873 1210 3940 is
1224 3871 1337 3959 proba·

142 3978 240 4047 bilem
267 3977 329 4043 sibi
361 3989 553 4046 accentuum
587 3981 734 4046 notitiam
767 4000 863 4067 quam
898 3978 1090 4048 maturrime
1113 3988 1276 4064 comparet
1302 3980 1335 4044 in

141 4085 372 4172 propositoque
395 4095 536 4173 perstet,
558 4104 745 4152 scurrarum
760 4084 931 4154 dicacitate
953 4093 984 4152 et
998 4084 1172 4151 stultorum
1187 4087 1336 4154 irrisione

141 4193 310 4258 immotus.
358 4189 439 4258 Nom
469 4192 537 4258 riso
566 4192 669 4278 inepto
698 4213 749 4258 res
778 4192 911 4279 ineptior
942 4191 1032 4258 trullo
1063 4201 1117 4258 est.
1166 4191 1227 4274 Qui
1252 4185 1372 4259 hnnc'

140 4297 326 4366 doctrinam
354 4297 457 4365 nescit
480 4299 555 4364 dum
589 4298 804 4382 ignorantiam
830 4317 920 4363 suam
950 4295 1071 4364 latetur
1094 4297 1243 4364 inscitiae
1267 4306 1336 4364 ton·

140 4413 211 4471 tum
238 4420 331 4476 reus;
355 4402 504 4489 quivero
525 4403 649 4469 nescire
670 4421 731 4467 non
755 4410 927 4468 contentus
949 4403 1151 4488 ignorantiae
1170 4422 1248 4470 suae
1260 4423 1336 4472 con·

141 4518 282 4579 temtum
308 4508 468 4595 praetexit
494 4509 623 4575 maioris
646 4507 759 4596 culpae
782 4506 887 4575 allinis
912 4515 972 4575 esi.
