3086 4974
661 373 731 444 569

279 568 360 650 πέρ’,
383 564 405 634 ὦ
429 564 549 642 τέκνον,
574 590 625 646 μοι
648 565 766 647 βρέφος
789 567 835 633 ἔτ’
859 565 933 633 ὄντα
957 567 1077 644 νήπιον,

107 669 264 742 inficetum
289 676 472 750 senorium,
498 674 530 738 in
551 693 615 760 qno
632 681 664 738 et
683 683 735 738 re
756 671 889 739 offendit
908 673 978 738 siue
998 672 1123 738 ratione
1142 669 1288 739 additum

106 787 135 844 et
157 779 270 848 inutile
294 806 345 861 μοι
365 790 398 847 'et
423 779 469 846 ἔτ’
491 778 565 844 ὄντα
588 779 705 862 βρέφος
729 780 851 856 νιὶπιον,
882 779 975 865 quasi
1002 797 1064 844 non
1090 780 1169 845 sniis
1193 777 1289 845 intel·

107 883 257 970 iigeretnr
282 907 394 954 reeens
419 894 529 952 notum
557 904 692 971 puerum
718 905 734 949 a
758 894 860 952 rnatre
885 883 985 951 inisse
1008 886 1202 971 expositum.
1241 883 1290 950 Si-

107 991 169 1057 nrui
200 1002 288 1061 arete
322 995 583 1078 coniunguntur,
616 999 652 1060 ut
676 1000 744 1056 orat
771 1011 919 1070 nerone,
950 987 964 1058 ὃ
988 989 1117 1068 ἐξέθηκα
1140 989 1290 1072 Κέκροπος

105 1097 133 1170 ἐς
155 1096 251 1181 ιἰντρα
282 1101 335 1167 καὶ
369 1098 505 1180 Μακρὰς
536 1105 756 1181 πετρηρεφεῖς,
791 1118 886 1184 quern
919 1117 1046 1164 versum
1080 1095 1120 1162 oo
1143 1097 1291 1182 vulgatae

107 1205 215 1272 uitium
242 1207 412 1276 molestum
439 1213 471 1270 ot
492 1203 559 1271 iere
583 1224 679 1271 sorrsu
701 1225 839 1272 noenum
860 1203 1006 1270 nonnulli
1026 1201 1198 1270 dolendum
1217 1224 1289 1271 cerr·

106 1321 248 1378 suerunt.
296 1313 387 1380 Nune
412 1320 537 1402 reperto
564 1330 638 1377 vera
662 1310 796 1377 tentione
822 1313 949 1377 intuto
970 1320 1030 1378 ost.

148 1417 325 1486 iiistriones
349 1437 445 1504 qumn
472 1416 546 1485 orati
572 1427 605 1484 et
629 1416 744 1484 miselli
764 1425 881 1504 poetae
899 1417 965 1483 sint
986 1413 1105 1482 indicio
1123 1413 1290 1482 est-lihesi

107 1520 251 1609 prologus
282 1524 322 1589 oio
356 1525 395 1590 iis
429 1524 614 1610 suppositus
646 1525 763 1611 partim
796 1531 943 1590 servatus
974 1523 1006 1589 iu
1033 1521 1159 1588 tarmus
1184 1523 1289 1607 Argu·

107 1637 227 1695 mento:
260 1627 359 1712 ἕτερόο
389 1654 437 1703 τις
468 1629 597 1712 Φέρεται
629 1628 778 1712 πρόλογος
809 1629 905 1712 πεζὸς,
931 1628 1012 1696 πάνυ
1036 1629 1088 1694 καὶ
1113 1630 1145 1694 οὐ
1169 1629 1290 1712 πρέπον

104 1734 257 1816 Εὐριπιῒρ.
282 1735 336 1800 καὶ
359 1735 452 1820 τάχα
476 1735 514 1802 ἄν
538 1760 645 1812 τινες
677 1743 749 1802 τῶν
781 1737 1004 1819 ὑποκριτῶν
1033 1733 1290 1802 trameant·

103 1862 168 1914 τις
203 1835 286 1906 εἷεν
317 1840 423 1909 αὐτόν.
457 1841 573 1908 deinde
604 1840 781 1908 versiculos
804 1840 897 1908 uiiert
921 1840 1031 1928 quales
1057 1841 1189 1908 Tzetzes
1212 1861 1289 1906 oon-

26 1963 28 1968 ’
104 1943 279 2012 scribilinre
310 1947 449 2028 solebat,
486 1948 516 2013 in
549 1948 667 2035 quibus
701 1967 762 2012 oron
795 1956 843 2013 est
876 1947 960 2012 mico
991 1945 1067 2012 sniis
1095 1966 1133 2013 ne
1163 1945 1291 2013 dubites

104 2051 184 2118 sitne
215 2055 376 2120 sententia
409 2053 547 2142 ineptior
570 2073 610 2120 an
636 2053 742 2119 verbu.
792 2052 1035 2120 Gontournimus
1060 2053 1121 2119 isto
1146 2063 1178 2119 et
1203 2050 1289 2119 rido-

104 2175 190 2248 mps,
222 2156 280 2228 sed
311 2156 441 2227 latitant
469 2161 567 2227 etiam
594 2179 680 2226 nuno
704 2158 788 2247 opud
815 2158 999 2247 Euripidem
1026 2159 1176 2227 uersiculi
1201 2160 1289 2226 eius·

104 2259 172 2328 dem
206 2261 330 2331 farinae
362 2266 402 2332 ab
436 2265 620 2332 iruiusmmii
653 2266 825 2352 poetam-is
854 2265 1056 2353 interpolati,
1087 2266 1142 2352 qui
1168 2285 1207 2332 ne
1232 2285 1290 2332 nos

105 2365 310 2436 irriiiieentur
334 2391 462 2458 semper
486 2370 596 2438 sedulo
620 2370 810 2438 envorrdum.

148 2473 249 2541 Venio
279 2496 364 2543 nune
396 2476 436 2542 ad
468 2478 552 2544 iocos
584 2476 738 2564 quosdam
770 2475 960 2564 Euripideos
992 2477 1108 2545 mondo
1137 2475 1286 2556 stieetos,

104 2599 238 2666 quorum
273 2601 347 2650 veru
379 2582 473 2650 leutio
506 2583 647 2651 numium
681 2593 729 2649 est
753 2603 771 2648 a
796 2583 929 2650 Gritiois
963 2592 1100 2671 repertu.
1151 2583 1289 2650 Laborat

104 2689 260 2755 sententio
287 2689 319 2755 in
344 2687 471 2755 Humum
496 2710 542 2756 rs.
571 2695 647 2756 510.

281 2795 385 2862 οὔκουν
407 2795 470 2862 τόδ’
493 2795 623 2878 αἰσχρὸν
643 2797 669 2862 εἰ
693 2795 844 2875 βλέποντι
867 2797 926 2875 μὲν
947 2797 1033 2880 φίλῳ

279 2902 434 2984 χρώμεοθ’
458 2903 524 2968 ἐπεὶ
549 2903 576 2967 δ’
600 2900 696 2967 ὄλωλε
718 2903 763 2980 μὴ
786 2903 939 2982 χρώμεοθ’
963 2901 1034 2982 ἔτος

141 3007 176 3070 Ιιι
202 3004 260 3072 toti
286 3027 322 3074 re
343 3007 553 3095 oppositionis
581 3007 825 3093 ratiopostulnt
854 3017 888 3074 ut
918 3007 981 3075 duo
1000 3009 1124 3075 diuerso
1146 3020 1289 3097 temporo

101 3109 147 3177 roi
171 3111 259 3179 motii
284 3114 369 3181 iuter
392 3135 426 3180 se
450 3122 707 3201 componuntur,
735 3123 769 3179 ut
795 3115 826 3180 in
855 3113 981 3180 Electra
1006 3137 1052 3182 vs.
1077 3119 1153 3182 536.

280 3220 409 3302 αἰσχρὸν
431 3221 496 3300 γὰρ
517 3221 543 3286 εἱ
567 3221 669 3300 πατὴρ
693 3221 750 3298 μὲν
773 3220 888 3298 ἐξεῖλεν
911 3221 1056 3304 Φρύγιος,

282 3326 346 3393 ὅδ’
370 3323 451 3406 ἄνδρ’
474 3323 515 3391 ἕν’
540 3321 583 3399 εἷς
607 3325 646 3390 ὢν
669 3327 702 3391 οὗ
726 3325 887 3403 δυνήσεται
911 3337 1054 3406 ατανεῖν;

144 3427 312 3518 Frequens
341 3441 391 3499 est
425 3432 477 3499 itio
510 3431 700 3517 compositio
724 3441 759 3498 ut
783 3451 820 3498 ex
845 3433 990 3514 αἰσχρόν,
1019 3434 1129 3510 δεινόν,
1154 3432 1290 3513 ἄτοπον,

100 3530 214 3614 ἄλογον
236 3545 270 3604 et
293 3539 367 3604 sim.
386 3536 574 3604 bimembris
594 3538 753 3603 sententia
775 3538 1011 3624 suspendatur,
1031 3558 1170 3625 qrrnrum
1189 3537 1290 3605 altero

104 3636 133 3704 io
157 3641 240 3728 quml
266 3640 389 3710 iactum
418 3654 467 3711 est
494 3651 621 3720 narmi,
653 3642 753 3709 sitem
779 3643 809 3708 id
836 3642 921 3728 quod
945 3645 1018 3730 quis
1043 3653 1138 3730 negat
1162 3651 1219 3709 out
1244 3642 1290 3710 iu·

103 3752 210 3814 turum
243 3767 313 3816 esse
344 3760 401 3819 aut
434 3751 501 3816 [ieri
536 3758 700 3837 oportere,
734 3757 770 3815 nt
804 3749 836 3814 in
868 3747 1093 3836 Aristophanis
1125 3747 1220 3816 Pluto
1245 3769 1290 3815 vs.

103 3854 176 3919 329.
772 3866 781 3874 ’

305 3961 396 4030 δεινὸν
419 3962 482 4045 γὰρ
507 3964 534 4029 εἷ
558 3959 722 4045 τριοιβδλον
745 3961 804 4042 μὲν
826 3958 935 4027 οὕνεκα

305 4066 481 4149 ‘instituent'
506 4069 630 4140 tatem
653 4070 684 4134 ἐν
707 4066 904 4152 τήκκλησίᾳ,

307 4174 401 4240 αὐτὸν
424 4175 456 4242 δὲ
479 4174 531 4240 τὸν
554 4179 691 4242 Πλοῦτον
713 4175 841 4255 παρείην
864 4197 906 4256 τῳ
929 4174 1054 4255 λαβεῖν.

103 4275 217 4360 quibus
243 4277 362 4346 simiiis
387 4279 540 4366 leguntur
563 4280 647 4368 apud
673 4300 802 4358 omnes,
825 4282 1016 4366 praesertim
1032 4281 1117 4368 apud
1131 4279 1291 4350 Oratores.

104 4378 137 4444 in
161 4379 340 4472 Cyropued.
367 4385 421 4454 IV.
449 4385 491 4454 li.
519 4392 572 4454 46.
598 4386 690 4454 δεινὸν
714 4387 778 4468 γὰρ
799 4384 858 4452 τᾶν
879 4385 940 4464 εἴη,
965 4383 985 4452 ὦ
1006 4391 1098 4470 Κῦρε,
1123 4387 1149 4453 si
1167 4388 1198 4454 ἐν
1218 4389 1293 4471 θήρα

101 4493 196 4552 ΜΕΝ
221 4489 375 4567 πολλάκις
400 4489 499 4560 ἄσιτοι
524 4499 748 4576 καρτεροῦμεν,
772 4529 817 4544 -··
835 4489 928 4572 ὄλβον
952 4502 1008 4558 Ae
1032 4489 1099 4559 ὅλον
1118 4493 1292 4573 πειρώμενοι
