3204 4978
707 369 777 438 313

72 599 77 608 ·
143 560 194 628 his
217 559 404 650 verbisipse
429 560 622 651 Thrasycles
635 560 820 630 helluonum
843 565 987 632 omniurn
1003 565 1240 652 gulosissimus.
1272 567 1331 635 Vo-
1363 619 1366 632 .

142 667 226 736 debut
258 667 367 736 dicere
402 668 551 735 Lueretius
586 669 600 734 d
639 668 762 735 πάντων
801 671 988 755 λιχνθτιιτος
1022 673 1075 740 κιιὶ
1111 674 1331 750 defensuram

141 783 173 842 et
197 796 231 842 se
256 774 392 842 mirifice
416 776 558 862 sperarit
576 794 646 841 esse
666 774 830 854 locutum,
850 798 950 864 quum
972 777 1031 844 hoc
1053 780 1100 846 sic
1120 778 1273 858 dixisset,
1296 788 1331 848 ut

140 888 190 948 est
214 881 247 946 iu
272 879 455 968 Lexipdace
479 885 537 958 54,
564 886 617 947 14.
643 877 662 946 θ
682 903 712 946 τι
732 905 788 963 περ
811 880 924 967 θφελθς
953 886 1047 964 ἐσμεν
1068 893 1124 961 τῆς
1147 887 1329 962 ἀττικίσεως

145 985 284 1076 [ἄκρον],
308 987 364 1054 ubi
395 983 486 1070 ἄκρον
516 986 673 1074 glossema
706 1000 773 1063 est,
804 994 836 1054 et
867 998 956 1056 recte
987 990 1072 1078 apud
1099 994 1332 1060 Aursrorerrru

141 1093 221 1160 lice.
246 1098 321 1160 444.
942 1117 944 1127 ·

393 1199 483 1270 κοῖςῖν
507 1199 550 1266 τὰ
574 1202 682 1282 πρῶτον
707 1209 763 1278 τῆς
788 1203 853 1269 ἐκεῖ
872 1203 1054 1284 μοχθηρίας.

142 1325 282 1393 nemque
306 1307 352 1372 sic
378 1306 446 1392 ipse
477 1304 571 1372 hume
596 1325 681 1374 unus
706 1327 746 1372 en
767 1306 876 1394 plures
894 1311 955 1395 Ῑῖοε
977 1310 1133 1376 delibatus
1153 1310 1263 1397 populi
1285 1309 1332 1375 di·

142 1414 231 1479 citur
255 1433 334 1479 esse.
383 1411 444 1478 Sed
476 1410 652 1479 absurdum
685 1423 735 1479 est
764 1411 833 1480 θτι
862 1439 918 1498 περ
941 1413 1052 1498 ὄφελος
1078 1435 1151 1482 cum
1177 1417 1330 1482 vitiorum

142 1518 329 1585 nominibus
352 1519 548 1606 coniungere
566 1527 598 1584 et
618 1521 761 1586 suaviter
785 1521 909 1587 risisset
933 1522 1014 1587 civis
1037 1522 1165 1588 Atticus
1186 1521 1332 1610 quilibet,

142 1625 200 1712 qui
231 1625 375 1707 λιχνεθιις
399 1625 452 1691 cei
484 1626 643 1701 ιῖπλιρςθοις
676 1625 788 1710 θφελος
817 1627 993 1694 audivisset
1024 1626 1198 1695 dicentem.
1252 1627 1330 1694 Turn

140 1733 320 1820 pericutose
345 1751 397 1798 res
420 1740 466 1798 est
488 1733 586 1798 nimis
609 1731 773 1817 eleganter
792 1741 825 1798 et
845 1735 1004 1820 exquisite
1024 1733 1131 1802 dicere
1151 1733 1248 1801 velie:
1268 1735 1331 1800 nisi

142 1837 284 1917 curebiS,
309 1839 437 1926 ineptus
457 1838 541 1916 eriS,
568 1837 630 1919 θρὶξ
653 1839 713 1904 ιθνθι
737 1839 860 1918 μέσσον.

188 1946 379 2013 Percurrern
406 1965 491 2012 nunc
515 1942 774 2011 ordinabuntur
799 1945 898 2012 lituos
921 1955 1013 2034 erut
1038 1946 1187 2034 quodque
1215 1948 1330 2014 vitium

136 2051 270 2140 dicendi
304 2062 472 2129 occurret,
508 2048 591 2137 quud
616 2049 745 2137 quideur
780 2052 903 2119 utiliter
932 2053 1147 2126 animadverti
1171 2062 1203 2120 et
1228 2054 1332 2121 notari

140 2160 262 2247 possit,
287 2158 398 2246 paucis
421 2175 568 2244 arguam.
618 2158 653 2223 in
681 2163 718 2235 1,
746 2164 799 2224 11.
823 2159 1082 2240 ἀποβλεπόμενος
1106 2161 1250 2228 occurrit
1275 2181 1332 2248 pro

140 2265 413 2349 περιβλεπθμενος.
461 2265 530 2347 Quo
569 2283 665 2330 sensu
699 2264 860 2332 Euurrruss
892 2265 974 2333 dixit
1010 2268 1253 2351 περιβλέπεσθαι
1287 2267 1332 2334 ci·

139 2397 220 2453 μιον.
240 2411 285 2423 -
304 2372 386 2438 κενὸν
409 2372 466 2450 μὲν
488 2368 556 2450 οὖν,
581 2379 613 2436 et
637 2371 846 2452 περίβλεπτος
870 2372 1018 2440 dicebant
1049 2382 1192 2453 veteru,
1219 2373 1329 2441 eudem

140 2479 291 2546 Lucretius
322 2478 403 2545 maie
428 2478 665 2556 ἀποβλέπεσθαι
694 2477 790 2559 dicit,
818 2489 853 2545 ut
877 2485 915 2558 5,
942 2485 992 2548 15.
1019 2479 1154 2563 ζηλωτὸς
1178 2477 1254 2548 εῖνσιι
1277 2481 1331 2548 κω)

139 2584 396 2667 ἀποβλέπεσθαι,
421 2593 453 2652 et
477 2583 563 2650 aiibi.
613 2582 648 2648 iu
679 2589 716 2659 5,
744 2588 774 2650 θ.
799 2585 868 2651 σθτε
893 2595 1038 2660 κοινωνεῖς
1061 2594 1120 2653 τῶν
1143 2587 1250 2667 θμοθων
1275 2587 1328 2654 λθ·

138 2717 223 2773 νων,
247 2690 399 2778 frequens
427 2691 485 2756 hoc
510 2691 541 2755 in
575 2690 705 2756 Lucuro
728 2691 842 2757 vitium
867 2703 933 2768 est,
958 2693 1013 2778 qui
1040 2694 1148 2759 neseio
1171 2693 1330 2780 qrromodo

139 2807 303 2874 κοινωνεῖν,
328 2795 412 2884 quud
435 2797 581 2878 μετέχειν
606 2797 767 2882 significet
788 2805 819 2862 et
843 2800 995 2864 κοινωνθιιν
1018 2797 1122 2882 ἔχειν,
1149 2820 1207 2887 pro
1230 2823 1328 2879 μετοι·

139 2905 252 2972 διδθνοιι
283 2903 391 2970 dicere
416 2902 515 2982 solet,
546 2901 746 2970 contundens
771 2912 915 2970 κοινωνεῖν
940 2913 971 2971 et
995 2910 1108 2972 κοινοῦν
1132 2906 1179 2972 ret
1204 2907 1328 2973 νῖνκκοι-

139 3013 272 3080 νοῦσθσιι.
299 3008 369 3076 vide
402 3015 464 3087 54,
496 3015 549 3077 54.
575 3009 683 3076 ἔλαθον
712 3007 828 3091 ἕτοιιρος
860 3011 944 3092 ιιύτῷ
973 3011 1026 3078 κον)
1051 3011 1176 3090 συνήθης
1201 3014 1330 3093 γενθροε·

140 3143 187 3194 νος
212 3115 271 3188 des
299 3115 422 3182 πάντων
453 3117 595 3182 ἐκοινώνει
622 3139 674 3196 μοι
705 3123 765 3182 τοῖν
794 3119 982 3199 ἀπορρήτων,
1007 3128 1064 3184 atrt
1089 3124 1151 3197 70,
1177 3122 1231 3185 90.
1255 3121 1330 3186 eito-

139 3223 283 3305 ydwrdr
315 3225 359 3292 εἐι
391 3223 461 3295 τοὺς
492 3223 549 3301 μὲν
581 3223 663 3301 ἡμῶν
692 3225 911 3303 ὑπερπλουτεῖν
942 3223 996 3290 κοιῖ
1028 3228 1149 3308 τρνφοῖν
1173 3227 1205 3292 σθ
1231 3249 1328 3294 κοινω·

140 3335 266 3404 νοῡντως
289 3325 327 3394 ὦν
348 3325 464 3409 -ἕχονσι
486 3335 550 3399 τοῖς
573 3327 753 3410 πενεςθροις,
785 3349 867 3416 quae
892 3333 918 3395 si
944 3332 1016 3417 quis
1042 3331 1192 3399 Veterum
1224 3332 1331 3420 legere

141 3437 316 3522 potuisset,
341 3435 540 3500 contrarium
566 3455 662 3521 quern
682 3434 766 3522 quod
786 3434 908 3502 dicitur
929 3435 1112 3536 significare
1129 3438 1240 3506 ridens
1263 3441 1331 3506 eni·

143 3540 386 3607 madvertisset:
413 3538 564 3607 siuriiiter
589 3547 649 3622 70,
676 3549 730 3610 55.
756 3543 804 3618 cie
828 3541 892 3623 γὰρ
915 3539 953 3608 θεν
978 3543 1137 3625 φθονήσειε
1164 3547 1206 3628 τῷ
1230 3569 1331 3614 κοινω·

143 3651 240 3712 νοῦντι
273 3647 337 3735 [κεῖ
368 3644 491 3735 διδθντι]
526 3655 584 3714 τῶν
615 3647 714 3724 ῖδθων,
749 3646 802 3714 ubi
836 3647 954 3714 sciolus
987 3649 1143 3735 tegentem
1178 3651 1332 3719 adiuvare

143 3752 260 3828 votuit,
286 3752 340 3819 sed
362 3753 558 3833 recredidisse
579 3753 712 3821 debebat
737 3774 868 3841 ponere,
893 3763 925 3822 et
946 3759 1006 3833 54,
1021 3759 1074 3822 46.
1097 3755 1167 3822 οὔτε
1188 3761 1268 3841 eim
1284 3781 1331 3834 τις

143 3859 270 3942 ἐδέχετο
300 3861 370 3926 σθτε
401 3861 491 3942 πνρδς
517 3861 534 3937 ἢ
560 3858 667 3936 θδσιτος
694 3862 844 3960 ἐκοινώνει.
894 3860 928 3926 iu
955 3863 973 3946 §
999 3867 1051 3928 lu.
1075 3863 1193 3930 eineder
1214 3865 1332 3948 διεφθο-

142 3949 234 4048 ρθτων
256 3965 408 4052 ᾀσμάτων
432 3965 510 4053 quid
530 3975 614 4042 esset
641 3988 734 4034 nemo
755 3969 935 4034 Atticorum
961 3967 1140 4055 intelligere
1158 3971 1332 4057 potuisset,

142 4071 261 4158 quibus
292 4073 435 4157 διέφθορεν
470 4071 633 4158 siguificat
670 4074 859 4157 διέφθαρκε,
901 4081 938 4140 ut
980 4075 1065 4163 apud
1098 4077 1332 4152 Arrsroruerru

142 4178 174 4243 ἐν
195 4187 394 4259 Τωνννιειιῖι
418 4177 535 4265 tregru.
562 4200 606 4245 ru.

415 4286 467 4352 τθν
491 4284 583 4368 θνδροι
607 4291 713 4354 τοῦτον
737 4287 863 4367 βιβλίον
886 4287 1038 4370 διέφθορεν

417 4394 434 4470 ἦ
459 4392 600 4474 Πρόδικος
625 4393 642 4472 ἢ
667 4400 725 4459 τῶν
748 4395 926 4476 ἀδολεσχῶν
951 4389 993 4467 εἷς
1017 4393 1056 4475 ριθ
1079 4419 1137 4469 τις.

143 4499 246 4568 etsie
270 4506 457 4568 constanter
480 4519 590 4568 omues
614 4499 766 4579 Veteres,
793 4499 930 4569 testibus
954 4499 1066 4568 multis
1083 4499 1211 4570 dicendi
1232 4501 1334 4588 megi-
