3086 4974
706 349 779 422 487

144 540 207 610 hat.
256 541 375 611 Deinde
399 545 512 620 τείσας
535 545 587 612 τὸν
611 545 706 626 δῆμον
730 545 791 637 (tei
823 543 931 623 τιθοίν,
961 553 997 612 ut
1022 555 1146 613 veteres
1170 545 1332 636 dicebant)

140 659 171 716 et
195 650 282 730 μετὰ
306 652 514 735 ψηφίσματος
547 651 632 719 idem
667 661 735 730 est,
760 651 1031 740 quemadmodum
1056 656 1089 721 οὐ
1113 653 1225 728 τείσας
1251 656 1333 734 θμοῖς

143 755 258 846 (acido)
294 756 377 823 idem
401 758 558 846 estquod
582 758 655 826 ἄνευ
679 757 838 838 δόγματος
864 759 1020 842 ὑμετέρου.
1068 760 1215 828 Priscum
1241 761 1354 828 τιθοίν·

141 861 190 928 his
214 861 308 930 habet
333 863 585 952 Aristophanes,
612 867 644 932 in
669 865 748 932 Bon.
777 871 875 948 1168.
898 870 931 935 od
955 867 1073 934 τιίθιν
1094 866 1165 942 τοὺς
1196 867 1330 950 κυρίους,

140 969 229 1034 etin
255 967 351 1036 Picto
376 975 456 1038 949:

629 1079 700 1146 οὔτε
722 1079 777 1155 την
800 1079 916 1158 βουλίην
943 1081 1060 1146 τιθοίν

410 1183 466 1261 nhc
485 1191 545 1251 τῶν
568 1191 699 1252 πολιτῶν
718 1184 789 1252 οὔτε
811 1187 866 1261 τίην
889 1185 1067 1263 ἐκκλησίαν.

140 1286 279 1355 iornnuia
309 1289 393 1356 iuris
424 1300 474 1357 est
505 1309 542 1357 eu
568 1294 711 1379 antiquis
737 1289 869 1376 iegibus.
919 1293 1070 1359 Recurcit
1094 1291 1203 1359 eadem
1230 1293 1329 1360 inteo-

139 1393 257 1481 polatio
279 1394 365 1482 apud
396 1395 586 1462 Aeschinem
621 1400 637 1481 §
667 1402 718 1463 43.
743 1402 874 1464 κθκείνοι
897 1399 955 1478 μὲν
978 1399 1078 1485 [μετόν
1101 1399 1326 1485 ψηφίσματος]

137 1502 303 1576 πείσαντες
326 1502 422 1581 ὑμᾶς,
440 1497 520 1569 οὗτοι
539 1503 566 1569 θ’
586 1501 659 1569 ἄνευ
678 1503 897 1585 ψηφίσματος,
920 1501 975 1570 sed
998 1513 1138 1592 praesint
1150 1504 1326 1572 Weidncnc

139 1625 271 1694 parere,
306 1607 361 1693 qui
392 1627 534 1694 pannum
566 1599 877 1676 aiiunde'assu'tum
911 1620 1015 1677 totum
1048 1607 1260 1679 dissuendum
1289 1620 1323 1678 et

139 1711 355 1780 obiiciendum
380 1715 517 1780 censuit.

183 1817 273 1900 Quod
298 1819 447 1906 sequitur
466 1821 588 1888 συνιδὼν
618 1820 653 1899 dii
683 1845 730 1896 τις
760 1825 865 1888 ταῦτα
897 1822 1087 1910 [νομοθέτης]
1113 1824 1212 1902 τίθησι
1236 1824 1325 1905 νόμον

138 1923 248 1993 eodem
276 1924 398 1993 iabocat
422 1927 501 1992 vitio
525 1927 607 2016 quod
630 1948 727 2016 supra
749 1929 945 1998 notavimus.

182 2033 217 2101 in
243 2037 261 2119 ς
287 2038 342 2100 tt.
368 2033 431 2100 οὔτ’
456 2034 588 2100 ἐναντίον
612 2042 675 2108 τοῖς
698 2035 838 2119 τρότερον
861 2035 1007 2116 κειμένοις
1030 2033 1131 2117 νόμοις
1155 2039 1246 2114 τιθείς
1276 2040 1323 2126 [οὗ

136 2139 199 2223 ρθορ
223 2137 348 2228 dissith
396 2139 471 2208 Ain’
496 2139 591 2207 vero?
627 2140 712 2226 Engo
735 2140 819 2228 quod
854 2161 916 2207 non
949 2142 1065 2209 licebat
1088 2143 1222 2210 Athenis
1255 2143 1324 2212 fieri

138 2266 198 2311 nnn
226 2244 368 2312 solebat?
406 2243 562 2333 Opinatus
587 2257 635 2313 est
660 2246 779 2313 sciolus
802 2245 912 2314 deesse
937 2247 1058 2335 aliquid
1082 2247 1123 2314 ad
1147 2252 1326 2318 sententiae

136 2351 388 2418 concinnitatem
413 2361 443 2419 et
469 2351 550 2418 nihii
573 2354 714 2440 reperire
735 2356 839 2439 potuit
863 2353 948 2440 quod
968 2364 1054 2422 esset
1073 2353 1238 2442 aliquanto
1259 2377 1324 2424 nie·

136 2455 199 2524 iius
222 2475 319 2544 quam
344 2457 504 2524 insulsum
530 2461 563 2525 οίο
586 2458 650 2540 γὰρ
674 2456 783 2537 ἕξεσιν.
835 2459 838 2463 ’
957 2466 980 2480 ’·

182 2563 216 2630 ln
242 2567 338 2649 §tu
363 2559 437 2630 όταν
461 2559 510 2630 οὖν
533 2564 680 2649 οὶταθείξη
703 2573 767 2637 τοῖς
787 2565 844 2644 μὲν
868 2565 925 2633 ὑπό
948 2573 1004 2640 τῆς
1027 2567 1142 2645 βουλῆς
1166 2574 1320 2651 τεφιονου·Ι

134 2668 234 2749 μόνοις
267 2671 311 2744 είς
344 2669 379 2736 τό
413 2671 626 2754 βουλευτήριον
661 2673 878 2753 ἀναρρηθῆναι,
915 2679 977 2746 τοῖς
1008 2673 1036 2738 δ’
1060 2671 1118 2738 ὑπὸ
1147 2678 1201 2740 τοῦ
1220 2675 1321 2753 Κδήμου

136 2776 402 2864 [ςεφανουμόνοις]
425 2778 468 2849 είς
490 2778 546 2852 την
569 2777 756 2858 ἐκκλησίαν,
782 2785 846 2851 τοῖς·
870 2777 899 2842 θ’
928 2779 985 2844 ὑπὸ
1010 2786 1068 2844 τῶν
1092 2779 1228 2857 δημοτῶν
1256 2781 1322 2867 [ςε-

132 2881 350 2969 φανονμένοις]
376 2883 429 2949 καί
453 2888 596 2967 Φυλετῶν
619 2884 740 2965 οὶτείτη
763 2886 807 2964 μη
837 2886 1038 2966 κηρύττεσθαι
1066 2894 1129 2957 τοῖς
1156 2887 1325 2968 τραγῳδοῖς

134 2990 199 3055 κτὲ.
247 2988 449 3076 Quicumque
479 2989 527 3056 vei
563 3010 676 3056 nasum
705 2989 799 3056 hahet
823 2988 871 3056 vei
896 3009 1007 3058 aunem
1031 2994 1066 3057 τὸ
1089 2993 1209 3074 ψυχρὸν
1233 2999 1322 3061 τοῦτο

133 3096 186 3162 καί
218 3094 395 3178 κακόφωνον
426 3094 650 3176 τιαρέμβλημα
681 3099 713 3163 οὐ
745 3099 921 3180 καρτερήσει
954 3099 1082 3166 οίκοόυν.
1132 3098 1170 3165 In
1203 3098 1321 3166 talibus

134 3200 334 3289 eilipsisnon
356 3201 487 3287 elegans
510 3212 575 3280 est,
601 3203 657 3270 sed
680 3221 814 3289 prorsus
838 3205 1031 3271 necessaria.
1068 3203 1324 3294 Equidem,·qui

133 3330 241 3375 curem
262 3307 359 3374 habeo
385 3305 554 3384 Batauum,
581 3309 682 3374 miror
707 3329 769 3395 quo
790 3317 882 3396 pacto
907 3311 979 3375 istis
1004 3309 1129 3376 tamdiu
1154 3313 1244 3398 parci
1268 3333 1324 3399 po-

133 3417 234 3482 tuerit
257 3414 298 3482 ab
323 3415 382 3492 iis,
407 3414 462 3500 qui
487 3423 605 3482 teretes
633 3424 664 3482 et
688 3413 870 3481 fastidiosas
892 3435 987 3481 aures
1012 3413 1129 3482 hahere
1154 3425 1320 3503 putantur.

178 3521 213 3588 ln
239 3525 257 3607 §
281 3525 334 3587 to.
359 3521 420 3587 οὐδ’
446 3519 484 3586 όν
505 3519 623 3599 itidem
648 3523 712 3588 octe
737 3517 780 3594 εἷς
804 3517 897 3596 οὕτως
918 3521 1049 3600 atreum
1074 3520 1192 3601 γένοιτο
1209 3519 1266 3592 τότε
1289 3521 1320 3589 ὃν

84 3675 88 3682 -
134 3627 227 3702 αὐτὸς
251 3627 341 3694 ἔδακε
372 3627 505 3712 ςέφανον
531 3623 605 3704 ἅμα
628 3626 848 3709 ἀνακηρύττειν
871 3628 922 3693 καὶ
947 3629 1148 3710 ἀφαιρεῖσθαι
1173 3629 1238 3718 [καί
1262 3653 1318 3695 κα·

133 3734 268 3820 θιεροῡν].
303 3734 418 3821 Atqui,
444 3731 577 3809 chone,
602 3733 636 3798 τὸ
660 3735 859 3818 ἀφαιρεῖσθαι
883 3733 997 3801 ταύτόν
1021 3736 1067 3804 det
1088 3737 1129 3816 τῷ
1150 3737 1319 3816 καθιεροῦν,

134 3847 171 3907 ut
194 3859 247 3905 res
270 3841 338 3927 ipsa
362 3839 462 3906 nocet
477 3848 509 3906 et
532 3838 629 3906 verba
653 3840 686 3905 in
712 3841 871 3928 proximo:
897 3841 949 3907 τὸν
971 3841 1003 3906 ἐν
1026 3851 1064 3926 τη
1095 3841 1245 3928 ἐκκλησία
1268 3841 1320 3912 τί·

132 3953 232 4031 φανον
262 3945 519 4029 acccusationi
549 3948 687 4035 (poterat
720 3956 752 4014 et
782 3950 966 4032 ἀφαιρεῖται
991 3946 1110 4036 dicere)
1135 3949 1212 4016 τίνα’
1239 3947 1320 4030 ἕξει-ι

132 4053 308 4130 κεκτῆσθαι.

177 4159 213 4227 ln
240 4161 258 4246 S
287 4165 340 4226 ii.
369 4157 419 4226 tva
450 4157 668 4243 κηρυττόμενος
700 4147 793 4241 μείζω
821 4159 914 4244 χοίρου
937 4162 1000 4246 eidi
1024 4167 1084 4228 τῶν
1108 4161 1321 4245 τεφανοόντιυν

132 4267 204 4347 ὑμῖν
227 4267 260 4354 [ἢ
287 4276 351 4342 τοῖς
375 4267 589 4352 τεφανοῡσινί.
639 4267 788 4334 Reishius
812 4269 931 4354 optime
956 4269 1058 4334 sensit
1076 4267 1251 4336 articulum
1273 4287 1321 4334 re·

131 4374 236 4462 quiri,
268 4370 303 4439 i'v'
334 4376 371 4439 ‘0
397 4370 635 4455 κηρυττόμενος,
668 4391 764 4459 quem
797 4393 890 4439 necno
914 4377 1073 4462 sequitur.
1123 4375 1230 4460 Turpe
1254 4394 1322 4440 em·

130 4477 257 4560 hiema,
283 4477 368 4566 quod
393 4499 468 4548 cum
493 4479 637 4545 omnium
661 4478 777 4566 plausu
803 4479 839 4546 ii.
872 4479 1010 4548 Woliius
1034 4480 1160 4568 primus
1184 4478 1320 4558 deiecit,
