3208 4972
736 362 804 435 ιον
891 315 896 324 ’

174 571 243 638 roric
268 564 374 634 ἱςοὶναι
398 563 449 626 καὶ
482 563 600 636 σίτησιν
623 559 744 626 διδόναι.
771 580 800 647 p.
827 564 903 626 (ολδ.
937 557 1091 624 Φίλιππον
1117 565 1259 640 χαλκοῦν
1291 564 1360 632 isoi-

174 695 221 735 σιν
244 678 277 736 ct
301 688 330 754 p.
356 671 433 733 sut.
458 665 586 732 Σόλωνα
608 671 750 744 χαλκοῦν
776 667 806 731 ἐν
830 668 931 749 opopa
954 673 1065 741 ςῆσαι,
1098 672 1247 754 et'saepe
1277 666 1363 754 apud

174 775 264 842 alios.
312 772 424 856 ltaque
448 773 475 836 si
499 771 552 836 cui
573 780 680 836 statua
704 790 743 837 cx
765 791 839 837 aure
861 779 946 836 cssot
968 771 1070 856 posita
1094 768 1263 838 dicebatur
1279 786 1364 852 χολ-

174 885 245 954 sono
269 877 387 948 ἐσιέναι.
426 877 604 942 llrnnnorus
633 875 674 943 ll.
703 882 776 943 tit.
808 876 862 943 xci
886 880 937 942 νῦν
966 873 1056 952 leuna
1087 877 1119 941 ἐν
1141 877 1183 958 σῷ
1208 877 1257 959 ι’ρῷ
1288 876 1364 942 λίνι-

175 1009 239 1060 νος,
269 985 316 1050 sic
340 991 372 1048 et
394 986 527 1062 χρυσοῦς
556 977 647 1057 ἕςιρκε
677 980 798 1048 dicitur
826 991 858 1048 ct
880 979 934 1057 ἔςνι
964 989 997 1046 el
1019 982 1167 1058 σήπεται,
1198 1000 1260 1046 non
1286 981 1364 1048 ilem

176 1091 306 1166 ςαοῖρναι
329 1087 590 1165 electionibus,
622 1095 808 1174 quaesunt
840 1086 1033 1154 Graecitatis
1063 1083 1303 1170 languescentis
1333 1094 1367 1153 et

177 1195 324 1261 labentis.
372 1191 455 1273 Quid
483 1195 582 1258 Porro
605 1191 774 1278 scripserit
798 1200 901 1278 potest
927 1191 990 1257 ianr
1013 1211 1052 1258 ex
1076 1189 1127 1256 bis
1150 1190 1278 1278 colligi,
1309 1191 1367 1259 scd

179 1319 296 1365 novum
340 1295 466 1363 accedit
506 1295 724 1363 emendationi
766 1295 963 1383 praesidium
999 1317 1017 1362 a
1049 1295 1166 1363 Leoion
1201 1297 1366 1364 Panarann.

179 1406 311 1472 Paccius
340 1403 447 1469 nescio
482 1399 566 1468 unde
600 1410 714 1467 nactus
743 1410 793 1467 est
822 1403 956 1489 antiqua
989 1402 1023 1467 in
1054 1401 1214 1468 Ριιτοιιιιιι
1240 1400 1367 1470 Scholia

181 1510 330 1598 perdocta
353 1517 386 1574 ct
405 1506 545 1593 vulgatis
569 1505 730 1592 plerisque
751 1505 863 1573 multis
887 1506 1033 1594 partibus
1057 1504 1208 1585 meliora,
1231 1525 1314 1594 quae
1334 1508 1367 1573 in

179 1635 272 1682 suam
303 1613 499 1698 farraginem
534 1612 655 1698 recepit
684 1621 717 1677 et
742 1613 865 1678 utiliter
888 1612 928 1677 ab
957 1610 1064 1699 aliquo
1094 1621 1305 1680 secernentur
1336 1621 1370 1680 et

180 1719 356 1788 Platonicis
380 1717 550 1783 addentur.
597 1717 633 1782 ln
659 1735 735 1782 voce
757 1717 935 1800 Κυψελιδῶν
954 1717 1103 1798 ἀνάθημα
1125 1726 1220 1784 uetus
1243 1727 1276 1784 et
1297 1737 1369 1805 pcr-

180 1823 351 1905 cruditum
373 1821 521 1890 Scholion
546 1823 578 1887 in
603 1820 743 1886 Phaedri
761 1821 783 1890 l.
806 1821 826 1889 l.
853 1825 1011 1904 servavit,
1037 1825 1070 1890 in
1093 1842 1159 1910 quo
1177 1841 1253 1890 uera
1272 1822 1369 1890 lectio

182 1930 337 2020 perlucet.
384 1929 420 1994 ln
454 1929 548 1994 unico
579 1925 697 1994 Codice
724 1935 775 1994 est
797 1929 995 2011 σφυρήλατος
1026 1929 1231 2007 lubacariae
1262 1927 1367 2004 deoida.

182 2035 317 2104 emenda
337 2031 442 2112 ἕςαοι,
466 2052 562 2119 quarn
585 2031 721 2098 [οιιιιειιιι
747 2032 917 2112 Graeculi,
936 2033 1013 2119 quia
1032 2031 1154 2100 dudum
1175 2036 1372 2112 amiserant,

183 2139 405 2228 interpolando
436 2137 546 2204 tollere
576 2148 808 2217 assueverunt,
846 2147 880 2204 ut
912 2139 944 2204 in
976 2139 1098 2207 broruu
1128 2140 1372 2228 Epigrammata

184 2247 311 2314 Anthcl.
340 2245 393 2310 Gr.
418 2243 487 2309 vot.
513 2243 537 2310 l.
564 2263 595 2330 p.
616 2247 679 2310 184
704 2243 820 2310 laenas,

299 2348 479 2434 Φωσφόρος,
504 2346 525 2414 ὦ
548 2347 681 2431 οοίπειρ’,
705 2349 754 2415 tort
779 2349 947 2425 Παλλοὶδος
971 2349 1080 2420 isoio
1104 2352 1224 2435 κλήρου.

185 2463 251 2525 imo
274 2457 370 2528 ἕςαθι.
417 2453 554 2522 contusa
579 2463 654 2520 sunt
677 2480 694 2530 ν
718 2464 752 2521 et
774 2481 804 2532 ι,
840 2462 875 2522 ιιι
900 2455 932 2521 in
961 2454 1205 2541 Epigrammate
1228 2455 1313 2544 quod
1338 2458 1372 2524 in

185 2563 296 2644 endem
326 2560 452 2628 Scholia
476 2567 598 2635 exsut,
630 2559 693 2638 alul
718 2558 800 2638 ἐγώ,
833 2559 886 2624 ubi
919 2559 996 2626 alibi
1020 2562 1145 2629 ostendi
1176 2565 1202 2630 εἰ
1233 2564 1278 2642 μὴ
1310 2565 1371 2642 ἐγώ

186 2667 423 2737 enrcndanclunn
445 2686 524 2733 esse.
569 2666 657 2747 Quae
681 2664 713 2731 in
739 2665 801 2730 line
821 2663 942 2750 legitur
959 2665 1103 2734 eiusdem
1128 2669 1373 2756 epigrammatis

186 2776 313 2842 diuersa
337 2773 456 2840 lorrrta:

390 2879 453 2957 etot
478 2880 539 2958 tyb
563 2876 652 2955 νὲξορ
675 2877 880 2960 παγχρύσεοι
904 2880 967 2958 οἷαι
990 2877 1135 2953 κολοσσός

436 2983 550 3061 ἐξώλης
574 2983 619 3061 εἴν
643 2984 821 3065 Κυψελιδῶν
844 2985 950 3064 γενεαὶ.

187 3095 232 3159 ita
258 3091 338 3158 anibi
363 3089 555 3174 corrigenda
580 3089 708 3155 uidetur
733 3097 768 3160 ut
791 3089 970 3157 scribatur:

390 3196 416 3262 ai
440 3196 485 3275 poio
508 3195 605 3275 ἐρὼν,
627 3191 728 3274 ὦναξ,
752 3193 956 3277 παγχρύσεοι
979 3197 1045 3264 κσὲ.

186 3303 289 3387 Quam
310 3301 476 3389 depravati
493 3310 526 3367 et
542 3297 726 3386 interpolati
745 3301 811 3366 sint
829 3299 976 3366 Pannonis
995 3300 1129 3371 Codices
1146 3305 1245 3371 etiam
1261 3304 1376 3391 optimi

186 3419 219 3476 ct
251 3407 416 3474 veterrimi
448 3404 619 3493 aliquando
648 3403 756 3472 dedita
790 3424 886 3493 opera
919 3404 1162 3475 demonstrabo:
1194 3411 1228 3476 in
1256 3409 1377 3476 vicinia

188 3515 269 3592 loci,
292 3512 411 3599 dequo
431 3511 591 3589 diximus,
615 3509 714 3577 huius
732 3511 781 3578 rei
805 3511 931 3596 insigne
953 3509 1182 3582 documentum
1203 3523 1267 3593 est,
1291 3513 1378 3602 quod

187 3621 291 3687 obiter
313 3615 483 3684 ostendere
508 3619 606 3684 iuval.
634 3638 665 3705 p.
689 3619 754 3683 tan
774 3637 802 3682 u.
822 3614 930 3683 editur
949 3617 1050 3700 ρ’νπέον
1073 3619 1130 3698 μὲν
1153 3618 1217 3702 γάρ
1235 3643 1280 3686 σοι
1300 3644 1377 3686 παν·

187 3729 239 3802 πὸς
263 3721 386 3807 μᾶλλον
415 3721 509 3798 οὕτως
540 3721 620 3798 ὅπως
644 3719 702 3797 oldc
731 3746 767 3789 σε
799 3718 837 3789 εἷ.
862 3719 913 3788 ἵνα
938 3722 969 3788 δὲ
999 3724 1044 3801 μὴ
1075 3726 1110 3790 cl
1141 3731 1200 3791 τῶν
1230 3725 1378 3808 κωμῳδῶν

187 3831 329 3917 Φορσινιδν
359 3834 499 3913 πρᾶγμα
529 3828 782 3911 οὶναγααζῶμιδα
813 3835 907 3894 ποιεῖν
941 3829 1196 3905 οδνσαποδιδονσες
1226 3831 1376 3908 αλλήλοις

188 3937 389 4017 chondriton.
424 3935 566 4022 optimus
589 3936 727 4022 quisque
752 3931 855 4001 Codex
879 3953 954 4000 cum
986 3937 1105 4002 eximio
1127 3936 1300 4005 Bodleiano
1323 3957 1378 4004 ex-

188 4043 277 4112 hibet
299 4041 351 4109 ἵνα
373 4043 439 4121 μή,
470 4061 532 4107 non
554 4039 605 4108 ἵνα
629 4041 659 4106 δὲ
683 4041 739 4120 μή.
765 4041 906 4127 optimc,
939 4041 965 4105 si
993 4042 1216 4129 importunum
1241 4044 1378 4123 εὐλαβή·

188 4154 253 4227 θησι
278 4145 474 4234 magistrun,
498 4147 554 4234 qui
574 4145 763 4232 adscripsit,
789 4144 989 4224 reddideris,
1009 4158 1045 4213 ut
1064 4145 1114 4214 boo
1134 4152 1179 4228 μή
1205 4147 1341 4236 pendeat
1360 4169 1379 4216 a

189 4253 295 4321 uerbis
318 4247 421 4338 ρνρτέον
443 4253 560 4325 παντὸς
581 4256 724 4331 μᾶλλον,
748 4249 804 4317 sed
827 4250 866 4317 ad
891 4252 1045 4319 bucranuu
1070 4254 1175 4322 redeo.

234 4359 270 4426 ln
303 4360 322 4444 ς
352 4361 404 4423 16.
435 4357 558 4426 solocce
588 4355 697 4424 editur
730 4357 806 4441 Φέρε
838 4358 1096 4438 οὶπολογήσοροοοι,
1127 4365 1215 4427 recle
1247 4365 1308 4437 59,
1344 4365 1376 4428 6.

188 4466 263 4549 φέρε
299 4463 481 4542 διέλθωμεν,
520 4472 589 4532 tum
627 4461 731 4534 ἕναςοι
767 4464 836 4541 σοὺς
868 4463 940 4530 τοίε
976 4463 1134 4532 coalescat
1170 4467 1202 4531 in
1239 4464 1375 4534 ἑνοὶςοσε.
