3150 4972
688 347 758 420 107

178 549 254 633 Quis
287 546 395 615 credat
418 542 587 633 probatum
614 547 802 633 scriptorem
831 545 973 632 potuisse
1005 545 1146 612 scribere
1171 543 1252 632 quod
1277 541 1329 612 1εὲ

136 657 218 742 gitur
238 661 277 734 8,
305 661 363 731 tt,
391 661 419 718 l.
444 651 543 726 συνεὶς
568 652 598 716 έν
621 653 754 735 οόφόκτῳ
776 652 922 733 ἐχόμενον
943 653 1050 719 έοιυτόν
1073 653 1217 718 ἱκέτευεν.
1261 655 1319 718 Pu·

137 760 311 826 tabimosne
341 760 495 826 nesciisse
523 757 679 825 beennon
715 759 831 824 Graece
862 758 926 824 diei
957 767 1122 845 oportere:
1158 759 1256 832 συνεὶς
1289 761 1320 823 ἐν

135 865 260 952 όφόκτῳ
293 866 461 948 ἐχόμενος,
493 871 526 928 at
558 884 619 928 nou
655 863 816 930 nesciebat
849 884 949 951 quum
984 863 1140 930 scriberet
1164 871 1203 944 5,
1231 869 1262 930 8.
1286 867 1319 930 eri

136 975 219 1039 συνόει
249 971 353 1054 κόρυξι
382 970 434 1038 nal
462 968 564 1042 λύκοις
596 969 798 1052 χαριζόμενος
831 978 887 1035 aut
920 975 981 1048 10,
1018 975 1078 1049 lt,
1104 975 1135 1036 6.
1161 973 1193 1036 οὐ
1217 970 1319 1054 γνώσῃ

135 1081 256 1146 σεοιυτόν
279 1079 332 1146 ueri
355 1079 491 1154 συνέσεις
516 1074 570 1150 ἤδη
595 1077 694 1157 νεκρός
717 1078 776 1155 ὤν,
804 1075 856 1142 ubi
878 1073 950 1141 libri
971 1076 1085 1162 scripti
1103 1096 1214 1142 omnes
1229 1086 1320 1160 συνῇς

137 1183 330 1272 praeierunt,
355 1182 440 1248 unde
465 1181 580 1266 reliqui
613 1180 749 1248 formam
774 1181 945 1248 barbaram
975 1183 1088 1266 συνόσς
1110 1191 1320 1269 receperunt,

136 1291 291 1358 Bnursnus
315 1293 452 1367 συνόσεις
477 1285 577 1355 dedit.
626 1288 795 1375 ttxpuncto
815 1288 1059 1374 collegendum
1080 1289 1177 1361 συνεὶς
1198 1289 1252 1365 ἤδη
1275 1313 1320 1355 νε·

136 1397 196 1479 apic
219 1397 266 1462 dr.

174 1501 266 1569 Gravi
291 1521 402 1568 errore
426 1521 444 1566 a
468 1498 583 1565 scribis
605 1499 731 1566 invecto
754 1499 874 1586 legitur
897 1505 957 1578 68,
985 1503 1037 1564 tt.
1063 1499 1124 1583 ἔφη
1149 1499 1197 1568 οὖν
1221 1525 1321 1569 κοσκ-

136 1608 238 1687 λιοβεῖν
270 1610 367 1676 αὐτόν
389 1608 499 1691 χυμοὶ
524 1605 700 1687 κυλιόμενον
724 1607 965 1690 καὶ-ψυχρόν
989 1606 1155 1685 eleonora,
1182 1607 1322 1674 έοιυσόν

136 1713 162 1778 ll
189 1717 232 1794 μὴ
264 1715 383 1790 δοῦναι,
415 1733 472 1798 pro
503 1710 572 1778 ἓδὲ
602 1715 647 1790 μὴ
680 1713 801 1792 δοῦναι,
835 1721 871 1778 ut
912 1715 943 1778 in
977 1713 1124 1778 Petroms
1157 1711 1321 1800 Symposio

137 1839 162 1904 p.
189 1824 260 1886 llti.
287 1839 317 1885 c.
343 1815 358 1882 ἓ
386 1818 417 1883 δὲ
449 1820 502 1884 οὐκ
526 1819 597 1894 ἑοῖο,
631 1817 684 1884 ubi
717 1817 771 1884 alii
795 1817 868 1884 libri
893 1839 931 1884 ex
956 1818 1125 1884 manifesta
1150 1818 1320 1906 interpola·

138 1925 216 1991 tione
246 1924 345 1991 αὐτόν
375 1923 406 1990 δέ
436 1924 489 1989 οὐκ
520 1925 592 2002 ἐᾶν,
624 1925 655 1988 in
689 1924 810 1990 Lucrum
835 1925 902 1990 loco
925 1923 1042 2010 duplex
1066 1926 1228 2011 scriptura
1252 1917 1267 1990 ἓ
1290 1933 1322 1992 et

137 2032 220 2097 eicie
244 2033 276 2096 in
307 2049 404 2096 unam
429 2025 558 2094 coaluit.
606 2029 640 2095 ln
666 2027 857 2096 Hermotimo
883 2034 941 2104 20.
967 2033 1009 2096 36
1034 2036 1129 2113 φοῖεν
1148 2032 1211 2113 νόος
1233 2029 1273 2096 όν
1295 2033 1321 2096 οἱ

137 2136 367 2219 Ἐσικσόρειοιῆ
400 2134 590 2200 Πλιισυνικοό
615 2139 703 2218 σφοῖς
735 2138 791 2216 μὲν
824 2137 929 2202 οὑτωσὶ
954 2137 1067 2202 σιόένιιι
1100 2137 1160 2225 (sle
1186 2138 1319 2203 becses.

137 2265 186 2330 pro
217 2243 294 2312 οὕτω
327 2240 530 2324 ξυνσιόένιιι),
564 2241 647 2320 ὑμᾶς
672 2242 703 2307 δὲ
726 2243 817 2308 πέντε
842 2247 859 2321 ἢ
885 2243 969 2308 ἐστόν
998 2241 1102 2320 λέγειν
1127 2243 1231 2322 edroi,
1257 2263 1320 2308 non

137 2349 259 2418 debebat
276 2351 440 2416 Recursus
452 2345 619 2426 dubitare,
633 2348 711 2434 quin
725 2353 837 2431 σφεῖς,
860 2369 916 2435 pro
936 2352 1023 2432 σφοῖς
1042 2357 1127 2415 esset
1140 2349 1321 2415 rescriben-

137 2455 215 2524 dum.
261 2457 382 2524 llorma
413 2453 613 2541 pronominis
643 2459 753 2537 σφεῖς,
784 2474 865 2540 quae
899 2454 974 2521 olim
1008 2457 1038 2520 iu
1074 2455 1319 2522 desuetudinem

138 2562 270 2643 abierat,
305 2561 420 2628 scribis
451 2568 483 2625 et
514 2559 688 2626 lectoribus
719 2580 798 2626 uota
832 2568 864 2626 et
899 2560 1043 2627 inatrdlta
1076 2582 1139 2627 non
1179 2560 1271 2628 facile
1303 2584 1321 2628 e

137 2681 349 2738 correctorum
376 2665 524 2732 manibus
548 2665 635 2732 salva
660 2665 817 2746 elabitur,
844 2669 935 2733 utin
961 2667 1172 2734 Xmornosns
1195 2667 1320 2734 Hellen.

138 2773 183 2841 Vl.
214 2784 252 2854 5,
288 2781 341 2841 55.
380 2773 418 2861 [oi
449 2771 686 2849 Λοικεόιιιμόνισι
722 2770 843 2861 ἔλεγον]
879 2768 924 2838 ότι
955 2773 1102 2853 Θνβοοόυν
1128 2773 1321 2852 βουλομένων

137 2881 304 2956 irascimur
332 2887 456 2954 σόιιῑσιιι
488 2880 547 2952 σόος
579 2880 711 2956 'Atinae
743 2881 883 2962 σφόσιν
914 2879 1050 2958 ἐμποδὼν
1081 2880 1234 2959 γένοιντο,
1260 2879 1321 2946 Do·

137 3006 238 3056 umens
261 2989 384 3075 optime
406 2990 497 3068 σφεῖς
522 2985 634 3071 reponi
656 2985 769 3064 iussit,
795 2984 881 3071 quod
899 2984 1010 3052 vellem
1032 2985 1214 3051 brunonrrus
1233 3005 1322 3053 rece·

138 3096 237 3180 pisset.
288 3091 479 3185 Plenissime
503 3089 582 3157 baec
607 3091 812 3156 confirmabit
835 3093 973 3158 exiruius
996 3090 1086 3156 locus
1112 3091 1323 3159 bcuosrueuts

138 3199 217 3268 dett.
232 3201 273 3268 L.
297 3221 327 3288 p.
345 3203 427 3274 eet,
454 3200 506 3262 bt.
531 3191 603 3273 όλςν
620 3221 655 3263 σε
674 3199 729 3273 τὴν
754 3197 843 3265 τόλιν
859 3195 935 3264 οὕτω
959 3197 1012 3264 rori
1036 3202 1124 3281 σφοῖς
1147 3197 1324 3278 ὡμολόγουν

139 3307 276 3390 circipene
298 3306 402 3388 αὐτῷ,
435 3303 489 3369 ubi
514 3304 539 3367 si
563 3302 704 3369 dicerem
727 3311 818 3387 σφεῖς
837 3324 875 3371 ex
894 3304 1088 3370 Graecitatis
1108 3305 1237 3390 ingenio
1253 3325 1325 3373 esse

138 3412 370 3500 reponendum,
396 3409 534 3476 multum
561 3408 667 3487 abest,
692 3410 807 3486 credo,
834 3415 868 3474 ut
893 3408 952 3474 boc
971 3409 1141 3496 probarem
1164 3411 1324 3490 omnibus,

138 3517 284 3588 librorum
318 3516 498 3605 scripturas
522 3515 619 3580 etiam
647 3514 747 3582 multo
776 3514 981 3582 absurdiores
1006 3516 1216 3602 pertinaciter
1238 3518 1323 3583 tueri

139 3625 243 3693 solitis.
290 3625 383 3693 llrrnc
415 3641 509 3688 nemo
538 3619 719 3700 dubitabit,
751 3623 903 3708 quoniam
937 3641 1020 3688 unos
1051 3621 1153 3699 liber,
1187 3621 1242 3688 sed
1268 3623 1323 3708 qui

140 3733 280 3798 omnibus
306 3749 391 3797 unus
414 3727 591 3815 plurimum
617 3735 779 3814 praestat,
807 3728 970 3793 Parisinus
995 3727 1036 3805 S,
1062 3747 1192 3794 manum
1219 3738 1325 3794 orato·

142 3839 182 3902 ris
202 3845 293 3922 σφοῖς
317 3836 469 3904 serravit.
518 3833 630 3920 ltaque
656 3854 742 3900 nunc
766 3832 846 3899 ruibi
866 3832 955 3900 credi
984 3834 1100 3920 poterit
1130 3835 1162 3899 in
1190 3833 1327 3900 Aeclrori

144 3939 190 4008 l'l.
220 3949 256 4023 b,
292 3949 343 4011 10.
374 3944 399 4009 oi
430 3943 460 4007 δὲ
492 3941 579 4020 λόγοι
615 3934 692 4014 ἦσαν
723 3941 900 4012 adroic-
922 3940 993 4015 τοὺς
1024 3941 1082 4019 μέν
1105 3941 1212 4016 τόνους
1236 3944 1325 4024 σφόις

143 4047 234 4130 ἔχειν,
256 4053 299 4118 τόι
322 4051 354 4118 δὲ
378 4049 465 4131 κέρδη
490 4044 624 4124 ἄλλους,
652 4066 713 4112 non
737 4050 825 4129 σφοῖς
850 4045 904 4114 sed
935 4051 1027 4129 σφεῖς
1051 4048 1231 4132 genuinum
1255 4067 1326 4114 esse

143 4162 173 4220 et
194 4155 383 4224 Xsuoruourr
411 4147 623 4222 reddendum.

187 4260 242 4328 Pro
273 4261 455 4330 necessario
486 4259 692 4326 coniunctim
715 4257 765 4325 vel
789 4277 863 4326 cum
889 4257 1089 4327 barbarismo
1112 4261 1326 4330 indicativum

147 4377 267 4436 serrant
288 4389 400 4437 omnes
418 4371 457 4446 6,
482 4369 513 4434 6.
537 4365 571 4432 τό
593 4366 755 4447 νομόσομον
780 4386 837 4453 pro
859 4364 893 4433 τό
915 4367 1098 4448 νιμόσυμσν.
1124 4367 1328 4437 contracon-
