3086 4974
651 363 721 432 513

92 565 213 627 Tenc
248 555 376 644 [πρύιρν]
409 561 578 636 προσκυνῶν
600 559 656 632 τίρν
679 555 780 632 ύύλον,
809 572 921 620 ornnes
945 561 1031 620 recto
1054 550 1153 631 πρύνρν
1175 549 1277 616 eiece-

91 671 180 732 runt.
226 661 351 732 Sciolua
382 681 422 728 ne
453 661 575 728 scieltat
599 661 730 748 quidem
755 660 833 747 qiiid
860 670 944 728 esset
968 659 1063 734 ricc,
1086 665 1119 723 ot
1142 656 1281 741 arripnit

92 770 191 851 πρῶνν
211 776 352 848 tentore,
377 767 652 854 consonantiae
674 767 706 833 id
722 768 803 832 satis
813 765 985 834 convenire
998 762 1141 852 potabat.
1167 761 1282 828 limen·

90 873 165 942 date
187 875 307 961 legitur
330 871 414 961 nptnd
440 871 653 940 Scholiastam
679 871 820 948 Platonis
844 873 883 938 nd
908 869 1123 959 Hipparchum
1148 871 1280 955 Μαί).

93 1002 123 1050 n.
155 981 253 1054 τέωο
280 981 370 1056 δηλοῖ
396 979 432 1046 τί
462 983 616 1061 προτοῶ.
652 978 862 1059 Δημοσθένης·
893 979 1026 1052 iriae
1054 979 1284 1058 προσκυνῶν

94 1088 162 1162 rior
186 1085 316 1153 ύύλονι
397 1095 400 1102 ’

141 1193 234 1260 mm.
267 1212 298 1278 p.
323 1195 410 1272 tto,
445 1197 477 1258 3.
503 1192 692 1271 έμισύύσατο
711 1189 1149 1264 -τοῶτον-έπωρα-τῶν
1171 1187 1215 1253 τίν
1239 1184 1285 1253 δέ·

96 1322 174 1366 κανα
195 1297 389 1378 βουλομένων
412 1295 533 1388 {iada}
546 1297 693 1380 πρρίττειν
717 1298 866 1379 περιέται.
902 1297 1083 1364 insiticium
1107 1313 1178 1362 osse
1201 1295 1286 1372 ἡμῶν

96 1403 234 1474 αἰνουσῶν
265 1402 431 1472 collocatio
462 1405 582 1490 arguit.
620 1405 787 1470 Praeterea
813 1402 915 1470 nrulto
940 1409 1081 1490 praestat
1105 1399 1137 1466 id
1160 1398 1284 1466 audito·

97 1509 187 1576 ritus
210 1509 417 1596 cogitandum
443 1509 636 1596 relinquere.

142 1615 231 1682 idem.
264 1636 294 1702 p.
319 1619 407 1695 445,
443 1621 484 1683 io
515 1617 560 1683 τιδ
582 1622 642 1683 τῶν
664 1614 845 1698 συμμύχων
866 1619 925 1682 τῶν
949 1613 1102 1697 ἡμετέρων
1128 1609 1282 1703 [Φωκέων]

96 1721 191 1804 τείχνι
224 1723 475 1800 κατεσκάπτετο,
509 1723 606 1790 nimis
632 1721 729 1810 probe
760 1721 905 1788 sciebant
935 1739 1065 1800 omnes,
1096 1719 1135 1786 de
1166 1717 1285 1805 quibus

98 1825 176 1893 liaeo
198 1825 395 1896 diceremur.
432 1827 464 1896 Si
490 1828 670 1896 Phocenses
695 1829 861 1894 nominare
886 1827 1037 1894 voluisset
1062 1827 1106 1894 ito
1131 1824 1282 1893 dixisset:

97 1933 140 2000 τίι
172 1931 203 2000 δδ
225 1939 284 2000 τῶν
309 1933 433 2000 Φωκέων
454 1941 514 2000 τῶν
538 1933 690 2016 ἡμετέρων
713 1935 893 2015 συμμάχων
915 1936 1008 2017 τείχκ
1035 1930 1285 2000 κατεσκοίπτετο.

142 2039 232 2106 [lem.
266 2060 298 2126 p.
324 2043 406 2113 446.
442 2045 496 2108 20.
527 2035 573 2106 ίτι
604 2040 669 2126 γὰρ
699 2043 786 2106 ταῦθ’
810 2041 919 2114 οίπλῶο
943 2037 1209 2122 δεδαροδίκιρΝπαι
1231 2037 1285 2104 καὶ

97 2148 191 2224 πιμίρν
214 2143 337 2226 ἔχουσιν
358 2142 505 2211 ιίποίντων
528 2145 641 2213 τούτων
665 2143 755 2214 οὗτοι.
789 2146 937 2214 Editores
961 2145 1111 2212 videntur
1135 2141 1216 2211 ούτοι
1239 2144 1287 2210 δε·

97 2249 313 2333 δυροδύκιρνται
335 2251 548 2336 coniungere,
573 2254 665 2339 quasi
690 2260 776 2320 essct
800 2249 885 2318 idem
911 2250 994 2339 qnod
1018 2249 1288 2333 διδοροδοκύκασι,

99 2354 185 2441 qnod
207 2369 272 2422 non·
294 2355 409 2424 ntalius
432 2366 483 2423 est
506 2376 602 2444 qoam
623 2359 788 2441 χαίρομαι.
814 2356 1025 2423 Scribendom
1046 2353 1289 2438 lanceationem

100 2467 224 2538 ταῦτα,
248 2461 277 2527 id
302 2471 366 2529 est:
391 2461 450 2532 ύπύ
473 2470 531 2532 τῶν
554 2463 788 2546 δωροδοκούντων
808 2463 970 2546 προειμένα
993 2463 1038 2534 ecl
1058 2464 1111 2529 καί
1133 2484 1289 2543 καταπρο·

99 2567 256 2648 δεδομένα.

147 2675 221 2742 Post
242 2694 341 2760 nauca
362 2675 408 2742 ito
428 2673 553 2744 editur:
577 2677 697 2745 δέδοικα
718 2679 764 2758 μὴ
780 2677 953 2744 τούναντίον
970 2672 1005 2743 ού
1015 2675 1171 2756 βούλομαι
1186 2674 1289 2762 [ποιῶ]

101 2779 223 2864 σφέδρα
254 2781 388 2862 οίκριβῶο
421 2781 440 2848 δ
467 2781 572 2849 κνύναι
599 2787 779 2867 πειρύμενος
804 2785 916 2866 διοχλῶ
940 2781 1043 2849 πνίλαι
1067 2782 1152 2848 τοῦτ’
1175 2779 1289 2854 αύτούς

102 2889 186 2966 darie
216 2807 560 2961 σίδέταςπιῶίυιιοιν
593 2900 670 2957 sont
698 2889 818 2958 δέδοικα
843 2893 889 2970 μίι
917 2889 1050 2970 διοχλῶ,
1073 2896 1105 2953 et
1128 2892 1200 2954 ποιῶ
1224 2893 1288 2952 sto·

101 2992 164 3060 lide
197 2992 424 3079 interpolatum
459 3003 509 3061 est
532 2993 572 3062 ab
596 2995 722 3084 aliquo,
750 2998 805 3083 qui
831 2997 969 3065 Atticam
995 3002 1194 3062 structuram
1217 2991 1288 3057 τοῦ·

101 3099 220 3166 ναντίον
242 3095 277 3165 ού
298 3100 455 3179 βούλομαι
480 3120 541 3167 non
566 3105 646 3168 satis
667 3111 809 3190 caperet.

148 3206 237 3274 ilem.
270 3225 299 3291 p.
336 3210 420 3281 447.
454 3211 509 3274 26.
545 3207 604 3277 tec
635 3209 699 3290 χίορ
729 3207 852 3276 ποίνΤΑ
877 3209 1015 3283 Tacita
1039 3203 1138 3284 λέξειν
1160 3204 1288 3273 τουτονί.

101 3311 162 3378 llio
186 3310 295 3378 dicere
318 3317 442 3397 poterat
467 3312 494 3378 si
518 3314 624 3380 omnio
645 3335 725 3401 quoe
747 3337 820 3382 vero
838 3323 938 3380 errent
960 3312 1052 3380 vallet
1070 3310 1187 3378 dicare.
1215 3311 1289 3377 Gor·

101 3419 161 3503 rig.
186 3416 280 3484 πύνσ·
306 3417 443 3494 Ἀλκίῆ,
468 3416 574 3484 idest
599 3420 720 3497 omnic,
752 3439 834 3506 quae
857 3419 1007 3486 dicturus
1030 3421 1090 3496 sit,
1115 3439 1189 3483 cero
1211 3438 1288 3484 aare.

148 3523 237 3592 Dent.
262 3545 291 3611 p.
320 3527 402 3600 449,
433 3529 483 3591 10.
509 3524 625 3592 τούτων
648 3527 710 3607 yria
734 3525 910 3594 ιέπιίντΩΝ
935 3529 1008 3604 ἡμίν
1027 3523 1123 3598 αίτιοο
1142 3522 1182 3590 σὺ
1200 3522 1292 3590 atter·

101 3630 170 3709 ξαι,
202 3629 327 3697 duobos
359 3628 496 3696 literulis
527 3633 674 3718 repetitis
704 3631 801 3698 scrib.
823 3669 868 3682 -
896 3629 1075 3697 ιίπιίντΩΝ
1103 3627 1187 3696 *nn
1217 3630 1292 3710 iaia

105 3735 202 3807 αίτιοτ
226 3736 264 3800 σὺ
289 3735 430 3813 δέδειξαι.

149 3841 240 3910 Dent.
264 3851 293 3927 p.
319 3847 407 3922 too,
433 3847 465 3910 2.
492 3843 645 3910 Φίλιππον
667 3844 725 3922 μὲν
747 3845 801 3910 ούκ
821 3841 1005 3922 ἐθαύμασα,
1028 3841 1099 3916 τοὺς
1119 3841 1147 3908 δ’
1164 3842 1292 3926 αίχμα·

103 3950 217 4022 λύτους
239 3947 434 4036 [ἐθαύμασα]
453 3948 556 4016 ἔσωσα
579 3968 641 4016 non
666 3957 715 4016 est
741 3947 819 4015 naec
844 3947 1068 4034 interpolatio,
1092 3946 1148 4014 sed
1172 3947 1290 4016 dormi·

103 4055 203 4122 tantis
233 4054 356 4122 scribac
381 4053 600 4122 hallucinatio.
635 4053 739 4136 Quam
765 4052 886 4121 rideret
918 4053 1031 4133 honio,
1069 4054 1096 4120 si
1129 4073 1199 4121 earn
1235 4074 1292 4143 per

104 4168 151 4226 tot
175 4179 276 4226 anctos
299 4169 345 4226 tot
371 4158 554 4227 hotrrinibos
579 4157 773 4247 mroruditis
797 4161 988 4246 imposuisse
1012 4159 1121 4226 sciret.
1237 4193 1239 4198 ·

147 4265 308 4332 Continuo
342 4275 412 4351 post
444 4265 554 4334 editur
586 4261 672 4340 οὗτος
703 4267 729 4333 δ’
762 4267 873 4332 ἐκείνου
904 4266 961 4347 μὲν
988 4265 1294 4349 προύκαλινδείτο-

104 4374 186 4451 ὑμῶν
210 4371 238 4438 δ’
264 4373 428 4454 ύπερεύρα.
466 4370 499 4440 si
523 4373 734 4458 cogitaveris,
763 4371 944 4458 displicebit
968 4372 1123 4454 ύπερεῶρα
1146 4381 1178 4440 et
1199 4375 1318 4459 prce-⁴

105 4499 175 4544 σοον
207 4479 329 4565 requiri
363 4478 493 4546 senties.
522 4477 614 4546 'Vera
638 4475 733 4544 lectio
757 4485 806 4544 est
831 4478 862 4544 in
888 4477 922 4545 S.
949 4479 1087 4562 ύπεροραι
1112 4478 1213 4566 (ric),
1236 4477 1292 4544 sed

1115 4583 1148 4632 οο
