3208 4972
727 364 796 436 189

165 558 344 645 scripserat
367 555 502 626 festivus
528 563 637 643 poeto:

348 663 511 742 έσέένμέας
536 663 694 741 ε’μέαινε
717 671 775 730 τῶν
800 665 993 745 ἡδυσμάτων.

212 769 247 836 in
273 769 442 837 Errcnnnut
472 767 654 854 fragmento
681 789 741 836 non
766 769 923 839 dissimiie
948 774 1062 840 vitium
1088 773 1269 860 legentibus
1294 777 1356 840 im-

166 878 256 964 ponit
279 873 365 963 apud
390 876 578 942 Ανιιιινιιιυιι
606 875 673 940 Vll.
701 897 731 963 p.
758 881 821 944 277
847 899 873 943 r.

1007 985 1123 1063 κοὶμέαι
1148 985 1198 1053 δύο

300 1086 548 1168 διατεταγμέναι
572 1088 666 1167 μέσαι
690 1089 815 1171 Φοέσσαι
837 1115 872 1156 τε
896 1094 1069 1157 τοσσαῦται
1091 1097 1204 1174 ταρῆν.

168 1193 298 1262 Ridebis
329 1194 428 1273 αμιας
458 1193 710 1273 διατεταγμένας
733 1193 833 1274 μέσας
859 1205 1027 1283 postquam
1055 1216 1161 1263 verum
1187 1197 1355 1266 tectionem

166 1301 365 1386 cognoveris.
415 1302 452 1366 In
487 1301 583 1367 unico
616 1300 733 1368 Codice
764 1300 923 1368 Marciano
953 1301 1073 1386 legitur
1097 1304 1356 1383 διατεταγμαμε.

166 1430 323 1486 ναιμεσαι.
372 1405 537 1493 Scriptum
562 1418 632 1472 eret
658 1409 690 1471 in
717 1415 842 1474 vetusto
867 1407 947 1474 iibro
968 1411 1355 1475 ΔΙΑΤΕΤΜΑΜΕΝΑΙ.

167 1512 278 1580 Scriba
303 1532 403 1598 quum
429 1512 569 1578 dedisset
592 1514 747 1592 διατεταμ
769 1513 869 1606 sensit
889 1533 1033 1580 errorem
1055 1524 1083 1580 et
1106 1538 1248 1594 μαμεναι
1268 1513 1355 1581 addi·

165 1617 231 1695 dit,
258 1627 344 1687 recte
368 1619 394 1686 si
418 1643 465 1698 ογ
490 1619 697 1704 expunxisset
720 1620 767 1686 vei
794 1620 924 1706 punctis
949 1628 1102 1686 notasset.
1129 1620 1236 1686 ttedde
1257 1621 1358 1706 igitur

166 1733 278 1812 poetae
303 1723 551 1804 διατετμαμέναι
572 1724 679 1803 μέσαι.
727 1726 761 1791 lo
786 1745 823 1792 en
847 1724 950 1792 iormn
975 1724 1120 1802 dicendi.
1145 1747 1242 1812 quom
1268 1735 1356 1792 noto·

166 1833 290 1909 rimus,
315 1832 482 1917 perspicue
506 1838 640 1917 apparet
662 1831 854 1898 Graecitatis
879 1833 996 1899 veteris
1020 1841 1053 1898 et
1074 1832 1213 1900 novitiae
1244 1831 1356 1898 discri-

167 1956 250 2006 men.
303 1936 434 2004 Veteres
466 1945 497 2003 et
523 1937 647 2024 probati
674 1938 849 2023 scriptores
874 1937 1023 2005 dicebant
1046 1938 1278 2020 ἐτιτέτραμμαι
1302 1940 1357 2015 τὴν

165 2043 272 2121 πόλιν,
306 2044 423 2110 novicii
455 2041 518 2124 έχυ
544 2047 599 2120 oto
632 2043 721 2110 πόλιν
745 2044 1029 2125 ἐπιτετραμμένην,
1053 2045 1100 2109 itti
1123 2045 1277 2124 λελυμένη
1301 2047 1357 2122 rito

166 2149 276 2230 αέμην,
308 2149 342 2214 hi
374 2149 544 2227 λελυμένην
572 2153 627 2235 την
651 2149 747 2229 κόμην
771 2149 909 2231 έχοντα,
936 2151 980 2215 itti
1006 2149 1205 2232 ἐξηρτημένος
1228 2150 1356 2242 δέλτον,

167 2255 199 2322 bi
229 2254 542 2339 ε’ξηρτημένηνέχον
574 2265 605 2322 et
637 2260 755 2342 possim
790 2257 821 2322 in
855 2255 1026 2323 similibus.
1075 2254 1195 2322 Deinde
1232 2257 1357 2323 scribae

166 2371 306 2430 veterem
334 2381 427 2428 usum
451 2371 624 2450 coeperunt
646 2360 686 2428 ad
707 2381 797 2428 suam
819 2361 1085 2429 consuetudinem
1107 2361 1278 2448 reingere,
1302 2383 1357 2429 eu·

165 2469 217 2536 ins
241 2471 290 2536 rei
315 2466 415 2534 muita
437 2467 581 2556 exempla
606 2469 639 2533 in
660 2467 823 2553 farragine
843 2467 1098 2555 discrepantium
1120 2469 1356 2554 scripturarum

165 2577 318 2662 reperies
368 2575 403 2640 ln
438 2574 561 2640 Lucrntu
593 2574 719 2642 Somnio
747 2574 797 2640 cei
829 2574 937 2648 Gallo,
965 2580 1025 2652 ib,
1054 2579 1105 2639 12.
1134 2582 1220 2640 recte
1244 2573 1353 2641 editur

165 2681 345 2752 δακτυλίους
380 2680 487 2761 βαρεῖς
524 2678 694 2760 ἐξημμένος.
727 2686 785 2744 τῶν
810 2679 978 2745 δακτύλων.
1013 2683 1030 2764 §
1069 2685 1120 2746 15.
1152 2681 1266 2764 χρυσδν
1298 2681 1352 2746 καὶ
1424 2669 1430 2680 ’

165 2786 295 2869 ἄργυρον
324 2791 383 2852 τῶν
410 2786 572 2867 βοτρύχων
602 2783 771 2864 ἐξημμένος
798 2793 830 2850 et
854 2784 960 2870 pnttiio
984 2793 1052 2868 posi
1076 2787 1180 2869 χρυσῷ
1205 2784 1353 2851 οὶναδεδε-

164 2893 253 2973 μένος
277 2892 347 2966 τοὺς
373 2890 575 2971 τλοιαέμους,
596 2911 677 2977 quoe
703 2891 868 2958 verissime
895 2891 1057 2977 scripturn
1083 2893 1115 2956 in
1136 2889 1262 2957 duobus
1284 2899 1352 2958 tan·

167 3005 235 3064 turn
267 2997 360 3063 libris
388 3007 515 3084 reperta
540 3005 599 3063 est.
648 2995 776 3063 (laeteri
799 3015 909 3061 omnes
931 2995 1158 3075 διαδιδομένους
1180 2995 1251 3070 τοὺς
1276 3011 1353 3063 τλο-

166 3103 284 3182 adpone
309 3101 389 3183 ἔχειν
414 3103 464 3169 rei
490 3101 725 3180 ἀναδεδεμένους
757 3101 827 3174 τοὺς
855 3101 1035 3182 τλοιιοέμους
1059 3101 1157 3184 έχων,
1181 3121 1263 3189 quae
1289 3122 1354 3169 ma·

167 3208 282 3276 niiestu
316 3209 522 3297 interpolatio
549 3217 607 3274 est.
656 3208 691 3274 in
718 3209 823 3294 primo
846 3207 991 3294 exemplo
1014 3208 1045 3273 in
1072 3209 1240 3286 omnibns,
1266 3228 1354 3294 proe-

167 3325 314 3401 terquam
350 3316 381 3380 in
416 3315 488 3391 AC,
517 3324 565 3382 est
598 3312 805 3392 ἐξημμένονς,
837 3333 919 3400 quae
951 3316 1055 3400 prima
1080 3314 1159 3383 solet
1182 3334 1252 3381 esse
1279 3315 1353 3381 iunii

167 3421 271 3498 tabes,
299 3428 335 3486 nt
366 3421 398 3486 in
433 3420 525 3487 bonor
557 3419 773 3486 Portoroiibur
804 3439 874 3506 pag.
901 3423 955 3485 24.
980 3418 1124 3486 connino.
1149 3420 1274 3500 ἐκόμισε
1298 3422 1354 3488 σέ-

166 3550 266 3608 ρινγα
299 3526 480 3606 βονιιολικέςν
513 3526 675 3604 ιιαλοέμονς
709 3525 794 3590 ε’ννέα
825 3528 939 3608 χαλκῷ
962 3526 1136 3605 δεδεμένους
1160 3527 1229 3592 αντὶ
1254 3531 1353 3608 κηροῦ.

169 3631 302 3700 Gounrm
335 3630 374 3698 de
398 3651 457 3697 sno
481 3640 552 3718 post
575 3629 738 3709 ααλοέμους
763 3631 900 3698 inseruit
923 3629 1081 3711 ἔχουσαν.
1116 3631 1215 3698 Multo
1240 3631 1354 3698 meiius

165 3736 354 3806 emendabis
389 3737 557 3818 δεδεμένην.
603 3738 639 3803 ln
676 3736 886 3804 Turonnnnsrt
923 3737 1161 3804 Odor-actoribus
1192 3738 1229 3804 V.
1262 3739 1355 3812 δεινὸς

165 3845 340 3922 κτήσασθαι
375 3883 417 3897 -
451 3846 589 3912 αὐλαίαν
621 3841 754 3924 ἔχουσαν
784 3843 904 3925 Πέρσας
933 3843 1182 3928 ἐνυφασμένους,
1207 3845 1261 3931 qui
1288 3854 1353 3912 tem

165 3951 246 4019 bene
278 3951 384 4018 Attice
416 3948 537 4017 sciebat
568 3949 694 4016 dixerat
725 3950 861 4015 critatem
893 3949 1015 4031 Πέρσας
1047 3949 1269 4035 έννφασμένην.
1317 3952 1352 4017 ln

166 4056 289 4137 libello,
334 4059 389 4143 qui
436 4057 605 4124 Pnrnnncnr
651 4056 779 4122 nomine
822 4056 1070 4130 circumfertur,
1109 4057 1149 4124 de
1186 4057 1355 4122 moiiemm

165 4165 332 4231 uirtutibus
356 4185 386 4250 p.
413 4167 476 4230 254
502 4184 529 4229 n.
553 4163 634 4245 έχων
657 4163 710 4228 καὶ
734 4164 955 4242 τετισενμένος
979 4163 1077 4244 έρυμα
1100 4163 1186 4229 κατα
1209 4170 1264 4239 τῆς
1287 4172 1354 4229 Να·

166 4269 235 4350 ξέαν
259 4268 377 4341 τέλεος
401 4276 533 4356 apparet
557 4267 637 4349 έχων
661 4268 716 4334 καέ
738 4266 837 4334 sciolo
860 4267 980 4334 deberi.

212 4374 248 4442 ln
271 4375 399 4442 Luctum
423 4373 528 4440 verbis
551 4375 730 4455 ,ταταχέεὶς
758 4376 813 4450 τὴν
837 4372 964 4453 occiduo,
989 4374 1187 4456 ταταχέεές,
1214 4383 1250 4441 ut
1271 4373 1355 4440 inira

167 4479 395 4562 ostendemuS,
421 4481 568 4546 Lucrinus
591 4497 701 4548 errore
721 4499 778 4567 pro
800 4480 934 4558 πληγείς
955 4482 1094 4566 positum
1115 4489 1183 4562 est,
1207 4481 1263 4558 την
1280 4480 1357 4560 γνα-
