3150 4972
780 313 850 385 136

222 509 394 580 admodum
419 509 624 592 rrprrniylns
647 508 682 597 (l.
707 532 736 577 e.
761 506 943 598 περιβάδην)
969 518 1003 575 et
1025 509 1233 592 reccesindus
1246 509 1407 577 rettudis-

221 619 359 688 erimine
389 624 607 705 perpetuoque
644 634 704 680 usu
728 613 867 682 diremta
891 623 985 694 suut,
1010 616 1057 683 sie
1081 614 1217 683 suadent
1241 619 1348 683 omnia
1373 625 1409 682 ut

221 725 393 794 credamus
417 723 501 790 idem
528 723 613 790 inter
637 723 848 803 περιπλέσσειν
871 729 903 788 et
927 722 1122 805 περιπλέκειν
1147 725 1313 790 interesse.

265 831 406 916 Apparet
439 829 571 897 verbum
605 827 733 916 aliquod
764 827 957 914 exquisitius
990 837 1022 896 et
1054 850 1115 895 uon
1140 828 1274 896 cuilibet
1298 838 1408 896 notum

220 945 278 1002 aut
308 944 512 1023 perspectum
549 936 649 1002 latere
683 939 745 1013 λῶ,
774 939 828 1001 57.
863 935 915 1000 uli
948 935 1121 1001 historicus
1150 934 1272 1002 dicitur
1295 933 1408 1002 debere

220 1043 268 1110 rei
294 1041 446 1109 militaris
470 1052 501 1110 et
526 1041 752 1108 vocabulorum
778 1059 840 1106 non
866 1061 936 1107 esse
961 1042 1094 1126 ignarus
1111 1051 1143 1109 et
1161 1052 1230 1108 tuor
1252 1039 1425 1108 aliaseire'

221 1159 290 1214 tutn
324 1147 401 1234 quid
432 1149 474 1214 sit
496 1147 669 1227 ἐξελαύνειν
693 1148 745 1214 καὶ
771 1145 994 1229 περιελαύνειν,
1020 1156 1051 1212 at
1078 1147 1136 1215 bec
1161 1145 1291 1235 quidem
1316 1167 1408 1214 nemo

167 1289 169 1293 ·
219 1255 345 1320 nescire
376 1263 520 1341 poterat,
550 1255 666 1322 nedum
693 1256 713 1319 ii
740 1255 794 1341 qui
821 1253 988 1320 historiam
1013 1253 1156 1322 scribere
1179 1252 1406 1339 aggredieban-

221 1370 285 1426 tur.
315 1359 383 1426 Non
417 1360 472 1426 diu
503 1359 721 1446 quaerendum
747 1359 831 1446 quod
857 1360 997 1425 militare
1022 1358 1210 1428 vocabulum
1236 1358 1339 1425 torma
1362 1359 1406 1426 al·

220 1466 284 1534 linc
307 1487 325 1532 a
349 1467 466 1533 scribis
490 1466 697 1534 obscuratum
723 1467 839 1544 luerit,
865 1485 980 1552 nempe
999 1465 1166 1544 ἐξελίττειν
1184 1470 1237 1533 καὶ
1258 1469 1407 1550 περιελιτ-

217 1599 290 1641 τειν.
338 1573 405 1640 Νοιι
438 1572 600 1641 dubitabis
631 1583 817 1660 cuntparato
848 1573 1060 1640 Xcuonuouus
1087 1573 1155 1640 loeo
1179 1575 1211 1639 in
1238 1572 1406 1660 Cyrcpced.

219 1679 303 1746 Vlll.
335 1699 365 1746 v.
408 1685 455 1746 te.
488 1689 521 1746 et
553 1678 595 1745 ei.
632 1677 1066 1746 &uurtnsnuuadllcuocu
1092 1677 1406 1766 benedicentem.

221 1787 277 1854 xt.
303 1806 332 1873 p.
356 1789 410 1852 63.
1166 1834 1169 1838 -

264 1892 437 1978 Antiquam
463 1891 552 1960 verbi
574 1890 730 1970 sormam,
755 1911 838 1978 quae
857 1890 922 1957 sola
939 1892 1014 1958 olim
1028 1889 1175 1976 vigebat,
1195 1890 1407 1959 scribaecon-

219 1999 378 2065 taminare
403 1997 505 2064 solent
529 1999 561 2064 in
586 1996 698 2065 lutura
722 1998 808 2065 verbi
830 1996 982 2080 ῶχθοςιαι.
1008 1997 1210 2064 Athenienses
1229 2018 1290 2064 oon
1313 1998 1407 2064 aliter

217 2125 313 2193 quarn
336 2105 513 2188 ῶχθέσοςιαι
534 2103 702 2182 dicebant,
723 2125 802 2191 quos
820 2103 1039 2192 sequebantur
1059 2103 1235 2171 Atticistee.
1259 2103 1406 2172 Graeculi

217 2231 254 2279 ex
287 2211 437 2295 ἠχθέσθην
471 2211 692 2299 preduxerunt
723 2211 954 2292 extortiones
988 2229 1091 2294 neque
1121 2219 1247 2277 tanturn
1278 2212 1336 2298 ipsi
1363 2210 1405 2276 ita

215 2315 429 2404 loquebantur
461 2317 517 2385 sed
548 2326 672 2385 veteres
703 2317 860 2404 cogebant
893 2317 975 2383 idem
1000 2316 1121 2382 dixisse
1145 2314 1257 2383 videri.
1305 2316 1405 2382 Fraus

216 2422 412 2510 deprehendi
446 2443 676 2510 nonnunquam
708 2432 831 2510 potest,
863 2422 979 2490 deinde
1009 2425 1126 2509 passirn
1160 2422 1313 2488 damnum
1339 2441 1405 2488 sar·

217 2530 289 2596 ciri.
339 2529 520 2597 admonent
552 2531 719 2616 magistri,
750 2531 866 2595 Moenus
890 2549 920 2616 p.
946 2533 1001 2594 21.
1026 2529 1219 2609 ἀχθέσεται,
1243 2531 1403 2601 Ἀττικῶς.

214 2637 462 2717 ἀχθεσθήσεται,
486 2641 681 2714 Ἑλληνικῶς.
705 2635 815 2723 Neque
843 2645 949 2700 tartreu
974 2633 1054 2700 bene
1080 2635 1221 2700 nrcrtenti
1246 2633 1404 2720 clitetnpe·

216 2752 326 2810 ratur:
351 2746 479 2831 saepius
504 2743 736 2824 θχθεσθησοςοαι
766 2743 923 2818 recurrit,
950 2759 1179 2827 nonnunquam
1204 2741 1405 2822 ῶχθήσοαοιι,

214 2849 246 2916 in
273 2869 336 2937 quo
360 2861 406 2916 cst
432 2851 553 2916 erroris
578 2847 932 2937 progressusquidanr:
960 2848 1156 2930 ῶχθέσομαι,
1176 2847 1259 2933 qued
1274 2867 1405 2934 prorsus

215 2956 249 3022 in
274 2954 519 3023 desuetudinem
544 2963 578 3021 et
594 2954 784 3021 oblivionem
807 2953 950 3032 abierat,
978 2955 1010 3018 in
1030 2954 1211 3034 ῶχθθσομκι
1228 2953 1404 3040 corrumpi·

216 3071 291 3138 tur,
315 3061 410 3128 cuius
434 3059 596 3126 manifesti
620 3061 691 3126 uitii
716 3057 860 3146 exempla
879 3059 951 3126 vide
970 3057 1054 3146 apud
1080 3061 1249 3124 Pocusouuu
1268 3044 1308 3125 a'd
1326 3060 1404 3126 llor-

213 3187 293 3232 tunts
318 3167 338 3234 Ι.
359 3165 396 3240 l.‚
417 3165 531 3232 deinde
553 3165 654 3232 lerina
676 3167 800 3231 novicia
821 3176 854 3232 et
875 3167 989 3232 vitiosa
1003 3165 1148 3250 subrepit
1160 3166 1402 3247 ῶχθεσθθσοραι.

215 3273 364 3339 Petronis
395 3270 475 3339 duos
507 3271 592 3339 locos
625 3272 719 3338 allent
745 3273 884 3338 Pteusou.
910 3273 941 3336 iu
971 3270 1086 3358 Gorqio
1111 3292 1142 3358 p.
1167 3276 1233 3339 506
1257 3273 1290 3338 u.
1315 3280 1347 3339 et
1371 3273 1402 3338 iu

212 3377 343 3464 Repulit.
372 3379 409 3445 ll.
431 3399 462 3465 p.
484 3383 560 3446 605.
583 3377 618 3446 d.
643 3378 697 3445 ubi
717 3381 859 3464 genuina
879 3376 981 3458 lornta
1003 3397 1019 3443 e
1041 3378 1133 3445 codd.
1148 3379 1298 3446 restituta
1311 3387 1403 3446 estet

212 3503 312 3550 uuum
339 3486 501 3551 duncerots
532 3484 571 3550 de
595 3484 677 3552 Pare
700 3489 717 3571 §
744 3488 799 3551 21.
826 3485 853 3550 si
874 3507 921 3558 τις
946 3484 1029 3562 ὑμῶν
1051 3485 1290 3566 ἀχθεσθήσεται.
1316 3485 1403 3552 nuuc

213 3592 424 3659 Xcumuouus
444 3592 549 3658 locum
572 3591 743 3680 Cyropoeri.
768 3590 851 3658 Vlll.
868 3611 909 3657 tr.
926 3594 977 3656 10.
992 3590 1044 3656 καὶ
1058 3590 1096 3656 σὺ
1110 3587 1150 3657 αὖ
1162 3593 1216 3657 οὐκ
1227 3593 1403 3675 θχθεσθιθση

211 3724 262 3780 μοι
296 3700 412 3766 ῶκοθιιν
442 3701 581 3776 fessos,
615 3708 647 3765 et
672 3698 835 3765 descetus
857 3699 887 3762 in
912 3695 1125 3782 Ctesiphonteu
1150 3700 1167 3782 §
1193 3701 1257 3763 242
1282 3719 1403 3778 συιιιχ·

213 3805 427 3886 θεσθησθμενος
451 3807 501 3872 irrl
525 3816 565 3889 τῇ
589 3809 642 3872 τού
667 3810 837 3871 Μολοττῶν
860 3802 1019 3883 βασιλέως
1039 3801 1242 3886 Ἀλεξάνδρου
1260 3813 1403 3886 τελευτῇ,

211 3910 265 3978 uhi
294 3914 327 3977 in
365 3932 428 3978 uno
452 3911 561 3978 codice
593 3921 642 3978 est
674 3911 795 3978 erroris
819 3911 924 3996 prima
949 3909 1037 3994 urigo
1061 3910 1346 3990 συναχθησθςιευος,
1371 3915 1403 3974 et

208 4017 419 4086 lacerandam
448 4018 604 4084 Chaructt.
629 4017 713 4084 XlX.
736 4018 796 4098 ούχ
820 4013 928 4096 ἕξομεν
951 4017 1022 4087 τοὺς
1047 4017 1119 4098 ύπέρ
1142 4021 1201 4082 τῶν
1218 4022 1319 4082 κοινῶν
1337 4039 1402 4080 συν·

209 4123 510 4206 αχθεσθησομένους,
542 4123 580 4191 θον
611 4125 681 4197 τοὺς
715 4123 865 4198 τοιούτους
896 4121 1066 4203 προώμεθα.
1116 4121 1184 4188 Non
1219 4121 1322 4206 tnagis
1354 4118 1403 4184 his

206 4230 357 4298 omnibus
388 4241 436 4298 est
470 4229 666 4316 parcendum
703 4229 884 4297 manifestis
916 4229 1080 4295 erroribus
1113 4247 1211 4316 quarn
1235 4225 1321 4314 apud
1347 4225 1401 4291 hu·

207 4359 318 4405 ctuuutt
351 4343 415 4416 55,
450 4343 479 4404 3.
513 4338 642 4411 ἐοικότες
674 4336 949 4417 ἀχθεσθησομένοις
981 4335 1006 4401 si
1035 4335 1234 4412 λυθήσονται,
1265 4351 1402 4400 nascens

208 4443 322 4510 vitium
354 4451 402 4510 est
436 4445 469 4510 in
504 4442 669 4510 codicibus
700 4441 752 4508 hii
779 4440 1022 4522 ῶχθησοςιένοις,
1049 4440 1135 4510 unde
1159 4442 1236 4509 olim
1266 4442 1400 4522 ῶρςθεσο·
