3150 4972
791 339 861 411 106

221 555 290 623 cop.
330 533 373 601 IX
403 537 512 620 ,θοτερ
542 539 596 604 οὐκ
628 533 752 616 ἔχοντες
786 531 801 600 θ
841 533 1027 617 τρθττομον
1057 534 1218 612 κοθήμεθοο
1247 537 1302 612 τὴν
1340 535 1418 614 ἡμέ-

221 669 275 722 ροον
309 641 381 721 θλνν
413 645 480 726 περὶ
514 642 671 724 γεροντίων
702 646 836 723 Γραικῶν
868 639 1028 723 ζητοῦντες
1061 659 1177 727 repone
1208 636 1227 705 θ
1252 664 1283 705 τι
1316 641 1417 724 τροθτ-

221 775 340 829 τωμεν,
367 750 451 837 quod
477 749 619 815 solemne
641 757 703 813 est.
752 746 844 833 Apud
870 746 1025 812 Lourinon
1047 745 1252 814 coniunctim
1269 748 1419 815 restituto

221 875 302 942 opus
333 866 380 922 est
406 861 468 935 57,
492 861 548 922 51.
574 854 700 936 ἐρομένῳ
728 859 792 925 τῶς
817 850 911 934 θριτοο
935 849 1037 933 ἄρξει.
1062 871 1156 918 ucmo
1181 862 1324 939 poterat,
1347 855 1417 941 opi-

222 981 298 1038 nor,
323 959 361 1026 ad
387 960 464 1028 haec
498 958 709 1046 respondere,
732 955 867 1024 emenda
891 955 977 1040 ἄρξῃ.
1026 957 1184 1024 Similiter
1206 963 1267 1038 110,
1289 964 1340 1026 48.
1366 960 1417 1026 ἐπὶ

220 1069 291 1133 τθνοο
315 1067 349 1143 il
375 1071 475 1134 adreio
498 1073 613 1148 πρῶτον
636 1064 776 1143 ἔλθοιμεν
800 1061 857 1141 rim
884 1083 946 1128 non
972 1061 1031 1128 hoc
1054 1073 1166 1150 rogat,
1186 1065 1242 1132 sed
1264 1067 1296 1130 in
1310 1085 1344 1132 rc
1368 1067 1417 1132 in·

222 1184 310 1239 certa
339 1173 508 1239 consilium
541 1170 582 1238 ab
606 1171 709 1236 amico
733 1171 831 1256 petit,
862 1189 921 1256 pro
944 1167 1080 1249 ἔλθοιμεν
1103 1169 1142 1236 οθν
1167 1172 1302 1238 restitue
1325 1170 1416 1238 ἔλθοι-

222 1300 294 1358 μεν;
320 1281 422 1365 prima
449 1297 584 1366 persona
616 1277 648 1341 in
680 1273 731 1340 his
756 1274 996 1341 coniunctivum
1031 1275 1187 1361 postulat,
1211 1277 1354 1364 reliquae
1377 1277 1417 1344 θν

222 1393 255 1451 et
278 1387 472 1472 optativum:
496 1391 550 1450 τοῑ
571 1381 759 1464 roriconem
794 1388 825 1446 et
856 1387 911 1446 τοῖ
931 1405 977 1454 τις
1003 1380 1042 1448 θον
1062 1380 1223 1463 τροθτοοτος
1248 1384 1280 1450 τί
1310 1385 1416 1460 τοθθιος

222 1499 255 1580 et
278 1492 310 1557 τθ
333 1491 371 1557 ἂν
401 1491 491 1558 τοθθοι
524 1515 592 1567 τις;
618 1488 650 1555 τθ
673 1485 833 1568 uiuorum
859 1496 891 1553 et
914 1488 947 1553 τθ
968 1485 1008 1554 ἂν
1030 1486 1151 1568 γένοιτθ
1173 1511 1240 1568 τιςς
1266 1489 1419 1558 Comicus

222 1596 307 1684 apud
333 1598 532 1664 Puumncnuu
557 1594 595 1660 dc
619 1591 792 1660 Aradieudis
817 1592 921 1658 Poetis
946 1613 975 1679 p.
993 1597 1044 1659 18.
1069 1613 1099 1660 e.

403 1703 559 1770 τοθλοιντον
582 1703 600 1777 ἡ
624 1699 722 1781 τροθξ.
745 1701 791 1779 μὴ
814 1697 929 1780 eddom
956 1697 1009 1781 ζῆν
1033 1700 1060 1766 θ’
1083 1700 1130 1770 ἔτι
1154 1724 1206 1778 μοι

405 1809 561 1875 τοθλοοντον
584 1805 772 1887 θτεριδθντις

270 1914 324 1980 Sic
356 1913 505 1980 Lucrinus
536 1913 711 1999 scripserat
740 1917 779 1990 8,
814 1915 877 1991 24,
915 1918 944 1979 1.
976 1913 1021 1992 μὴ
1048 1911 1150 1992 λέγω
1173 1921 1206 1979 et
1230 1917 1294 1992 67,
1320 1917 1360 1992 9,
1386 1919 1418 1981 5.

224 2019 257 2084 τθ
279 2019 442 2102 ylicem
469 2021 532 2092 τῖις
562 2017 600 2085 alu
631 2043 672 2096 με
695 2019 712 2094 οἱ
744 2025 789 2098 γῆ
813 2019 979 2085 κοοτοιτθοι.
1006 2017 1038 2082 in
1061 2039 1124 2104 quo
1148 2017 1217 2084 loco
1242 2019 1354 2085 vitiose
1379 2019 1420 2085 li-

226 2126 359 2193 brorum
391 2127 553 2212 scripture
585 2124 632 2199 τθς
663 2125 803 2204 γένωμαι
834 2123 1031 2190 Suniumnuu
1064 2122 1223 2190 vindicem
1255 2133 1348 2191 noctu
1385 2125 1419 2192 iu

225 2231 378 2299 Melctcm.
405 2231 480 2298 crit.
507 2252 537 2318 p.
559 2234 601 2297 98
623 2250 718 2316 quem
738 2230 875 2297 lucumrz
896 2229 1078 2306 advocarit,
1096 2229 1329 2297 Drunourruuet
1342 2231 1419 2298 Bru·

226 2359 327 2404 runnu
345 2337 482 2411 delusit;
502 2343 535 2402 at
552 2335 633 2401 nihil
649 2345 699 2403 est
719 2335 870 2423 praesidii
890 2337 921 2401 in
943 2335 1112 2401 Senserunt
1125 2335 1279 2422 exemplis
1290 2344 1322 2402 et
1337 2336 1419 2404 male

226 2455 390 2530 comparet
411 2443 516 2510 τθντοι
536 2443 689 2522 γθγνομοι
707 2452 740 2510 et
760 2451 902 2516 τοντοῖοο
922 2442 1085 2522 ydolorum.
1122 2441 1182 2522 Qui
1215 2463 1321 2509 omncs
1341 2465 1421 2530 quus

225 2551 291 2616 utili
314 2553 435 2638 surmus
455 2549 558 2614 ιὀιθιιθι
588 2556 675 2614 recle
702 2547 823 2614 dicitur
846 2549 1009 2628 ρίγνετθοοι
1032 2553 1096 2614 τῖον
1119 2543 1138 2614 θ
1157 2572 1188 2613 τι
1211 2548 1362 2628 βούλεται
1387 2557 1421 2617 et

226 2659 273 2724 sic
298 2655 468 2743 legendum
494 2662 543 2722 cst
569 2656 601 2720 in
627 2652 768 2719 Nubibus
789 2674 834 2720 us.
857 2659 933 2720 517.

529 2760 692 2840 γίγνονται
719 2763 784 2826 τῖον
808 2755 826 2825 θ
846 2784 877 2825 τι
900 2758 1066 2838 βοθλοντοιι

226 2888 287 2934 nou
312 2866 403 2934 πάνθ’
427 2865 445 2934 θ
465 2891 496 2932 τι
518 2865 603 2952 quod
627 2884 823 2952 quamquam
850 2866 1020 2933 manifesto
1045 2865 1204 2933 soloecum
1236 2875 1284 2934 est
1310 2875 1419 2934 tumen

225 2975 371 3041 onmium
390 2972 546 3040 editiones
568 2971 703 3039 obsidet.
740 2971 775 3038 ln
797 2971 997 3038 Smurmoms
1013 2970 1195 3058 fragmento
1216 2971 1301 3059 apud
1323 2971 1420 3039 Scllc·

226 3079 309 3144 licet.
335 3078 376 3144 ad
401 3079 506 3144 Eume.
534 3077 633 3144 Orest.
657 3099 703 3147 vs.
725 3081 789 3144 269
818 3098 874 3164 pro
898 3078 1028 3165 vulgata
1052 3077 1214 3165 scriptura
1233 3081 1280 3154 τθς
1303 3077 1342 3145 θον
1361 3103 1419 3159 γε·

226 3185 346 3266 νθμενοο
369 3185 412 3259 εἷς
436 3184 512 3259 driu
534 3184 706 3263 γενήσομοοι
730 3185 842 3271 optimi
868 3183 995 3251 codices
1020 3183 1100 3251 mihi
1129 3185 1303 3252 dederuut:

452 3291 484 3356 τθ
507 3283 556 3356 οὖν
580 3289 741 3369 γενθμενος
766 3293 808 3365 εἷς
833 3292 907 3368 dorin
932 3291 1112 3372 dulcicanum

271 3393 485 3477 Quamobrem
505 3395 606 3481 igitur
625 3396 777 3476 γίγνομαι
801 3399 865 3470 τοῖς
890 3393 953 3470 θτιο
977 3397 1133 3478 βούνομον
1153 3398 1217 3464 dici
1239 3417 1300 3464 non
1315 3407 1421 3486 potest

227 3501 338 3570 eadem
365 3501 404 3569 de
428 3522 524 3569 causa
544 3501 578 3568 rl
598 3503 760 3581 γενόμενος
780 3510 813 3570 ct
831 3504 863 3569 τθ
882 3501 1022 3584 etloum
1044 3507 1225 3572 necessaria
1245 3513 1365 3572 suntet
1379 3525 1420 3572 nc

227 3610 417 3677 Summunus
447 3607 577 3694 quidem
607 3609 641 3674 in
673 3607 740 3674 loco
774 3609 962 3689 Turocmrr,
997 3631 1091 3698 quem
1125 3613 1250 3698 prirnus
1274 3613 1420 3678 omnium

224 3716 407 3784 emendavit
431 3714 498 3782 XV.
521 3718 573 3781 51.
595 3714 687 3784 οθθθτοι
709 3723 832 3797 Γοργοῖ,
856 3716 889 3783 τθ
908 3717 1090 3797 erudierim
1107 3717 1213 3806 (codd.
1239 3717 1418 3808 γενοθμεθο)

224 3841 424 3908 concoquere
450 3822 607 3907 potuisset
631 3821 710 3896 τινες
742 3823 922 3902 γενώμεθοο,
953 3823 1067 3902 credo,
1099 3822 1184 3910 quod
1219 3833 1327 3892 tamen
1354 3823 1420 3891 dici

223 3937 256 3994 et
280 3926 416 4011 intelligi
439 3945 529 4012 posse
542 3925 634 3993 delet
648 3927 676 3992 si
695 3927 743 4002 τίς
761 3927 902 4008 γθοομοι
921 3949 1035 3996 sanum
1055 3937 1114 3996 est.
1140 3931 1316 3999 Conficient
1336 3931 1420 3997 hauc

223 4032 477 4100 controversiam
497 4021 583 4118 uuae
604 4033 646 4098 ad
672 4034 757 4100 liunc
780 4035 945 4100 Turonum
969 4034 1074 4102 locum
1099 4035 1346 4104 Vrucuumrmus
1369 4045 1422 4104 at·

222 4137 299 4207 tulit
322 4157 354 4225 p.
378 4143 441 4204 557
464 4145 496 4204 et
518 4139 678 4226 imprimis
699 4138 776 4207 haec
799 4139 1005 4229 Thucydides
1030 4141 1069 4208 ll.
1096 4147 1150 4210 51.
1170 4144 1224 4210 οὐκ
1247 4141 1372 4226 ἔχοντες
1394 4145 1420 4212 ol

222 4243 368 4325 ἄνθρωποι
402 4241 421 4310 θ
448 4268 478 4310 τι
516 4244 665 4324 ylicem
698 4249 734 4320 tc
765 4248 929 4331 θλιγοιρθοον
962 4246 1130 4330 ἐτροθτοντο
1166 4251 1219 4316 κιο)
1251 4251 1333 4333 leptis
1367 4249 1421 4316 κοιθ

223 4350 311 4418 θτθονν
335 4351 455 4431 θμοθοο.
