3208 4972
738 357 807 431 1175

183 551 260 620 rau.
288 553 341 619 vt.
369 555 400 618 2.
424 554 487 620 oiri
510 550 684 635 βαρυτόνων
708 560 741 618 et
764 554 803 621 V.
831 558 880 620 18.
906 552 959 618 urbi
980 552 1144 638 componit
1161 551 1366 639 compendia,

181 657 300 745 quibus
322 657 388 725 ἀτά
407 666 439 725 et
462 658 520 724 ὑτδ
540 658 740 724 scribuntur.
765 657 1027 747 Compendiatum
1048 659 1147 736 iliud,
1170 659 1245 746 quia
1266 657 1370 726 iornru

179 763 416 852 quodamnodo
437 764 535 832 refert
556 764 697 831 litteram
720 764 741 848 ζ
750 815 758 842 ,
785 763 905 832 tactum
928 774 977 834 est
995 774 1031 833 ut
1051 764 1176 833 scribae
1192 765 1368 832 dormitan-

180 877 229 935 tes
260 890 317 955 pro
340 871 404 936 ἀτό
428 871 607 937 scriberent
631 871 668 952 ζ,
700 881 736 937 ut
759 871 843 958 apud
869 872 984 939 Sutmu
1008 892 1039 937 ν.
1062 871 1138 938 ἴστον
1161 872 1194 938 in
1219 869 1368 940 omuibus

179 975 350 1042 (lodicibus
382 986 432 1043 est
462 978 512 1042 irari
543 985 601 1042 τῶν
634 975 816 1059 ζλοοχάντονν
846 998 904 1064 pru
927 976 1164 1068 ἀπυλαχόιρτοιν.
1214 976 1369 1044 Ridentus

180 1081 425 1160 homunciones,
459 1085 514 1170 qui
540 1085 586 1148 sic
611 1102 720 1148 errare
746 1092 897 1169 possunt,
921 1082 976 1150 sed
1000 1103 1061 1149 non
1087 1082 1147 1149 ieri
1172 1081 1368 1150 detrimento

178 1187 263 1256 idem
302 1209 394 1256 eruor
430 1191 654 1256 iturosrarnru
688 1188 812 1266 affecit,
849 1209 943 1276 quem
982 1188 1094 1268 ridebo
1128 1208 1170 1254 an
1205 1189 1366 1274 castigare

179 1297 309 1383 possim.
359 1295 473 1363 Editur
498 1318 528 1384 p.
554 1301 615 1374 19,
648 1302 696 1362 18.
720 1303 779 1362 τῶν
798 1297 854 1374 μὲν
874 1297 1049 1380 χρημάτων
1068 1293 1155 1361 αὐτοὶ
1176 1295 1290 1375 ταμ1νιι
1310 1294 1363 1362 καὶ
1406 1275 1418 1298 ⁸

178 1403 299 1485 τοριςαὶ
330 1401 527 1483 γιγνόμενοι,
558 1408 617 1468 τῶν
645 1403 676 1468 δὲ
707 1401 846 1484 τράξεοιν
869 1403 957 1484 ταρά
980 1407 1034 1468 τοῦ
1058 1405 1218 1484 sperarat
1240 1400 1293 1468 τὸν
1315 1401 1365 1468 λδ·

177 1532 233 1587 νον
264 1507 445 1592 ζητοῦντες,
480 1509 616 1596 pessime
640 1517 811 1596 corruptae
835 1507 1028 1576 Graecitatis
1051 1521 1099 1574 est
1123 1507 1224 1590 ζητεῖν
1249 1526 1365 1594 ponere

178 1635 237 1702 pro
264 1625 387 1702 petere,
424 1624 480 1680 aut
513 1635 639 1702 poscere
661 1615 702 1702 ¹);
732 1613 816 1701 ‚quid
855 1613 979 1680 muita?
1015 1612 1150 1681 emenda
1185 1613 1237 1680 ria
1272 1612 1366 1692 λόγον

177 1723 382 1794 ἀπαιτοῦντες
409 1727 444 1786 ut
469 1740 498 1806 p.
525 1723 610 1798 508,
632 1713 690 1786 ut.
714 1729 769 1796 τῆς
788 1720 964 1802 ςρατιργίοος
985 1719 1034 1801 ἔμ’
1055 1722 1201 1795 ἀπαιτεῖς
1221 1721 1364 1798 εὐθύνας,

176 1835 210 1893 et
240 1847 269 1912 p.
302 1831 388 1906 868,
422 1833 453 1892 t.
487 1827 548 1905 ἐγὼ
579 1826 604 1892 δ’
637 1827 722 1900 εὐθὺς
753 1824 847 1906 λόγον
873 1828 1028 1910 ἀτῄτουν,
1054 1836 1086 1893 et
1107 1825 1196 1894 alibi.
1245 1825 1365 1913 Nempe

175 1934 338 2021 scriptura
364 1941 455 1998 retus
479 1933 652 2014 ζαιτοῖνντες
678 1952 735 2018 pro
760 1933 965 2007 ἀπαιτοῦντες
990 1953 1120 2000 causam
1147 1931 1294 2021 praebuit
1314 1953 1363 2000 er·

178 2038 281 2106 randi.
330 2039 474 2106 Primum
508 2039 609 2124 igitur
640 2058 678 2104 ex
711 2039 891 2126 compendii
924 2039 1140 2106 similitudine
1162 2040 1227 2107 ἀτδ
1248 2048 1279 2106 et
1305 2038 1365 2106 ὑτά

177 2145 338 2214 sexcentis
362 2147 393 2211 in
419 2145 497 2212 iocis
522 2147 606 2212 inter
630 2165 664 2212 se
689 2154 931 2233 permutantur,
956 2165 1038 2233 quae
1064 2166 1200 2212 resnou
1225 2144 1364 2212 muitum

177 2251 287 2319 damini
319 2251 513 2338 peperisset,
548 2252 580 2317 ni
613 2249 760 2318 homines
791 2251 878 2319 docti
909 2251 986 2318 hinc
1017 2254 1199 2340 opinionem
1237 2252 1364 2318 inanem

179 2357 381 2425 imbibissent
408 2356 539 2444 perinde
563 2377 632 2423 esse
655 2359 686 2422 in
709 2357 821 2424 multis
842 2367 950 2424 utrum
970 2359 1034 2426 ἀπό
1053 2379 1093 2424 an
1115 2359 1175 2425 ὑτά
1192 2357 1365 2426 scribatur.

179 2461 353 2551 Utriusque
381 2465 467 2530 eninr
501 2463 747 2551 praepositionis
778 2465 972 2550 significatio
1003 2474 1035 2531 et
1066 2485 1144 2531 usus
1177 2472 1242 2532 tam
1266 2464 1367 2532 certis

176 2569 296 2637 duribus
321 2578 397 2636 sunt
419 2571 666 2657 circumscripta
689 2579 721 2635 ut
744 2590 920 2656 numquam
942 2570 1042 2638 attera
1065 2571 1096 2636 in
1120 2570 1254 2638 atterius
1270 2569 1366 2638 ditio-

177 2697 252 2744 nem
284 2685 487 2764 transrepere
520 2677 619 2764 possit
651 2678 728 2763 quin
764 2675 884 2743 nuatum
914 2686 947 2743 et
979 2677 1069 2743 fraus
1091 2675 1364 2764 deprehendatur.

176 2784 289 2870 ltaque
314 2803 408 2850 uerno
431 2803 584 2869 umquam
610 2781 728 2848 dubius
752 2781 913 2861 haerebit,
936 2783 993 2869 qui
1015 2791 1188 2868 utramque
1208 2791 1295 2848 recte
1319 2783 1366 2847 in·

123 2941 124 2946 ι
177 2889 317 2976 telligat,
352 2898 461 2955 utrum
494 2889 558 2955 ἀτδ
588 2908 629 2954 an
662 2887 721 2954 ὑτό
751 2889 794 2953 sit
826 2887 1029 2955 retinendum
1063 2908 1103 2954 au
1137 2887 1364 2955 reuocandum.

176 2998 270 3062 Certa
302 3004 350 3062 est
383 2985 502 3080 ubique
535 2997 622 3082 optio
655 3013 757 3081 neque
783 2993 844 3060 uita
872 2994 1065 3079 permutatio
1089 3013 1146 3081 per
1170 2993 1366 3061 Graecitatis

179 3103 345 3186 ingenium
372 3100 441 3166 fieri
468 3108 582 3187 potest.
617 3099 740 3166 Scribis
766 3100 845 3168 nihil
870 3100 983 3166 trorum
1005 3107 1209 3187 perspectum
1230 3109 1291 3166 est.
1327 3098 1367 3167 Ut

177 3227 274 3274 casus
296 3216 329 3273 et
353 3204 480 3272 imtunu
506 3205 568 3272 tert
589 3205 653 3272 ἀτό
677 3226 734 3293 pro
756 3207 815 3272 ὑτά
839 3206 986 3271 scribunt
1009 3213 1065 3273 aut
1085 3214 1208 3272 contra.
1242 3206 1364 3272 Passim

179 3323 318 3398 utraque
338 3311 433 3378 tectio
454 3312 486 3377 in
507 3311 599 3378 tibris
619 3319 683 3378 est:
708 3311 792 3378 docti
815 3314 922 3378 nescio
940 3310 1101 3398 quomodo
1121 3331 1364 3398 nonnumquam

178 3420 295 3484 uitium
319 3417 455 3494 toiiunt,
487 3418 616 3504 saepius
640 3416 731 3483 uideo
754 3418 979 3497 conniventes,
1004 3419 1095 3505 quasi
1122 3416 1200 3483 nihii
1225 3418 1268 3483 sit
1292 3439 1367 3505 pec·

177 3533 302 3593 catum.
353 3524 420 3590 lam
450 3522 552 3588 uruita
581 3521 726 3610 exempta
751 3543 847 3609 supra
874 3524 994 3610 passim
1019 3523 1249 3601 iudicavimus,
1275 3523 1367 3611 piuru

178 3629 292 3698 ordine
311 3627 518 3699 enumerabo.
545 3634 586 3709 8,
612 3633 652 3705 6,
677 3634 707 3695 4.
731 3630 764 3695 τί
782 3630 845 3711 yde
867 3628 907 3696 ἀν
928 3629 981 3697 aad
1001 3627 1109 3703 arridere
1129 3629 1221 3696 δεινὸν
1240 3623 1367 3698 drudro&

178 3734 370 3814 πλάσματος
404 3755 461 3821 pro
493 3734 562 3801 dard.
595 3738 638 3814 8,
670 3738 709 3814 9,
741 3739 771 3800 t.
805 3743 957 3815 μαλακῶς
981 3737 1044 3802 ἀπὸ
1068 3735 1257 3804 reincidunt
1280 3733 1366 3818 ἔχει,

178 3842 241 3929 leg.
274 3842 345 3908 dard.
380 3845 421 3920 9,
454 3844 494 3919 6,
528 3846 558 3906 3.
590 3838 685 3906 Codd.
709 3841 768 3906 ἀπ’
788 3877 833 3892 -
854 3840 917 3908 ὑπ’.
948 3847 1009 3920 ttt,
1036 3845 1089 3909 20.
1115 3842 1167 3908 ὑπ’
1189 3841 1369 3922 ἀργίας-

179 3949 241 4017 ΑΒ.
274 3951 332 4015 ἀπ’
361 3946 487 4028 ἀργίας.
526 3950 583 4025 16,
612 3950 667 4012 18.
701 3945 823 4018 κυανός
842 3947 903 4012 ten
933 3947 997 4013 ἀπὸ
1028 3954 1087 4013 τῶν
1110 3947 1275 4028 ςιγμάτον
1300 3946 1370 4035 iege

180 4054 249 4123 ὑπό.
277 4059 338 4129 aa,
365 4058 394 4120 2.
418 4054 477 4118 ἀπ’
499 4054 595 4119 αὐτοῦ
615 4050 675 4136 leg.
697 4053 748 4118 ὑπ’
769 4055 874 4118 αὐτοῦ.
897 4056 956 4129 tt,
981 4057 1011 4118 2.
1034 4053 1203 4121 codddae’
1217 4058 1369 4123 αὐτοῦ-

179 4165 233 4230 ὑτ’
252 4164 359 4230 αὐτοῦ.
384 4164 446 4238 54,
474 4164 523 4226 tt.
550 4163 624 4226 ναῦν
644 4157 707 4224 ἀπὸ
729 4163 782 4225 τοῦ
803 4157 916 4238 ἀνέμου
934 4158 1190 4242 κατουρουμένην,
1212 4161 1372 4228 imovero

216 4400 242 4464 t)
258 4399 317 4450 Non
334 4401 478 4451 recordetur
494 4405 532 4458 est
548 4399 623 4449 haim
641 4413 700 4450 unta
719 4398 896 4448 Branausor
913 4397 945 4448 ad
963 4395 1076 4450 Suroarr
1091 4413 1116 4450 r.
1135 4399 1374 4468 Apianae-icq-

181 4497 225 4530 τοι
241 4479 344 4540 αὐτοὺς
360 4481 479 4550 τροφήν,
496 4489 522 4532 et
539 4479 672 4532 infeliciter
687 4481 823 4531 admodum
840 4477 933 4544 ἐξῄειν
949 4480 1062 4532 coniecit.
