3160 4972
783 341 852 412 376

202 535 366 619 ορύγγυλα
399 535 550 604 haerebat
582 537 726 603 incertus
759 535 939 603 Maturius.
990 536 1082 604 llahil
1106 537 1188 603 milti
1217 561 1392 620 συςοογγυ-

201 643 315 725 λύζενν,
348 643 567 725 γογγνλύζενν,
602 645 772 723 ύγανλούν,
805 642 992 722 ἐξογνυλοῦν
1028 645 1133 710 serlus
1162 643 1291 709 demunt
1323 664 1395 710 esse

203 759 291 818 nala.
341 752 509 818 Praeterea
533 749 605 818 deut
624 749 851 825 καταλιπόντος
874 755 928 816 τοῦ
950 749 1067 833 σατρύς
1090 770 1147 836 pre
1166 749 1396 822 καταλιπόντος

203 881 255 937 αα
277 861 331 924 τοῦ
356 859 484 942 σασρδς.
533 858 624 925 llaeti
650 857 795 924 homines
822 861 875 923 τοῦ
894 865 1140 944 expunxerunt,
1162 866 1194 922 at
1215 877 1394 944 numquam

204 963 239 1029 iu
265 963 382 1032 talihns
401 965 505 1047 σατύρ
526 965 614 1054 prod
638 967 742 1046 πατήρ
764 963 843 1030 mihi
864 963 1003 1043 lectum,
1028 965 1055 1028 si
1079 964 1152 1050 quis
1172 963 1211 1030 de
1231 985 1285 1030 ουο
1304 973 1397 1050 patre

202 1068 358 1156 loquitur.
407 1072 522 1139 Levius
561 1079 729 1158 peccatum
764 1082 813 1138 est
847 1071 879 1137 in
915 1068 1096 1158 fragmento
1129 1071 1276 1137 Acamans
1310 1068 1394 1158 apud

206 1175 606 1266 hruan.lV.p.165.s.
694 1177 698 1183 “

431 1283 635 1367 Ἐσνχαρνῒνς
660 1285 674 1349 l
697 1286 802 1366 μικρὸς
826 1285 857 1350 ἒν
881 1283 962 1352 πένθ’
987 1283 1115 1367 ἡμέραις

431 1398 570 1476 σφαῖραν
594 1391 716 1468 ἐποίησε
740 1393 794 1467 τὴν
818 1391 964 1474 πατρῴαν
988 1391 1093 1458 ούούαν

432 1495 507 1566 ούσοο
532 1496 798 1580 σννεςνύγγυλλεν
821 1501 941 1578 ἰταμῶς
964 1499 1017 1566 καὶ
1041 1496 1140 1579 ταχύ.

206 1603 288 1691 quod
315 1603 449 1672 Dinnonr
476 1626 514 1672 ex
547 1605 740 1694 apographis
771 1606 910 1691 recepit,
942 1625 1001 1691 ego
1025 1605 1057 1670 in
1090 1601 1265 1691 archetype
1290 1603 1395 1689 reperi

127 1780 134 1790 ,
204 1711 459 1793 συνεςρύγγυλεν.
507 1712 686 1793 Γογγύλλεν
716 1710 840 1779 dixerat
877 1714 1102 1778 hnrsrurnanus
1139 1710 1170 1775 in
1208 1709 1394 1796 Thermoph.

204 1836 251 1884 rs.
278 1821 331 1883 56.

523 1922 575 1990 καὶ
600 1932 766 2006 κηροχυτεῖ
787 1923 839 1990 καὶ
864 1923 1060 2005 γογγύλλει,

205 2028 330 2096 scribae
355 2027 399 2094 nil
424 2037 575 2096 curantes
601 2051 751 2097 numeros
776 2031 996 2118 anapaesticus
1021 2029 1158 2117 pessime
1182 2049 1293 2096 omnes
1317 2051 1395 2108 γογ-

207 2135 327 2219 γυλΙζεν
352 2134 527 2215 dederunt,
559 2135 644 2223 quud
685 2137 882 2204 Burmannus
913 2147 945 2204 el
984 2139 1138 2203 Personas
1173 2143 1395 2203 correxerunt.

205 2244 327 2312 Eadem
352 2264 447 2332 opera
472 2245 589 2330 corrigi
617 2253 764 2331 poterant
785 2244 848 2310 due
869 2243 949 2322 luci,
973 2262 1052 2330 quos
1074 2244 1320 2331 praemisimus,
1341 2242 1395 2308 uhi

206 2351 439 2433 ξυγγογγύλας
463 2358 494 2417 et
514 2353 746 2431 συγγογγύλας
770 2371 880 2418 rerum
902 2361 933 2416 et
956 2351 1133 2436 genuinum
1152 2357 1218 2427 est,
1240 2348 1296 2414 sed
1316 2348 1396 2416 nrale

206 2456 350 2525 adhaesit
376 2456 548 2543 utrobique
567 2459 704 2523 otiosum
733 2459 1068 2544 interpretamentum.
1101 2455 1193 2543 hpud
1221 2457 1397 2522 llssrcuruu

206 2562 315 2630 editur
337 2572 578 2644 γογγνλεῖντ
610 2569 793 2646 σνςοεφεῖν,
828 2585 883 2650 pru
914 2563 1191 2644 γογγύλλεννε
1215 2553 1395 2646 ονςρὲφενν,

207 2669 283 2738 hinc
307 2669 346 2736 ad
371 2670 603 2751 συγγογγύλας
627 2670 773 2739 adhaesit
801 2669 959 2753 σνςοὲψας
990 2681 1119 2736 etcum
1148 2667 1203 2736 καί
1229 2677 1395 2755 reueplum

205 2788 265 2844 est.
301 2777 459 2844 Emenda:
484 2777 618 2859 μεγαλῳ
637 2779 726 2862 τυφῷ
747 2775 980 2858 ξυγγογγύλας
1001 2776 1171 2863 expunctis
1194 2775 1247 2842 nel
1270 2780 1395 2858 crastin

206 2883 365 2968 ξος-ρέψας
389 2884 444 2950 καί
466 2892 498 2951 el
523 2886 554 2950 in
580 2883 680 2951 allero
705 2885 772 2950 locu

412 2992 644 3071 συγγογγύλας
668 2989 688 3080 [Ι
712 2991 796 3057 τουτὶ
821 2990 856 3056 cd
881 2989 952 3064 πέος
976 2993 1157 3070 χοανεῦσαι.

253 3095 376 3164 Addam
402 3096 570 3163 nonnullus
589 3096 675 3162 loces
700 3096 949 3184 praeclarissimi
974 3095 1161 3181 scriptoris,
1187 3095 1315 3170 hrsne,
1342 3113 1397 3160 eu·

209 3203 261 3269 ius
284 3204 387 3268 oratio
407 3222 466 3266 trun
490 3200 617 3281 multis,
642 3195 797 3290 utsupra
822 3203 979 3279 diximus,
1004 3200 1207 3268 emblematis
1228 3202 1396 3288 inquinata

208 3314 274 3385 est,
298 3319 329 3374 at
350 3315 416 3373 tam
437 3306 571 3395 limpida
589 3317 622 3376 et
642 3319 776 3376 venusta
797 3317 866 3388 est,
892 3319 926 3376 ut
940 3310 1046 3395 inepta
1068 3307 1191 3374 alienae
1211 3327 1326 3378 manus
1340 3307 1395 3374 ad·

163 3443 173 3460 ·
209 3414 386 3480 dilamenta
417 3412 543 3481 facilius
574 3417 672 3482 etiam
703 3415 788 3503 apud
821 3435 917 3494 eum,
943 3433 1038 3502 quarn
1065 3413 1150 3501 apud
1176 3415 1293 3481 inultos
1317 3413 1396 3481 alios

208 3519 501 3609 deprehendantur.
538 3521 623 3588 hdeu
644 3522 727 3589 nihil
753 3522 837 3609 quud
860 3523 1004 3609 ineptum
1030 3529 1129 3587 estet
1155 3522 1268 3588 vitiose
1293 3521 1395 3587 alum·

209 3627 264 3697 dat
289 3637 344 3696 aut
367 3627 463 3715 irigel
484 3638 541 3696 aut
566 3628 696 3715 languet
721 3630 860 3696 nitidum
882 3628 941 3694 huc
961 3638 993 3694 et
1012 3627 1141 3714 elegans
1162 3627 1323 3695 scribendi
1345 3647 1397 3715 ge·

208 3756 271 3803 nus
293 3735 377 3803 ferre
401 3743 515 3824 potest.
564 3734 598 3803 lu
625 3737 769 3802 oratioue
792 3735 817 3802 l.
850 3738 867 3821 §
894 3739 948 3801 λθ.
975 3737 989 3802 e‘
1013 3745 1069 3812 τῆς
1093 3733 1209 3810 πύλεας
1233 3736 1343 3814 νύμος,
1365 3731 1397 3802 ὃν

209 3843 246 3908 σὺ
275 3840 504 3931 [παραβαίνων]
538 3841 606 3924 περὶ
639 3841 802 3916 ἐλάττονος
833 3847 892 3908 τῶν
922 3841 1029 3919 ἡδονῶν
1060 3843 1205 3920 ἐντανύσω,
1236 3843 1309 3928 quis
1334 3861 1396 3908 uon

210 3951 308 4015 sentit
333 3968 430 4034 quam
464 3948 545 4016 nrale
578 3949 780 4031 παραβαίνων
811 3946 972 4014 abundet?
1005 3956 1037 4013 et
1062 3953 1078 4032 §
1104 3950 1157 4014 lu.
1190 3950 1216 4014 oi
1241 3945 1324 4028 νύμα
1347 3971 1398 4014 κε-

209 4160 318 4227 nullus
338 4170 387 4227 est
412 4161 588 4248 particulae
608 4162 706 4228 lucus.
753 4162 790 4230 ln
815 4169 895 4226 orat.
917 4160 972 4227 lll.
997 4167 1013 4246 ᾗ
1039 4165 1078 4226 10
1114 4159 1196 4238 ἔδοξέ
1219 4185 1270 4240 μοι
1294 4159 1400 4242 νούσο-

209 4293 260 4340 ςον
284 4265 361 4334 εἶναι
382 4267 582 4346 ἀποδημῆσαι
611 4268 659 4356 [ἕν
682 4277 737 4344 τῆς
761 4266 910 4356 clusus}
936 4268 1045 4346 λαβὼν
1069 4267 1103 4343 at
1125 4267 1160 4332 ού
1184 4265 1338 4348 panemos
1355 4305 1399 4318 -

209 4374 338 4459 ᾠχόμην
357 4376 391 4441 ἐν
414 4382 470 4450 τῆς
493 4375 620 4447 πόλεως.
667 4375 746 4456 Quis
770 4385 916 4441 nostrum
939 4375 984 4440 ila
1008 4373 1214 4461 scripsisset?
1239 4382 1296 4440 aut
1313 4362 1399 4461 grtod

211 4481 330 4569 legitur
365 4480 416 4548 Vl.
452 4485 481 4547 7.
515 4481 584 4552 τοὺς
616 4481 671 4559 μὲν
703 4483 827 4566 &epipeda
853 4480 948 4560 μηδὲν
981 4489 1078 4548 ποιεῖν
1110 4481 1223 4556 κακὸν,
1259 4479 1330 4552 τοὺς
1366 4479 1399 4545 δὲ
