3208 4972
729 386 797 457 201

169 575 275 662 pouit,
299 577 408 652 σκέλος
431 582 663 666 τετρασκελθς,
690 581 754 655 δέος
777 581 890 660 allode,
914 579 1002 656 κλέος
1029 583 1176 664 εὐκλεής,
1199 585 1262 654 otia
1285 607 1358 658 sex-

170 691 278 747 centa:
305 701 378 751 mox
402 682 523 769 legitur
545 688 660 762 λεττθς
683 686 772 766 ἄγαν
794 695 857 753 τοῖν
878 695 1017 768 σκελοῖν,
1041 691 1149 757 neseio
1173 691 1258 759 unde
1279 692 1356 761 haee

168 783 264 852 lectio
288 799 363 853 nata
385 787 502 864 luerit,
533 791 588 859 sed
621 812 716 859 uerno
741 811 895 878 umquam
926 793 1021 860 aliter
1049 815 1146 882 quam
1177 798 1292 872 λεπτὸς
1314 799 1357 865 τῶ

169 890 264 966 σκέλη
289 893 393 978 potuit
420 894 536 962 dicere.
584 897 620 963 ln
654 901 672 983 §
701 902 733 964 5.
765 899 947 976 Αῖηυττθας
971 899 1163 967 emendetur
1195 903 1227 968 in
1258 905 1358 981 Αῖηυ·

168 997 288 1074 ττθοις,
310 1017 372 1064 non
393 1009 443 1064 est
459 1001 545 1066 enim
566 1002 629 1068 alia
655 1003 777 1069 Graeoa
797 1003 967 1081 nobilitas,
986 1004 1048 1070 alia
1068 1008 1282 1095 Aegyptiam,
1302 1006 1357 1074 sed

168 1099 230 1170 ulla
248 1112 326 1169 sunt
347 1103 419 1168 ullis
440 1107 598 1184 εὐγενείας
619 1116 751 1186 σημεῖαε
773 1116 843 1173 tum
865 1109 897 1173 iu
919 1108 1025 1176 verbis
1044 1111 1266 1191 ἀναδουμένους
1285 1137 1358 1194 xpu-

164 1206 264 1285 βθλσν
288 1208 345 1274 ὑπὸ
366 1209 489 1289 τέττιγι
511 1215 616 1295 χρυσῶ
639 1211 881 1293 ἀνειλημμένοι,
915 1213 1050 1281 solemni
1075 1235 1186 1283 errore
1200 1219 1357 1297 'desinem-

166 1313 257 1391 μένον
276 1312 435 1381 dederunt
454 1336 512 1402 pro
531 1319 744 1396 θνειλημένσν,
765 1319 873 1385 crines
893 1319 926 1384 in
948 1319 1068 1386 nodum
1087 1324 1356 1408 retorquebantur,

166 1422 350 1486 ιὀυειλοῖιιτο.
399 1420 435 1486 lu
461 1423 479 1507 S
509 1427 562 1490 19.
588 1424 712 1490 ἕτειδθιυ
742 1425 785 1498 εἷς
809 1425 842 1490 σὲ
866 1423 1001 1508 ταρθλθη
1024 1427 1042 1503 ἦ
1064 1427 1164 1509 εὐχή,
1195 1427 1353 1514 quidquid

169 1523 204 1589 m
226 1545 284 1611 per
306 1526 393 1592 vices
417 1525 538 1593 dieitur
560 1531 705 1611 τεριιθναι
724 1538 755 1596 et
781 1529 1008 1615 corrigendum
1030 1532 1179 1614 τεριέλθη.
1216 1533 1354 1598 llnnono·

166 1647 221 1694 rus
255 1629 307 1698 Vl.
336 1638 408 1698 ltl.
439 1634 478 1707 ῶς
510 1633 541 1699 δὲ
572 1635 603 1708 ἐς
634 1637 743 1700 ἐκεῖνον
773 1637 914 1716 περιῆλθε
946 1638 963 1712 ἦ
991 1637 1186 1717 -τρντανηῖη,
1202 1636 1250 1703 ·id
1283 1647 1355 1718 est,

166 1739 365 1815 περιελθοῦσα
388 1735 478 1814 ἧκεν,
510 1739 612 1806 etsie
643 1739 793 1806 Luotnuus
824 1740 891 1826 ipse
923 1738 1067 1826 loquitur
1103 1749 1161 1820 tu,
1191 1749 1303 1821 1t,u.
1329 1746 1355 1810 σῖ

167 1848 268 1921 κλῆροι
292 1843 337 1915 sla
359 1844 507 1923 Εὐνόμιον
530 1846 582 1911 καὶ
614 1845 800 1927 θρασυκλὲα
823 1847 992 1927 τεριῆλθον.
1017 1859 1050 1914 et
1075 1852 1137 1926 tu,
1163 1851 1194 1912 2.
1217 1843 1293 1913 θταν
1314 1849 1357 1920 εἰς

166 1946 276 2012 ἐκεῖνον
300 1950 319 2024 ἦ
342 1949 426 2031 ιὶθῖθθ
450 1951 589 2035 τεριθλθη
614 1960 646 2018 et
665 1952 736 2016 aliis
761 1949 851 2018 loeis.
900 1950 936 2016 lu
962 1953 1054 2037 §20.
1078 1952 1122 2018 τθι
1143 1953 1211 2034 περὶ
1235 1953 1271 2019 τὸ
1293 1951 1356 2022 risu

166 2050 275 2117 ταντα
309 2054 471 2133 ῶνησοθμην
513 2057 596 2130 τλην
629 2053 688 2123 θσα
723 2057 842 2136 Ἰσθμοῖ
877 2057 929 2123 καῖ
965 2059 1066 2124 Πυθοῖ.
1106 2056 1241 2123 ridioula
1278 2057 1356 2124 liaeo

166 2157 359 2223 teutonum
381 2157 476 2225 trahet
498 2160 529 2225 in
551 2158 642 2226 libris
663 2161 835 2247 praesidii,
856 2162 889 2227 in
910 2163 1029 2249 quibus
1047 2172 1096 2230 est
1114 2160 1245 2229 θσα.καῖ
1261 2165 1356 2242 λιθοῖ,

165 2259 223 2328 θσα
247 2263 340 2342 θύμον
371 2263 424 2330 καὶ
454 2264 540 2330 λθθοι.
588 2265 747 2332 Bsnuuuus
780 2265 868 2333 dedit
900 2267 939 2334 de
963 2287 1021 2333 suo
1050 2265 1110 2334 θσα
1140 2267 1269 2351 ψθμμοι
1300 2272 1354 2337 καὶ

165 2369 252 2434 λίθοι.
287 2369 465 2436 sanissima
487 2369 614 2436 uidetur
633 2369 729 2438 lectio
747 2371 899 2440 Codicum
920 2383 987 2439 ΜΔ
1007 2370 1067 2439 θσα
1086 2373 1179 2453 θθμον
1197 2375 1250 2440 καῖ
1266 2373 1353 2441 λθθοι.

167 2473 338 2540 Ptonitiem
361 2493 528 2540 amoenam
561 2483 595 2540 et
619 2495 680 2542 uon
709 2475 851 2543 sterilem
880 2487 1029 2544 emturus
1050 2488 1121 2545 erat
1144 2477 1355 2559 Adimantus,

166 2589 286 2644 orontes
307 2599 370 2645 non
394 2577 640 2655 emutilatum,
665 2591 832 2668 poteratne
850 2582 954 2666 igitur
975 2584 1108 2649 suavius
1130 2583 1239 2652 dicero
1257 2605 1356 2672 quam

166 2687 248 2760 τλην
272 2680 332 2750 θσα
362 2686 455 2764 θύμον
486 2687 540 2752 καὶ
567 2687 663 2753 λθθοιθ
696 2707 769 2753 mox
794 2706 852 2774 pro
875 2688 928 2753 καὶ
960 2690 991 2754 ἐν
1015 2695 1168 2756 Ἐλευσῖνι
1197 2691 1267 2775 lege
1301 2691 1355 2756 καὶ

164 2793 336 2866 Ἐλευσῖνι,
374 2800 410 2857 ut
443 2793 626 2873 Μαραθῶνι,
662 2795 860 2874 Ῥαμνοῦντι,
900 2800 1049 2873 Σικυῶνι,
1086 2814 1169 2880 quae
1204 2794 1355 2862 adverbia

165 2906 243 2964 sunt
267 2895 353 2962 haud
382 2916 476 2964 serus
499 2907 596 2983 atque
619 2905 781 2982 Σφηττοῖ,
806 2899 943 2979 Ἰσθμοῖ,
975 2897 1069 2979 οῖκοι,
1094 2901 1204 2979 Πυθοῖ,
1230 2901 1354 2978 Ἀθήνη·

164 3027 217 3084 σν,
254 3004 412 3084 Θήβησιν,
452 3005 687 3083 Ὀλυμπίασιν,
723 3023 806 3090 quae
848 3024 911 3070 non
949 3004 1053 3091 magis
1085 3006 1353 3092 praepositionem

165 3108 345 3177 admittunt
376 3127 473 3195 quam
506 3110 687 3190 Μαραθῶνι,
723 3111 903 3189 Ἀγνοιῖντι,
939 3109 1012 3176 alia.
1067 3109 1226 3177 librariis
1249 3110 1356 3178 aliter

164 3217 289 3292 visum,
314 3215 371 3301 qui
390 3215 510 3301 passim
528 3216 560 3280 ἐν
583 3213 623 3280 de
641 3233 701 3280 suo
720 3213 907 3282 inferciunt.
957 3215 1151 3303 Saepissime
1176 3217 1299 3284 videbis
1319 3219 1353 3283 in

162 3320 256 3387 tibris
279 3323 431 3387 Ἐλευσῖνι
455 3330 487 3387 et
512 3323 543 3386 ἐν
564 3321 717 3386 Ἐλευσῖνι
740 3320 924 3401 alternare,
947 3326 1112 3405 Μαραθῶνι
1133 3332 1166 3390 et
1186 3325 1216 3390 ἐν
1238 3333 1353 3407 Μαρα-

165 3429 251 3504 θῶνι,
275 3427 405 3493 similia.
454 3426 492 3493 ln
517 3425 687 3512 Equitidus
709 3444 757 3491 vs.
782 3429 858 3492 778.
905 3453 908 3458 ’

232 3535 270 3599 σὺ
293 3533 357 3614 γὰρ
381 3525 412 3607 ὃς
435 3532 565 3607 Μήδοισι
588 3531 745 3613 διεξιφίσω
769 3531 836 3612 τερῖ
865 3540 921 3608 mr
944 3533 1049 3616 χώρας
1072 3535 1259 3616 Μαραθῶνι,

166 3638 307 3725 optimus
326 3637 430 3703 Codex
444 3636 608 3702 θθονονιιιοι
619 3637 649 3702 ἐν
662 3639 818 3718 μαραθῶνι
830 3638 988 3724 seriptum
1007 3637 1123 3718 habet,
1140 3648 1172 3705 et
1193 3659 1241 3705 vs.
1255 3644 1354 3706 1551.

232 3750 289 3819 τῆς
312 3743 376 3824 ylo
399 3741 516 3816 τθλεοις
540 3740 618 3822 ῶξια
640 3742 788 3824 τροῖττειρ
811 3744 864 3809 καῖ
888 3749 942 3810 τοῦ
966 3747 1131 3827 Μαραθῶνι
1154 3745 1310 3825 τροπαῖον.

166 3843 330 3915 doeendus
353 3843 449 3914 habet
474 3849 732 3929 andronopolim,
770 3845 901 3913 Venetus
931 3852 985 3914 τοῦ
1009 3852 1035 3914 ’ν
1057 3849 1231 3931 μαραθῶνι,
1265 3850 1357 3916 simi·

165 3953 240 4022 liter
271 3955 305 4020 in
341 3951 463 4041 Veopis,
496 3973 541 4020 vs.
574 3958 650 4019 711.
700 3951 769 4034 Quo
802 3953 871 4018 iure
908 3955 1136 4040 tlmsmmmrs
1168 3954 1358 4024 errrendatus

166 4069 233 4139 est,
266 4058 378 4126 eodem
414 4060 446 4124 in
476 4078 588 4126 omnes
613 4057 767 4125 utendum
793 4068 825 4125 et
856 4061 887 4124 ἐν
909 4061 1094 4141 Μαραθῶνι,
1128 4061 1157 4125 ε’ν
1180 4063 1355 4142 Ἐλευσῖνι,

165 4164 303 4244 similia,
327 4166 470 4252 primum
492 4167 525 4229 in
550 4165 732 4231 Atticorum
757 4164 906 4250 seriptis,
930 4163 1045 4232 deinde
1069 4166 1103 4230 in
1129 4165 1355 4234 Atticistarum

165 4270 206 4338 ad
230 4279 371 4339 veterem
395 4269 546 4358 loquendi
571 4289 666 4336 usum
700 4269 817 4358 ubique
848 4267 1034 4358 retingenda
1065 4279 1152 4338 sunt.
1200 4271 1236 4338 ln
1263 4273 1356 4360 §im

165 4378 252 4452 lettre
276 4377 445 4460 αλουργθι,
470 4374 539 4463 lege
561 4378 727 4459 θλνυονθο.
755 4377 901 4460 θλουρνθι
921 4376 1161 4447 substantivum
1182 4385 1258 4456 est‚·
1272 4377 1357 4466 quod

165 4481 329 4570 siguificat
352 4483 491 4566 οἱλουργιῖ
514 4481 640 4561 ἐσθῆτα.
690 4482 727 4550 In
753 4485 842 4568 528.
865 4484 905 4560 ῶς
928 4483 1047 4553 ἐκεθιιοι
1069 4485 1143 4568 spir
1170 4485 1252 4553 οὐδὲν
1276 4487 1355 4552 ῶνα·
