3208 4972
747 380 818 451 243

231 573 265 639 in
294 573 445 640 Herodoto
475 577 536 652 tt,
564 580 592 640 l.
624 573 693 659 iege
717 574 857 643 ε’νίςαται
882 592 939 660 pro
963 573 1130 645 ἐνίςανται.
1168 580 1185 661 §
1211 578 1241 639 6.
1265 577 1371 652 μισθὸν

181 679 364 760 εἰκασμένου
387 679 494 760 γιίμου
514 681 698 764 πμολαβὺν
725 681 824 756 denisi
846 678 950 759 γοίμον
970 699 1117 767 expungo
1137 679 1259 758 γοίμον,
1284 681 1370 767 quot

180 787 209 850 si
234 785 384 852 buciiuus
405 784 523 852 addere
548 784 701 852 voluisset
724 785 830 865 γιίμον
851 785 952 860 ὑλιρθῖι
979 787 1174 872 scripsisset.
1211 788 1229 872 §
1250 791 1282 853 8.
1303 783 1371 854 ὅσον

178 893 214 960 οὑ
236 892 342 974 μικρὸν
364 892 419 969 ήδη
439 892 484 971 μή
507 893 572 958 xri.
600 890 695 958 rcriia
709 911 806 959 sensu
829 910 928 958 vacuo
942 891 1128 979 scripserim
1151 887 1202 962 te·
1220 891 1254 958 οὑ
1265 892 1370 975 μικρὸν

179 998 236 1076 ἤδη
258 998 324 1072 iios
346 999 402 1078 μή
415 999 482 1067 κτὲ.

226 1104 261 1171 iu
286 1103 427 1170 Zeuxide
450 1108 512 1181 22,
538 1108 569 1169 2.
594 1105 628 1170 τὸ
656 1107 711 1170 τοὺ
740 1102 877 1184 Ὀμήρου
907 1101 973 1168 καί
997 1102 1052 1178 τήν
1075 1100 1145 1168 oter
1168 1103 1244 1185 ᾠδήν
1267 1125 1369 1184 κεχα·

179 1209 321 1292 ριομθνιιν
345 1210 498 1293 ὑποίρχειν
516 1219 580 1284 τοῖς
603 1209 777 1286 ὑκοὺουοιν,
803 1209 1025 1296 importunum
1055 1207 1111 1274 καί
1134 1209 1167 1273 in
1195 1208 1247 1275 οίεί
1269 1209 1369 1276 corri-

180 1325 288 1404 gatur.
333 1319 349 1400 ,ί
376 1321 406 1381 5.
438 1315 488 1382 ὑεί
524 1317 556 1383 δὲ
587 1321 768 1383 καινοποιεῖν
798 1314 959 1396 θπειροῖτο,
994 1333 1056 1380 uon
1092 1322 1274 1382 καινοποιεῖν
1310 1314 1370 1382 hoe
1430 1361 1435 1370 ·

180 1419 380 1490 dicitursed
404 1430 617 1501 καινοτομεῖν,
644 1431 679 1487 ut
704 1421 735 1485 io
762 1421 982 1487 boisrormius
1007 1419 1181 1487 Ecclesiae.
1207 1426 1285 1488 ast.

317 1528 343 1594 εί
365 1535 554 1606 καινοτομεῖν
578 1529 767 1604 ἐθελήσουσιν
790 1524 843 1592 καί
862 1527 907 1606 μή
929 1532 994 1598 τοῖς
1015 1522 1103 1602 ήθοὺοι
1127 1503 1200 1594 θίαν

316 1641 379 1707 τοῖς
403 1633 546 1715 οῖρχαίοις
570 1632 782 1716 ἐνδιατρίβειν.

180 1738 285 1805 etsie
310 1737 428 1826 passim
453 1747 645 1820 καινοτομεῖν
668 1739 800 1827 ponitur
822 1745 852 1804 ct
879 1735 963 1824 apud
994 1735 1074 1803 aiios
1096 1745 1128 1803 et
1152 1735 1238 1825 apud
1263 1739 1371 1805 Locm·

181 1864 254 1911 νυν.
305 1843 446 1911 Verbum
478 1844 679 1933 hocffltum
712 1852 762 1910 cst
784 1845 816 1908 in
843 1842 981 1916 metatiis
1004 1843 1220 1922 Laurentius,
1243 1844 1277 1910 io
1302 1844 1371 1931 qui·

182 1949 243 2016 bus
277 1949 354 2037 quid
390 1951 433 2016 sit
464 1958 655 2029 καινοτομεῖν
689 1947 872 2016 iucutcntcr
910 1948 1103 2016 monstrabit
1138 1949 1300 2017 Xsuoraou
1334 1949 1373 2016 ue

189 2055 395 2143 Vertipotibus
424 2075 495 2143 eap.
522 2055 576 2122 IV.
611 2060 629 2143 §
656 2060 709 2121 27.
734 2055 787 2121 καί
811 2057 873 2136 μήν
896 2063 1087 2135 καινοτομεῖν
1109 2079 1151 2136 γε
1174 2057 1258 2123 obbia
1282 2053 1372 2133 ἦττον

183 2159 265 2240 ὑξετι
288 2165 339 2228 νῦν
369 2162 387 2238 ή
415 2161 566 2245 πρότερον.
591 2164 624 2228 οὑ
652 2160 751 2228 τοίνυν
771 2161 833 2230 οὐδ’
856 2163 953 2229 είπεῖν
977 2161 1016 2228 ὑον
1040 2159 1107 2244 ἔχοι
1128 2162 1224 2238 obicio
1248 2163 1372 2245 πθτερον

182 2268 215 2334 ir
245 2274 308 2341 τοῖς
338 2267 627 2348 κατατετμημέναι
662 2266 775 2334 πλείων
809 2269 966 2349 θργυρῖτις
1004 2269 1021 2346 ή
1057 2268 1089 2332 ἐν
1121 2277 1185 2342 τοῖς
1221 2271 1372 2350 ὑτμήτοιρ

183 2372 261 2448 teir,
276 2381 306 2438 et
320 2377 367 2439 sic
380 2375 508 2460 saepius
520 2375 553 2440 in
567 2372 788 2461 sequentibus
824 2373 972 2454 Τθμνειν,
985 2372 1208 2454 κατατίμνειν,
1220 2375 1373 2462 ἐπικατα-

182 2477 305 2558 τθμνειν
326 2481 456 2567 propria
484 2489 559 2546 sunt
591 2479 623 2545 io
657 2477 794 2546 metuitis
824 2479 996 2558 vocabula,
1028 2490 1057 2547 et
1084 2479 1160 2546 binc
1184 2489 1374 2563 καινοτομεῖν

183 2594 297 2672 sponte
333 2595 444 2651 natum
478 2594 538 2652 est.
587 2587 752 2672 Perspexit
786 2583 845 2652 boe
880 2585 955 2654 otim
992 2587 1244 2672 grammaticus,
1279 2589 1374 2656 cuius

183 2689 290 2756 iocum
315 2690 447 2757 Paomus
480 2692 620 2758 servavit
652 2692 683 2756 in
709 2711 737 2756 ν.
763 2700 1049 2771 Καινοτομεῖνε
1079 2692 1185 2768 καινήν
1215 2694 1374 2774 λατομίαι

183 2796 304 2875 τέμνειν
327 2796 448 2878 κυρίοις,
472 2798 534 2862 uisi
559 2796 643 2884 quod
667 2796 827 2875 λατομίαι
848 2796 948 2864 solam
975 2798 1080 2883 ponit,
1104 2797 1188 2885 quod
1215 2799 1246 2864 iu
1270 2799 1376 2866 omni·

183 2899 245 2967 bus
270 2900 408 2967 metaiiis
431 2901 620 2970 exercendis
642 2903 807 2990 proprium
831 2910 890 2969 cst.
938 2902 1005 2969 Nou
1030 2901 1186 2988 deponam
1207 2901 1247 2972 de
1271 2905 1372 2971 meoi-

184 3007 245 3073 bus
275 3007 431 3074 exiiuium
475 3008 686 3075 Xcsoruomis
720 3006 883 3084 iibciium.
918 3009 1106 3095 priusquam
1146 3011 1372 3097 turpissimum

183 3112 299 3180 vitium
332 3131 500 3190 exemero,
532 3113 615 3201 quoii
641 3115 733 3202 piane
756 3112 897 3201 perdidit
925 3114 1029 3180 iocum
1056 3115 1088 3179 in
1112 3135 1182 3204 cap.
1208 3115 1244 3184 V.
1271 3120 1288 3198 i
1317 3124 1370 3185 aa.
1423 3195 1425 3200 ¹

183 3219 267 3298 λίγα
291 3215 337 3284 ὑτι
360 3219 439 3285 πολὺ
463 3221 573 3286 θοῖττον
597 3219 636 3286 bo
655 3221 861 3301 τιμωροίμεθα
885 3219 997 3294 αὑποὺς
1020 3221 1045 3286 εί
1077 3221 1196 3299 μηδένα
1223 3223 1373 3307 παρέχοι·

183 3349 242 3404 μεν
272 3324 449 3391 οῖδικοὺντα.
480 3325 586 3392 οὑὺθνα
616 3328 680 3408 γὰρ
720 3325 759 3393 br
795 3325 894 3408 ἔχοιεν
924 3326 1106 3407 σύμμαχον.
1154 3326 1222 3394 Non
1258 3329 1395 3396 meiius«

184 3427 351 3517 apparebit
386 3430 499 3497 vitium
539 3451 636 3519 quam
669 3433 812 3520 opposito
846 3451 920 3500 vera
953 3430 1106 3508 tectione,
1138 3451 1235 3519 quom
1269 3433 1376 3520 quiris

183 3535 293 3603 eiiciat
321 3555 361 3603 cx
396 3535 447 3603 bis
471 3537 564 3604 iocis:
591 3537 727 3604 Αιιοθοι.
754 3539 795 3605 ii.
821 3559 866 3604 m.
893 3541 947 3603 tt.
971 3533 1026 3602 trio
1048 3559 1095 3610 cre
1120 3540 1204 3616 ὑμεῖς
1228 3535 1262 3606 εὑ
1285 3546 1376 3606 ποιῶν

183 3641 313 3725 ὑπὺρχρ
344 3641 381 3707 V.
406 3662 435 3708 ν.
468 3647 501 3709 9.
535 3644 605 3711 orire
635 3645 699 3726 γὺρ
723 3646 811 3724 ὑμεῖς
837 3645 919 3723 ὑμαῖς
952 3642 1035 3710 οὐδὲν
1057 3643 1173 3710 πὺποθ·
1196 3642 1376 3727 ὑπήρξαμεν

183 3753 286 3822 κακοῖο
309 3753 481 3826 ποιοῦντες,
506 3757 564 3814 aut
589 3749 745 3816 Ηιλοοοτι
769 3750 839 3817 vti.
866 3755 898 3817 8.
929 3749 985 3830 toa
1008 3748 1061 3814 καί
1086 3749 1208 3832 πατίρα
1230 3749 1282 3817 τίν
1302 3752 1375 3832 tuto

184 3853 322 3936 ὑπῆρξαν
352 3853 447 3921 οῖὺικα
477 3858 651 3930 ποιεὺντει,
685 3853 769 3941 quod
802 3863 851 3922 ast
881 3853 913 3923 id
947 3856 1071 3941 ipsum,
1102 3854 1187 3944 quot
1212 3855 1376 3925 Xauoraou

184 3958 312 4028 dixerat
331 3961 358 4026 εῖ
388 3959 504 4040 μνδθνα
529 3959 722 4043 ὑποίρχοιμεν
744 3961 928 4034 ἀδικοῦντες.
977 3960 1012 4027 in
1039 3964 1057 4047 ς
1085 3967 1114 4029 4.
1140 3961 1239 4046 ήρθμα
1261 3965 1375 4044 ἐπεγή·

184 4089 306 4147 γερται.
339 4063 439 4132 uoto.
471 4067 651 4148 ἒπήγερται.
678 4065 750 4151 iege
784 4067 955 4147 ἐγήγερται
985 4075 1018 4132 ct
1051 4087 1122 4133 mox
1147 4089 1206 4156 pre
1226 4065 1280 4138 οίοί
1301 4073 1376 4139 είοιν

184 4171 271 4242 ἵπποι
295 4171 471 4255 πειρὺμενοι
493 4173 657 4249 οὑναπνρὺιῖν
680 4171 807 4257 corrige
830 4171 926 4239 ὑππου
949 4172 1141 4254 πειρωμένου.

231 4278 268 4345 iu
295 4275 488 4344 Harmonide
518 4281 561 4344 23
591 4280 609 4364 §
637 4281 668 4344 2.
693 4277 765 4362 ἐρᾷς
788 4277 913 4344 ἐπαίνου
944 4277 997 4344 καί
1028 4275 1117 4356 bikar
1142 4281 1194 4346 καί
1226 4281 1375 4364 ἐπίσημος

185 4379 274 4451 είναι.
332 4383 489 4450 Graecum
520 4391 571 4450 est
609 4383 662 4449 καί
695 4385 749 4448 τοῦ
786 4384 937 4464 ἐπίσημος
975 4380 1070 4462 εῖναι,
1113 4385 1198 4473 quod
1227 4387 1377 4457 Sraouos

185 4489 286 4570 vidit,
311 4489 433 4558 caeteri
467 4507 565 4576 quam
598 4487 817 4557 necessarium
849 4497 935 4556 esset
964 4509 1026 4556 oon
1050 4489 1279 4563 intellexerunt
1295 4497 1375 4562 -εί
