3208 4972
786 343 855 413 198

237 535 359 604 Deinde
382 554 480 602 seusu
504 554 641 604 vacuum
662 544 711 602 est
734 534 820 623 quod
840 537 988 623 sequitur
1010 537 1025 602 i
1048 538 1105 617 μέν
1128 562 1198 604 τινα
1216 536 1348 613 σῖπε,-
1366 557 1444 607 λιι-.

236 639 338 718 reiut.
370 637 417 708 ὅτι
439 639 499 714 τὰς
530 642 696 718 ἑκκλησΙας
728 641 892 724 θορυβώδης
925 642 963 708 ὢν
992 642 1088 726 ρήταρ
1115 643 1337 726 ἐπετάραττεν.
1368 663 1420 713 λο-

236 745 320 820 πήην
342 744 421 812 nibil
439 751 508 825 est,
528 767 628 833 quum
647 745 754 814 scriba
779 747 898 815 vetusti
915 746 989 813 libri
1009 751 1204 835 scripturam
1222 748 1374 817 detritam
1388 761 1421 818 et

234 849 412 936 fugientem
433 852 583 939 expedire
603 873 665 920 non
687 863 792 940 posset
812 853 901 920 dedit
920 854 1080 921 litterulas
1099 854 1169 920 sinc
1192 873 1301 921 sensu.
1337 855 1420 922 Vera

233 955 331 1022 lectio
352 977 370 1022 e
394 976 429 1024 re
453 959 523 1045 ipsa
554 958 626 1026 elici
656 967 770 1046 petest.
817 958 880 1042 Qui
900 960 961 1033 sele
991 958 1159 1035 ἐκκλησίας
1184 960 1350 1040 θορυβώδης
1383 961 1420 1026 ὧν

232 1061 327 1144 ῥήτωρ
349 1062 519 1145 ταράττει,
545 1083 608 1150 quo
625 1067 815 1150 cognomine
828 1064 867 1130 ab
887 1073 982 1130 acuto
1006 1064 1122 1153 populo
1140 1066 1275 1131 tanactari
1296 1066 1418 1152 potest?

230 1186 295 1253 quo
325 1167 388 1234 alio
416 1189 513 1256 quam
544 1168 671 1251 τορύνη1
720 1167 754 1234 Si
787 1171 861 1255 quis
885 1168 968 1236 volet
1001 1171 1160 1257 inspicere
1190 1172 1421 1238 Anrsrorerusu

228 1275 262 1338 iu
287 1271 456 1360 Equitt'bus
482 1294 530 1342 rs.
556 1279 621 1341 981
645 1282 678 1341 ei
708 1275 742 1339 iu
767 1273 849 1342 Pace
872 1278 938 1341 654
963 1274 1018 1341 ubi
1045 1274 1148 1352 δοῖδυξ
1171 1275 1224 1342 καὶ
1248 1277 1354 1358 τορύνη
1387 1285 1419 1342 et

228 1379 369 1460 κύκηθρον
390 1379 442 1446 καὶ
465 1379 633 1462 τάρακτρον
664 1378 776 1446 eodem
808 1399 905 1468 sensu
934 1378 973 1446 de
1007 1381 1117 1446 eodem
1143 1379 1330 1448 turbulento
1363 1381 1419 1450 de·

230 1503 366 1570 magogo
388 1484 561 1563 dicuutur,
584 1505 665 1572 opius
689 1504 751 1551 non
776 1485 839 1550 erit
862 1494 899 1551 ut
923 1485 1057 1553 verbum
1082 1485 1221 1573 amplius
1245 1487 1372 1553 eddam.

275 1589 311 1654 ln
335 1587 442 1657 libello
470 1592 537 1672 περὶ
568 1595 622 1657 τοῦ
645 1589 725 1656 ο1ιιον
750 1591 809 1667 61,
844 1595 895 1656 17.
927 1599 982 1666 τῆς
1006 1589 1104 1674 ὅψεως
1136 1591 1210 1672 πρὸς
1237 1593 1335 1670 αὑτήν
1358 1614 1418 1658 κα-

231 1693 357 1771 λούσης.
382 1714 444 1761 non
469 1694 629 1764 dubitabit
652 1695 799 1771 ἑλκούσης
823 1696 987 1783 recipere,
1019 1697 1074 1781 qui
1099 1697 1181 1762 sciat
1201 1717 1300 1783 quam
1324 1715 1419 1783 saepe

229 1796 331 1864 ἕλκειν
361 1807 394 1866 et
423 1809 531 1867 καλεῖν
561 1809 746 1888 permutata
773 1800 907 1867 luerint.
940 1802 957 1886 §
982 1806 1034 1868 19.
1059 1801 1161 1866 λ11ινοι
1193 1801 1330 1881 ἐγένοντο
1353 1805 1417 1868 vird
1529 1873 1533 1882 .
1600 1807 1601 1856 l

231 1905 401 1984 deiparae.
448 1903 651 1993 Quamquam
676 1906 855 1974 sexcenties
885 1903 1011 1972 librarii
1041 1905 1107 1972 ατό
1129 1914 1161 1972 et
1185 1905 1244 1971 ὑπό
1268 1906 1420 1976 conlude-

229 2018 327 2090 runt,
351 2019 440 2078 certo
463 2011 541 2078 sciri
560 2019 664 2098 potest
687 2011 807 2097 ubique
827 2018 900 2077 utra
920 2011 1156 2098 praepositione
1176 2011 1219 2076 sit
1242 2030 1332 2096 opus.
1356 2012 1420 2076 απὸ

228 2116 347 2194 λύπης,
378 2117 551 2200 Φροντήδος,
583 2120 697 2199 ὀργῆς,
728 2119 834 2197 χαρῖις
865 2125 897 2184 et
928 2116 1046 2182 similia
1080 2114 1160 2182 nibil
1189 2115 1421 2200 significabunt

230 2220 332 2288 donec
363 2222 421 2288 dri
452 2222 643 2308 reposueris.
691 2223 795 2304 Quem
824 2241 940 2306 magna
973 2223 1015 2287 sit
1043 2223 1135 2308 copia
1166 2218 1331 2299 locorum,
1363 2221 1420 2305 uui

230 2327 336 2395 adbuc
353 2336 570 2396 correctorem
587 2334 791 2412 exspectent.
813 2327 894 2394 alias
914 2326 1093 2393 ostendam.
1133 2326 1230 2392 Peuci
1250 2336 1325 2393 sunt
1346 2326 1419 2391 iibri

231 2436 294 2499 isto
316 2453 426 2500 errore
449 2433 562 2509 vacui,
594 2450 698 2518 neque
722 2431 858 2498 aliorum
885 2452 988 2519 neque
1020 2432 1155 2498 Lucrum.
1204 2431 1239 2496 ln
1266 2430 1324 2496 boc
1350 2431 1418 2516 ipso

229 2538 313 2605 libro
345 2542 440 2624 §le
472 2537 536 2604 riri
560 2537 670 2618 ἴυγγος
694 2536 711 2613 i
735 2545 864 2619 σειρῆνος
893 2537 1054 2617 ἑλκόμενος
1087 2555 1199 2602 omues
1229 2535 1353 2602 obsidet
1381 2535 1420 2601 li-

230 2644 306 2710 bros
336 2645 475 2730 scriptos
505 2651 538 2710 et
567 2642 682 2711 editos.
730 2643 892 2708 Brennus
923 2641 1053 2710 tandem
1086 2642 1143 2706 ὑπὸ
1172 2642 1330 2717 correxit,
1362 2642 1419 2726 qui

231 2749 316 2816 idern
339 2751 454 2816 vitium
479 2767 580 2835 aeque
603 2755 782 2814 certumst
804 2746 935 2813 evidens
954 2768 1049 2835 saepe
1072 2745 1147 2812 alibi
1169 2748 1327 2812 intactum
1346 2744 1419 2810 reli·

233 2857 314 2941 quit.
340 2856 387 2922 lia
404 2864 454 2922 est
468 2853 708 2940 escrnplorum‚
728 2850 826 2918 idest
844 2851 1052 2930 mendorum,
1070 2855 1161 2938 copia
1177 2857 1212 2916 ut
1227 2851 1325 2916 etiam
1345 2847 1419 2914 boni

232 2960 401 3048 philologi,
432 2958 488 3027 sed
512 2961 545 3024 in
568 2957 738 3025 codicibus
761 2956 928 3024 versandis
952 2977 1014 3022 non
1045 2955 1156 3024 diuet
1186 2958 1324 3025 multum
1351 2977 1421 3022 rer·

233 3069 316 3146 sati,
350 3085 421 3132 eam
445 3065 509 3130 rim
535 3061 755 3150 exemplorum
781 3062 923 3150 undique
947 3063 1142 3129 irruentium
1168 3065 1328 3130 sustinere
1353 3082 1418 3127 nou

233 3172 409 3256 potuerint.
468 3168 505 3234 ln
548 3168 762 3234 Xruonuonms
803 3165 976 3234 Hetleaict's
1020 3167 1057 3234 V.
1096 3173 1129 3236 4.
1166 3174 1221 3237 60.
1259 3169 1419 3236 malesane

231 3276 327 3343 lectio
358 3275 391 3341 lu
420 3273 512 3340 libris
540 3283 590 3339 eet
612 3271 698 3350 λόγοι
722 3272 882 3350 ἐγήγνοντο
911 3272 975 3338 ἀπὸ
998 3279 1057 3338 τῶν
1086 3273 1288 3357 συμμάχων,
1321 3293 1420 3361 quern

233 3381 417 3448 Druuoartus
446 3380 606 3456 servarit,
638 3377 714 3464 quia
744 3375 794 3442 bis
818 3376 901 3446 idem
934 3379 1048 3446 vitium
1074 3381 1283 3446 commissum
1313 3380 1421 3446 estin

234 3486 345 3554 eodem
378 3505 489 3572 opere:
526 3483 579 3551 vl.
612 3503 657 3550 ru.
694 3487 745 3549 10.
778 3482 988 3562 ἐγγεγένηται
1020 3485 1239 3566 ἁμαρτήματα
1274 3485 1327 3550 καὶ
1359 3487 1421 3566 αφ’

236 3599 319 3672 ήριιῖιν
349 3593 402 3660 καὶ
432 3593 494 3676 αφ’
522 3591 604 3669 ὑμῶν
634 3597 667 3655 et
700 3587 766 3654 vlt.
798 3609 819 3654 1.
851 3595 882 3654 5.
914 3589 976 3654 οὶιιὸ
1007 3596 1066 3655 τῶν
1096 3593 1166 3656 deira
1199 3591 1318 3656 δέδοται
1350 3591 1422 3668 ὑμῖν

236 3704 390 3782 εὐτυχεῖν.
415 3707 449 3765 at
479 3698 519 3763 iis
543 3695 621 3763 locis
650 3693 743 3760 facile
770 3702 821 3760 est
848 3692 966 3762 addere
989 3705 1159 3762 sexcentos
1183 3696 1280 3771 elios,
1313 3703 1421 3760 tamen

235 3804 514 3894 quodubsurdum
535 3808 666 3868 estnon
689 3799 742 3866 liet
765 3817 878 3864 rerum
900 3807 932 3866 et
952 3818 1080 3866 sanum.
1118 3801 1155 3865 in
1176 3799 1299 3866 buenni
1323 3799 1422 3876 libro,

237 3917 270 3980 iu
295 3927 572 3999 quereremur,
599 3909 617 3990 §
641 3911 659 3971 5
684 3904 792 3971 editur
816 3899 896 3978 ὅπως
920 3905 1186 3984 ἐκπλαγήσονται.
1214 3925 1277 3970 nou
1301 3907 1346 3970 ite
1371 3913 1423 3970 est

236 4023 270 4086 iu
289 4015 477 4091 (lodicibus,
494 4014 635 4099 optimus
649 4013 786 4099 quisque
801 4011 1064 4090 ἐκπλαγήσονται
1083 4010 1221 4078 exbibet.
1243 4021 1276 4077 ut
1297 4015 1350 4087 16,
1369 4015 1423 4078 56.

235 4123 450 4202 iconoclastae,
482 4123 542 4197 bb,
567 4121 622 4184 61.
653 4116 889 4189 ἐπαινέσονται,
922 4121 984 4196 76,
1011 4121 1043 4185 9.
1078 4119 1242 4193 πείσηται,
1276 4121 1336 4194 78,
1365 4121 1422 4184 ut.

236 4229 317 4304 ὅπως
341 4227 466 4310 ἐπιήήση
483 4234 516 4292 et
539 4230 690 4292 sexcenta
709 4220 807 4288 huius
828 4225 949 4289 erroris
969 4223 1114 4310 exempla
1134 4221 1219 4308 apud
1239 4242 1351 4289 omnes
1372 4242 1424 4287 oc·

235 4344 385 4402 currunt.
443 4333 549 4414 Quum
584 4329 868 4408 ἐκπλαγήσονται,
908 4330 1071 4406 πείσητοιι,
1106 4328 1306 4412 Φεύξανται,
1343 4332 1424 4394 απο-

234 4441 426 4524 δροὶσοιιται,
461 4436 540 4511 ὅπως
572 4437 655 4519 ἐμῇς,
691 4430 770 4509 ὅπως
812 4437 970 4516 δώσομεν,
1009 4435 1208 4515 πενξιίιμεήα,
1249 4435 1422 4514 λήψομαι,
