3178 4972
805 298 853 372 at

234 490 323 578 tique
354 505 410 564 aut
443 494 653 564 temerarium
681 512 751 560 esse
779 493 1027 564 arbitrabuntur
1051 495 1122 564 illos
1146 498 1225 568 velle
1248 518 1362 586 cogere
1385 494 1418 566 in

233 598 401 682 ordinem,
426 603 481 689 qui
507 603 538 668 in
567 621 602 668 ea
629 620 662 666 re
687 618 822 686 regnare
848 612 1025 690 putantur,
1049 612 1106 670 aut
1129 625 1247 692 anceps
1267 615 1299 672 et
1317 605 1418 683 ambi,-

232 725 333 791 guum
356 710 519 795 negotium
541 708 574 773 in
597 707 646 772 bis
667 707 814 794 reliquiis
834 719 1116 777 monumentorum
1139 721 1284 781 ueterum
1297 711 1419 799 liquido

231 810 366 882 delinire
397 815 475 904 quid
503 813 584 882 ierat
617 832 695 880 usus
718 824 750 880 et
774 815 920 901 annalogia
945 816 1072 902 linguae
1097 819 1309 905 antiquioris,
1340 817 1418 905 quid

232 938 295 985 non
320 919 403 988 ierat
424 930 630 1008 respuitque.
665 919 748 987 Sunt
768 919 847 988 adeo
867 922 922 1009 qui
943 924 1074 1009 angusti
1094 924 1193 989 animi
1214 944 1284 992 esse
1303 932 1418 1012 putant

232 1029 351 1093 mentis
382 1037 414 1096 et
445 1029 677 1115 cogitationum
703 1026 919 1094 bumanorum
944 1028 1105 1096 infinitam
1130 1029 1338 1110 varietatem,
1363 1029 1418 1097 'ae-

231 1132 413 1214 locitatem,
439 1134 639 1212 libertatem,
665 1133 764 1201 veluti
787 1135 996 1223 compedibus
1020 1135 1211 1222 quibusdam
1236 1143 1269 1204 et
1288 1155 1418 1204 carcere

230 1248 399 1323 coercere,
425 1241 556 1308 domare
580 1250 613 1308 et
637 1243 685 1308 sic
708 1240 875 1310 debilitare
895 1263 933 1309 ac
954 1241 1103 1328 lrangere
1122 1243 1252 1322 conari,
1277 1252 1312 1309 ut
1331 1261 1418 1310 sum·

231 1349 293 1412 mis
327 1349 467 1433 ingeniis
499 1346 685 1414 facultatem
708 1347 877 1434 eloquendi
901 1347 985 1436 quod
1009 1351 1153 1414 sentiant
1176 1349 1276 1416 arctis
1302 1349 1419 1418 linibus

230 1451 499 1533 circumscribas,
530 1463 562 1520 et
593 1473 663 1521 csse
688 1452 747 1520 boo
770 1455 864 1540 quasi
888 1454 1003 1541 pinnas
1026 1455 1134 1521 animo
1159 1454 1352 1534 incidentis,
1378 1475 1419 1522 ce

229 1577 266 1624 co
297 1558 423 1626 evolare
459 1561 559 1647 possit
589 1579 653 1646 quo
682 1579 778 1626 nemo
807 1558 913 1626 adbuc
944 1561 1136 1647 peruenerit.
1185 1560 1251 1628 Non
1278 1559 1417 1628 multum

230 1663 310 1730 mibi
335 1664 536 1733 difficultatis
558 1664 711 1732 obiicient
730 1665 786 1752 qui
808 1667 852 1731 ila
872 1665 1055 1752 disputant,
1080 1684 1154 1732 nam
1176 1664 1269 1732 lacile
1290 1667 1416 1734 vincare

228 1773 488 1852 consummatore,
522 1780 558 1838 ut
590 1771 832 1855 neprxoletldetu,
864 1777 899 1837 ul
930 1770 1159 1853 neptrelvolrou,
1191 1791 1368 1860 numquam
1398 1791 1417 1837 a

227 1897 390 1966 quoquam
410 1897 482 1946 esee
502 1877 625 1945 dictum
647 1886 704 1945 aut
725 1877 856 1956 fiotum,
878 1878 954 1965 quia
974 1898 1056 1965 quae
1076 1879 1310 1964 notiocogitari
1323 1880 1418 1966 plane

228 2003 293 2051 uon
316 1994 440 2072 potest,
467 1986 557 2051 nouis
580 1985 687 2052 verbis
711 1983 827 2050 subiici
853 2005 914 2050 non
939 1992 1058 2071 polest.
1080 1994 1113 2052 et
1136 1981 1251 2064 ἕπομαι
1275 1985 1323 2051 uel
1345 1985 1417 2052 eico·

226 2093 342 2159 λουθεῖν
366 2091 414 2160 ael
438 2093 602 2174 ὁμαρτεῖν,
633 2091 708 2178 quia
737 2096 885 2156 naturam
914 2110 1005 2156 suant
1030 2110 1149 2158 exuere
1173 2111 1235 2156 uon
1260 2099 1415 2178 possunt,

228 2217 404 2285 numquam
440 2199 582 2285 potuisse
613 2196 833 2264 accusativum
867 2195 1063 2275 adsciscere,
1095 2196 1253 2283 quidquid
1283 2196 1418 2279 Quintus

226 2303 362 2370 Carnona
389 2304 436 2370 vel
458 2304 616 2369 uocmncs
639 2303 686 2370 tel
711 2302 854 2389 imperiti
879 2301 1004 2369 scribae
1029 2303 1281 2371 hallucinantur.

271 2407 306 2475 ln
340 2429 376 2476 re
411 2408 570 2477 litteraria
603 2419 634 2474 et
667 2409 880 2495 grammatica
912 2427 973 2474 non
1007 2417 1056 2476 est
1086 2409 1302 2497 periculosum
1331 2405 1418 2496 quod

227 2516 296 2583 lieri
330 2535 393 2584 nou
429 2517 527 2603 possit
561 2534 736 2603 numquam
768 2515 887 2581 lactum
912 2533 981 2582 esse
1002 2535 1201 2594 asseverare,
1228 2535 1330 2603 neque
1355 2515 1416 2582 lroc

227 2623 329 2710 igitur
350 2642 543 2710 magnopere
564 2622 691 2702 laboro,
713 2620 768 2687 sed
789 2621 875 2688 aliud
905 2629 954 2688 est
974 2623 1152 2690 cavendum
1175 2643 1211 2688 ec
1225 2622 1416 2690 seduloani·

226 2728 512 2808 madvertendum,
535 2750 575 2796 ne
595 2730 804 2795 immerentes
825 2729 944 2794 iniuria
967 2728 1166 2814 plectantur,
1187 2737 1219 2797 et
1239 2729 1322 2815 quod
1335 2729 1416 2795 scri·

224 2835 283 2903 bae
317 2846 350 2904 et
380 2837 471 2903 scioli
499 2835 710 2923 deliquerint,
743 2833 777 2899 id
809 2835 887 2920 ipsis
914 2834 1086 2901 Atticorum
1113 2836 1330 2903 imitatoribus
1353 2836 1416 2901 im-

225 2951 369 3029 putetur.
403 2945 552 3010 Lucrinus
572 2950 605 3007 et
625 2941 816 3018 bmrrenou,
838 2959 878 3005 ne
898 2938 1003 3007 dicam
1018 2940 1057 3007 de
1070 2943 1204 3019 ceteris,
1225 2962 1311 3008 nunc
1324 2959 1416 3008 men·

225 3047 275 3114 dis
307 3056 339 3114 et
371 3049 536 3114 erroribus
568 3045 679 3112 multis
712 3045 807 3111 obsiti
839 3055 935 3124 sunt,
969 3047 1086 3135 quibus
1117 3049 1256 3115 sanioris
1275 3049 1413 3122 Ἀτθίδος

225 3163 376 3220 constans
413 3163 444 3220 et
481 3160 656 3239 perpetuus
688 3170 766 3218 usus
797 3151 956 3232 violatur,
994 3175 1054 3220 non
1088 3175 1151 3242 quo
1182 3174 1220 3222 ea
1253 3155 1416 3222 nescirent

223 3279 305 3346 quae
342 3259 548 3326 lutilissimus
578 3259 716 3345 quisque
749 3258 999 3344 magistellorum
1035 3261 1195 3341 inculcat,
1229 3261 1283 3328 sed
1316 3261 1413 3348 quia,

224 3366 304 3433 dum
330 3364 474 3432 omnium
500 3363 651 3430 manibus
674 3363 785 3431 sedulo
809 3373 980 3446 teruntur,
1009 3376 1177 3434 traxerunt
1202 3367 1337 3434 subinde
1358 3366 1414 3434 ali·

225 3471 302 3560 quid
337 3491 436 3539 norae
468 3471 688 3559 corruptelae,
705 3491 819 3566 ¹quam
849 3469 991 3539 affricuit
1017 3472 1174 3540 lectorum
1200 3480 1326 3540 tantum
1351 3492 1414 3538 non

224 3579 369 3646 omnium
397 3579 511 3645 uitiosa
536 3577 661 3645 dicendi
686 3577 896 3645 consuetudo.
934 3579 1039 3660 Quum
1065 3581 1166 3646 animi
1191 3601 1287 3648 causa
1309 3579 1415 3646 iocosa

225 3685 347 3773 scripta
379 3685 512 3772 plurimi
547 3693 712 3752 versarent
740 3693 773 3751 et
803 3683 1040 3764 describerent,
1071 3685 1204 3754 facetias
1227 3695 1259 3753 et
1289 3686 1414 3773 lepores

224 3794 328 3878 magis
362 3811 458 3879 quam
495 3791 649 3858 cretionis
682 3790 817 3858 lormem
850 3792 1025 3871 currebant,
1058 3813 1140 3881 quae
1173 3791 1338 3880 paullatim
1372 3790 1413 3858 ad

224 3897 388 3985 vulgarem
414 3897 565 3985 loquendi
589 3897 760 3965 formulam
786 3896 898 3964 relicta
922 3907 987 3976 est,
1014 3909 1048 3966 ut
1069 3921 1163 3987 saepe
1182 3899 1315 3987 antiqua
1334 3899 1413 3966 scri·

223 4014 318 4093 ptura
343 4005 462 4092 ubique
486 4003 655 4072 obliterata
679 4014 711 4071 et
734 4003 837 4072 deleta
861 4005 924 4082 sit,
951 4025 1193 4094 nonnumquam
1215 4005 1247 4069 in
1269 4003 1414 4090 antiquis

222 4111 369 4178 codicum
405 4112 494 4178 vitiis
530 4120 600 4179 tuto
636 4110 823 4190 deliteseat,
862 4108 945 4177 unde
977 4115 1065 4179 acuti
1096 4113 1202 4179 critici
1234 4117 1411 4188 eruerunt,

223 4217 373 4286 Graeculi
396 4219 472 4304 quia
498 4238 558 4284 non
583 4216 802 4304 intelligebant
823 4215 1025 4284 abstinebant
1047 4239 1190 4286 manum.
1224 4216 1332 4285 Genus
1353 4213 1413 4282 lroc

221 4325 377 4393 vitiorum
407 4324 501 4412 quale
531 4329 574 4392 sit
598 4336 630 4392 et
654 4322 925 4412 quemadmodum
952 4335 1059 4392 vetera
1084 4325 1199 4394 menda
1225 4323 1322 4390 bonas
1345 4319 1413 4387 lor-

222 4451 292 4498 mas
325 4430 365 4498 ab
398 4432 531 4498 interitu
564 4431 729 4499 vindicare
762 4431 885 4518 possint
918 4430 1038 4518 insigni
1064 4432 1210 4518 exemplo
1232 4427 1412 4498 ostendam.
