3086 4974
821 315 892 388 uuit

262 529 373 579 omnes
404 509 477 580 iihri
506 511 537 577 in
564 507 621 585 οἷος
645 509 850 596 conspirant,
882 517 991 576 tumen
1014 518 1063 577 est
1088 511 1295 580 manitesmn
1317 509 1378 584 τοὺς
1396 509 1424 576 d·

262 629 346 685 ouc
378 616 463 692 οὗτος
484 623 540 696 νην
568 619 663 702 φύσιν
692 614 859 684 emendari
890 625 1058 704 oportere,
1090 617 1268 707 eademque
1290 618 1328 685 de
1349 635 1425 683 eausa

262 724 340 793 ibid.
371 743 442 812 pug.
468 729 551 802 583,
585 729 637 791 li.
673 723 733 790 δεῖν
764 721 796 788 δί
819 745 905 795 τινος
937 725 1047 806 Φίλουο
1082 723 1234 810 ύσοίοχειν
1256 727 1325 799 τοὺς
1346 723 1427 792 dress

262 829 437 913 τρύξοντοιι
458 831 489 895 ἐν
514 832 584 910 ύμῖν
608 831 692 912 σύτῷ
716 829 769 895 eni
798 828 1002 904 διοικήσοντας
1026 825 1116 898 οίΟΝ
1139 833 1234 904 ardrie
1257 834 1294 911 διί
1319 829 1428 896 restitu-

263 937 382 1004 endum
408 933 519 1003 douc
541 938 636 1010 οιύτθς
660 936 695 1012 διί
707 984 717 1015 ,
742 934 774 1000 id
797 943 847 1002 eti
869 934 1021 1010 τοιούτους
1045 933 1101 1012 nior
1126 938 1220 1013 ιιύτθο
1244 940 1280 1016 διί
1304 939 1371 1006 ίτιν.

311 1043 451 1110 Pessime
474 1053 506 1110 et
530 1041 698 1110 Aeschinis
726 1041 831 1108 iocum
855 1050 887 1108 et
912 1039 1080 1130 plerosque
1104 1043 1182 1110 aiios
1205 1045 1350 1130 eorrupit
1373 1043 1430 1108 utn-

263 1147 386 1215 dorhus
410 1147 441 1215 iu
467 1149 674 1216 annotatione
698 1146 739 1214 ad
764 1145 988 1216 Demosthenis
1011 1148 1194 1217 Androtion.
1218 1171 1248 1237 ην.
1274 1155 1357 1225 613.
1388 1155 1431 1220 m,

261 1263 294 1321 ei
318 1255 428 1322 omisit
459 1253 563 1321 iocum
598 1253 818 1341 Xenophontis
848 1259 907 1322 τῶν
937 1251 1090 1338 οίΩΝτερ
1114 1259 1234 1323 οιύτΟΟ
1259 1257 1368 1335 ὄντοιν,
1389 1254 1431 1339 qui

264 1359 312 1426 rei
339 1359 426 1427 sotus
450 1362 702 1427 eorrtrorersiam
728 1379 855 1426 omnem
881 1359 1015 1426 dirimit.

308 1467 343 1534 Ιιι
369 1469 386 1552 §
415 1467 490 1533 liii.
521 1466 573 1532 κοί
604 1466 651 1540 τίς
684 1466 777 1532 ούτθν
806 1459 870 1532 είδι
897 1465 1022 1533 τύτοτε
1044 1468 1317 1551 ἀσχημονήσαντα
1340 1467 1356 1546 ἢ
1379 1465 1433 1547 μεθ’

263 1574 392 1657 ἧμίμιν,
416 1575 454 1645 dr
477 1571 515 1638 σὺ
537 1573 619 1655 Φιίι,
649 1570 691 1662 [ἐν
716 1581 755 1656 τῦ
781 1581 892 1655 πομπῇ
916 1577 975 1638 τῶν
1000 1575 1175 1660 Διονυσίων]
1201 1574 1218 1651 ri
1243 1575 1373 1655 νύιιτοιος
1395 1572 1433 1638 lu·

264 1677 409 1746 ducenda
441 1687 517 1744 sunt
550 1677 644 1746 verina
677 1697 759 1766 quae
783 1698 801 1742 a
826 1679 963 1744 caeteris
994 1679 1207 1748 seiunnimus.
1255 1681 1337 1762 Quis
1365 1680 1434 1746 euin

263 1785 372 1852 odiosa
397 1786 428 1850 io
454 1803 488 1851 se
512 1794 675 1851 aut-suos
705 1783 791 1850 diota
825 1784 907 1850 nitro
933 1787 1155 1852 nenessitatem
1181 1788 1302 1873 repetit
1325 1794 1357 1854 et
1378 1803 1435 1873 pru

264 1899 360 1980 pagat
391 1891 446 1977 qui
472 1889 514 1955 sit
539 1889 634 1977 paulo
664 1891 789 1957 acutior
821 1887 971 1957 homost
995 1890 1123 1958 dicendi
1151 1891 1299 1978 peritus?
1348 1891 1436 1976 deque

264 1995 441 2083 quidquam
467 1995 650 2063 huiusmodi
677 1999 708 2062 in
736 1993 959 2062 Demosthenis
981 1997 1125 2064 oratione
1151 1997 1283 2084 iegitur.

309 2102 344 2169 iu
371 2103 388 2186 §
417 2106 492 2169 152.
516 2102 578 2177 ένθι
603 2105 798 2185 inundamur
822 2098 911 2168 ἕνεκα
929 2098 1006 2185 -ᾧ
1031 2107 1081 2170 νύν
1105 2103 1159 2180 ἤδη
1181 2105 1357 2185 χρίσομαι.
1376 2100 1436 2190 quid

262 2207 323 2275 sihi
349 2206 418 2275 νιιΙι
442 2208 474 2272 in
500 2208 555 2274 tati
582 2229 616 2276 re
642 2207 716 2285 din?
742 2208 872 2290 corrige
897 2213 946 2274 νῦν
971 2208 1027 2286 δή,
1053 2216 1087 2275 ut
1106 2208 1178 2275 τοτε
1201 2211 1252 2289 iri:
1280 2213 1315 2278 in
1339 2209 1437 2278 taiihus

260 2315 297 2392 δη
320 2321 417 2400 auget
440 2322 472 2380 et
495 2314 583 2380 nouit
616 2315 680 2380 uim
715 2313 958 2394 adverbiorum,
989 2322 1023 2382 et
1053 2314 1141 2393 orriri
1171 2335 1245 2382 eum
1281 2316 1438 2404 praeterito

263 2431 406 2508 tempore
430 2421 639 2486 coniunctum
665 2419 827 2508 significat
850 2421 981 2502 ἀρτίως,
1006 2421 1111 2501 ὀλίγον
1135 2421 1324 2504 ἔμπροσθεν,
1349 2429 1396 2490 νῦν
1413 2421 1437 2495 ii

262 2547 337 2594 cum
363 2527 524 2614 praesenti
548 2536 690 2614 tempore
712 2534 746 2592 et
770 2525 881 2593 futuro
905 2527 1119 2612 componitur.

309 2633 380 2701 Posi
407 2652 508 2720 putica
533 2631 662 2699 editur:
689 2633 763 2718 σοίμ
787 2632 946 2714 κροτηθεὶς
970 2632 1055 2715 ἡδονῇ
1074 2631 1143 2707 riri
1162 2635 1289 2701 τύσοτε
1309 2635 1438 2718 ἄσχημον

262 2738 353 2806 ἕνεκα
371 2737 543 2822 χρημάτων
562 2737 702 2821 rodier:
725 2738 760 2804 lu
783 2737 970 2804 melioribus
987 2747 1033 2804 est
1054 2739 1145 2806 τοίων
1156 2743 1318 2821 κροτηθεὶς
1332 2743 1438 2822 ἡδονῶν.

261 2847 317 2914 red
348 2846 422 2933 quia
454 2846 612 2927 κρατηθείς
644 2865 718 2912 eunt
748 2846 889 2930 genitivo
913 2845 1073 2910 soioecum
1098 2853 1147 2912 est
1170 2847 1314 2913 correxit
1339 2843 1439 2932 ahquis

262 2955 337 3038 τοίην
359 2989 403 3003 -
428 2951 532 3037 ἡδονῇ,
557 2950 730 3019 inieiioiter
753 2949 939 3018 admodum.
987 2950 1161 3037 Supererat
1184 2953 1275 3020 τοίων
1301 2957 1439 3019 ‘'Tfle·

264 3057 459 3139 Είίιίδονῶν,
486 3059 518 3123 in
544 3077 606 3144 quo
632 3077 693 3125 nun
718 3065 938 3139 xpnTttoetc
962 3055 1077 3124 latebat
1114 3055 1170 3124 sed
1196 3061 1379 3136 ἨΤΤηθείο
1400 3061 1440 3136 ἦι-

263 3165 375 3241 τηθείς.

308 3273 344 3338 lu
370 3276 389 3359 §
419 3277 493 3340 153.
526 3271 684 3356 σιιίψοισθε
709 3269 772 3352 γὰρ
795 3267 969 3352 ἀφροσύνην
999 3265 1071 3348 ἅμα
1095 3269 1147 3336 rai
1172 3269 1381 3340 θσιιιδευσίιιν
1401 3271 1439 3336 rh·

262 3380 392 3463 θρύιιου,
417 3375 448 3453 ὃς
472 3383 603 3445 τοιοῦτον
627 3377 747 3444 intare
773 3379 808 3443 τὸ
830 3375 897 3456 περὶ
919 3377 974 3451 την
995 3374 1161 3442 Ὀλυνθίαν
1180 3385 1318 3456 μονοιῖιιοι
1343 3375 1440 3461 ψεύδου

263 3487 336 3552 κοτ’
354 3485 440 3564 ἐμοῦ.
477 3484 622 3551 Primum
649 3480 755 3548 snrihe
774 3469 947 3563 τάνθρώπου
965 3500 1021 3567 uro
1040 3481 1203 3564 ἀνθρώπου.
1239 3482 1439 3550 Traiatioiun

265 3591 323 3658 hoe
348 3591 463 3658 vitium
489 3598 551 3657 est:
577 3588 699 3654 dicitnr
721 3585 874 3670 ἅνθρωποι
898 3606 971 3653 oum
998 3594 1162 3652 contemtu
1187 3598 1216 3656 et
1242 3587 1315 3654 odio
1335 3599 1368 3656 et
1388 3605 1440 3654 ma·

263 3696 417 3766 iediotum
453 3706 501 3764 est
536 3692 668 3784 perinde
696 3709 733 3760 ao
765 3699 800 3761 ri
832 3693 944 3775 θηρίον,
974 3693 1009 3759 τὸ
1040 3691 1198 3776 ιιοίθιιρμσ.
1229 3693 1369 3761 diemde
1396 3709 1440 3779 pru
1473 3701 1474 3706 ’

264 3800 384 3870 intare
407 3802 444 3870 τί
468 3823 585 3890 repone
616 3799 804 3867 ἐσλιίσοιτο
834 3798 880 3866 σθ.
929 3785 1093 3886 Quidquid
1117 3800 1191 3886 quis
1214 3798 1253 3865 de
1278 3819 1338 3866 suo
1363 3797 1441 3866 finxit

263 3919 296 3977 et
320 3919 523 3977 commentus
548 3910 587 3976 de
611 3907 711 3974 nihilo
736 3914 785 3972 est
810 3904 842 3971 id
866 3905 988 3971 dieitur
1008 3905 1211 3982 πλάσασθαι,
1236 3925 1298 3972 non
1318 3905 1439 3973 πλοίου.

267 4013 441 4082 hhundnnt
474 4014 640 4102 exempta:
679 4032 779 4080 unum
818 4010 924 4079 indico
956 4012 986 4076 in
1019 4013 1164 4098 proxima
1198 4012 1314 4078 vicinia
1345 4016 1364 4098 ς
1392 4013 1439 4076 tii

264 4123 344 4196 τινος
376 4121 472 4202 θνομιι
502 4121 705 4201 anarrinon
733 4115 765 4192 ὃς
794 4116 890 4198 ἔτυχε
920 4117 1033 4199 raptio.
1083 4115 1175 4205 Apud
1207 4117 1439 4186 Detntostheuem

265 4248 295 4315 p.
323 4232 409 4307 268,
435 4233 454 4294 2
479 4227 614 4296 emenda
639 4228 672 4294 τί
694 4226 805 4305 λόγους
830 4222 983 4290 τλιίστθι
1009 4243 1066 4310 pro
1088 4223 1250 4299 τλιίτσεις.

311 4331 479 4400 inficetum
511 4343 544 4400 et
575 4331 729 4420 frigidum
762 4330 1020 4398 additamentum
1054 4328 1120 4398 tolli
1152 4328 1245 4398 dehet
1268 4335 1350 4418 ex§
1381 4333 1438 4395 ttt.
1471 4301 1472 4337 ί

265 4435 309 4506 ἔτι
334 4438 396 4520 γάρ
419 4462 466 4510 τις
490 4439 658 4528 [ἐπιδημῶν
682 4442 767 4518 ἡμῶν
790 4438 832 4510 είς
856 4439 911 4513 τὴν
931 4436 1035 4522 ιιθλιν]
1055 4434 1263 4522 ’Λριςοφοίνηο
1282 4437 1435 4505 Ὀλύνθιοι·Ι
1470 4485 1471 4573 1
