3204 4978
702 392 771 463 nal

184 587 221 654 ln
254 587 364 656 futuro
394 585 539 654 diversae
572 584 693 652 iormoe
722 583 955 652 sunu-edm
979 584 1123 672 (τλννὸτ
1153 582 1330 665 taddaeo.

140 691 246 778 caedo)
272 692 363 760 habet
389 693 538 760 futurum
561 694 727 770 τυπτήσω,
760 700 873 759 contra
901 689 1012 758 τύπτω
1038 691 1175 780 (πληγὲν
1198 692 1329 771 διδωμι,

139 798 235 888 serie»)
258 797 406 866 futurum
432 799 527 866 habet
550 797 696 875 πατάξω.
744 797 802 865 Ubi
834 797 953 863 aoristo
976 817 1057 884 opus
1080 807 1129 863 est
1154 816 1212 883 pro
1235 796 1332 863 cecidi

139 905 251 970 dicunt
272 907 402 985 πληγὰς
426 905 592 984 ἐνέβαλον,
612 904 760 979 ἐνέτεινα,
784 902 948 984 ἐνέτριψα,
972 903 1139 970 rarissime
1160 900 1329 980 ἐπέταξας

140 1030 383 1097 nonnumquam
409 1011 528 1078 ἔπαισα
559 1009 703 1078 occurrit
727 1011 759 1076 in
785 1009 958 1098 grandiore
982 1007 1110 1078 dicendi
1134 1028 1251 1096 genere
1276 1015 1333 1076 aut

140 1114 226 1204 apud
253 1117 496 1192 trecenorum,
528 1118 582 1204 qui
609 1118 641 1182 io
666 1115 718 1182 his
740 1135 869 1204 quoque
898 1115 1039 1184 tonicam
1065 1113 1330 1184 consuetudinem

142 1219 332 1308 imprudens
365 1223 530 1310 sequitur:
563 1231 596 1289 ut
626 1241 803 1308 numquam
837 1222 1009 1310 quisquam
1035 1217 1117 1290 dixit
1147 1220 1330 1297 έτύπτντα,

143 1325 228 1414 quod
261 1329 293 1393 in
330 1327 417 1395 nuilo
449 1332 550 1396 reteri
583 1336 615 1396 et
639 1328 772 1416 probato
797 1329 954 1415 scriptore
977 1326 1115 1418 legitur,
1138 1325 1193 1393 sed
1218 1325 1333 1393 crebro

142 1434 286 1500 occurrit
309 1433 394 1521 apud
427 1434 663 1501 semibarbaros
694 1433 865 1502 Graeculos
897 1441 1062 1499 extremae
1095 1433 1221 1500 aetatis.
1270 1432 1331 1498 Pro

143 1539 238 1628 serii,
260 1539 392 1628 plopom
423 1539 535 1617 intuli,
565 1540 679 1606 vulnus
701 1541 809 1625 inflixi
839 1540 977 1630 (πληγὴν
1004 1539 1185 1630 ἐνέβαλον),
1210 1536 1333 1604 dicitur

142 1644 311 1725 ἐπάταξα,
336 1646 500 1713 interdum
521 1645 640 1713 έπαιτα
662 1644 715 1713 sed
738 1666 801 1712 non
824 1649 856 1712 in
878 1646 1057 1734 quotidiani
1083 1647 1333 1712 sermonisusu:

143 1759 312 1839 poetarum
344 1763 392 1819 cst
427 1753 471 1818 ita
504 1752 631 1832 dicere,
657 1763 693 1819 ut
718 1754 766 1820 in:
789 1762 925 1831 Παῖτον,
945 1755 971 1820 ci
996 1753 1126 1830 σθένεις,
1150 1752 1280 1830 διπλῆν,
1302 1761 1334 1819 et

143 1877 275 1937 eorum,
299 1859 355 1945 qui
377 1847 592 1945 splendidiora
613 1859 767 1926 vocabula
788 1868 956 1927 venantur.
994 1859 1173 1926 Perfectum
1189 1859 1220 1924 io
1243 1869 1333 1924 utra·

144 1981 207 2050 que
231 1963 468 2049 significatione
488 1974 536 2032 est
561 1964 731 2046 πέπληνα,
757 1965 840 2053 quod
866 1986 927 2033 non
949 1966 993 2032 ita
1014 1963 1334 2053 ireqrreuterlegitur

143 2077 178 2138 et
203 2070 356 2136 usitatius
379 2077 430 2138 est
453 2073 584 2151 πληγὰς
605 2072 767 2140 δεδωκέναι
790 2091 848 2160 pro
872 2073 1031 2146 cecidisse,
1061 2071 1241 2137 vedericus
1264 2091 1333 2138 coo·

146 2176 283 2252 uidisse:
327 2175 422 2244 habet
462 2185 570 2244 tamen
605 2187 727 2246 certam
764 2180 989 2246 auctoritatem
1035 2178 1256 2245 Anrsrornrms
1299 2178 1332 2242 in

144 2282 262 2350 Aoibrrr
287 2287 385 2352 1350.

370 2385 402 2464 ic
425 2388 464 2455 ἂν
488 2393 639 2476 eandm
660 2391 713 2458 τὸν
736 2390 860 2474 πατέρα
884 2391 1002 2466 νεοττὸς
1025 2379 1073 2458 dd.

144 2501 178 2561 ct
202 2493 414 2564 xoeoccoms
443 2497 476 2561 in
509 2496 609 2566 deod.
645 2496 698 2565 Vl.
731 2519 751 2564 r.
784 2496 964 2580 tidirepcc
987 2499 1039 2565 rie
1061 2492 1161 2578 ἕτερον
1184 2495 1270 2562 παίει
1293 2497 1333 2571 ὡς

144 2603 241 2667 πᾶσιν
275 2601 370 2668 utor
400 2602 602 2683 πεπληγέναι
632 2604 685 2670 τὸν
712 2603 829 2687 ἄνδρα,
862 2603 947 2691 quod
979 2619 1041 2668 non
1073 2610 1122 2668 est
1154 2605 1205 2688 (ut
1236 2601 1331 2670 multi

144 2707 343 2796 existimant)
376 2727 434 2796 pro
463 2711 647 2792 πεπλῆχθαι
678 2713 836 2798 positum:
867 2711 919 2776 rio
941 2707 1038 2792 ἄνδρα
1068 2707 1228 2775 obiectum
1261 2717 1330 2774 est:

143 2813 217 2892 ινα),
241 2816 281 2888 ὥς
303 2820 401 2881 πᾶσιν
425 2814 535 2894 ἐδόκει,
558 2817 611 2882 τὸν
633 2815 730 2900 ἄνδρα
753 2817 940 2895 έτεπλῆγει.

189 2919 224 2986 ln
249 2921 385 3006 passivis
407 2921 567 3002 τύπτομαι
590 2931 622 2990 et
646 2924 780 3003 παέαμαι
805 2923 951 2992 omnium
977 2940 1039 2988 usu
1060 2929 1224 2988 teruntur.
1258 2921 1331 2987 Per·

143 3025 264 3094 fectum
289 3045 347 3113 pro
371 3029 539 3112 copulasse
562 3050 623 3095 non
656 3037 706 3096 est
733 3029 766 3096 in
792 3049 869 3095 usu:
894 3027 1044 3095 dicebant
1068 3046 1179 3094 omues
1202 3027 1333 3107 πληγὰς

144 3130 306 3214 εἰληφέναι
332 3140 365 3198 et
382 3131 493 3202 eodem
518 3133 611 3200 modo
627 3137 758 3215 πλαγὰν
784 3134 918 3216 ἔλαβον,
945 3155 1002 3222 pro
1026 3133 1144 3221 quibus
1167 3135 1332 3222 sequiores

144 3238 293 3306 Graeculi
317 3241 519 3319 τιτύπτιιμαι
541 3241 692 3308 dicebant
711 3251 743 3310 et
761 3243 948 3320 decoriter,
971 3242 1090 3328 quibus
1114 3239 1226 3307 formis
1249 3250 1333 3308 rete·

144 3365 197 3412 ree
219 3365 332 3412 omues
357 3345 534 3416 abstinent.
583 3347 692 3416 Sicubi
718 3347 830 3416 futuro
851 3366 933 3436 opus
956 3357 1005 3414 cst
1029 3348 1162 3428 πληγὰς
1190 3349 1333 3429 λήψομαι

146 3452 396 3519 usitatissimum
431 3462 499 3530 est,
524 3454 608 3542 opud
634 3456 865 3522 dmsrormrrcn
889 3455 1087 3534 mordacem
1112 3452 1211 3520 semel
1235 3474 1334 3542 appe·

147 3567 205 3627 ret.
232 3557 425 3638 -Τύπττμαι
450 3559 579 3648 (serior,
606 3561 767 3652 oodocror)
798 3559 893 3627 habet
917 3560 1094 3648 perfectum
1120 3560 1332 3642 πέπληγμαι,

146 3685 389 3752 nonnumquam
413 3667 541 3747 πλνγῆν
558 3666 679 3750 ridentum
697 3676 731 3734 et
748 3670 874 3748 πληγὴν
896 3665 969 3748 dxc.
1020 3666 1164 3733 Perfecto
1189 3667 1333 3748 πέπληγ-

145 3795 206 3852 μαι
231 3769 377 3838 futurum
411 3782 460 3839 cst
490 3793 528 3840 ex
560 3794 594 3840 se
619 3783 732 3839 natum
763 3771 977 3854 τεπλιὶξαμαι.
1026 3774 1143 3840 Acristi
1180 3781 1335 3862 perpetua

145 3873 251 3944 forma
273 3887 321 3946 cet
344 3880 489 3958 ἐπλήγην
512 3887 545 3945 et
569 3877 673 3945 futuri
697 3880 914 3961 πλνγῆσνμαι.

193 3983 260 4051 flue
295 3983 397 4070 igitur
431 3993 508 4052 sunt
543 3984 629 4054 solae
658 3985 798 4066 formae,
832 3986 952 4074 quibus
983 3995 1109 4054 reterns
1143 3994 1175 4053 et
1209 3988 1336 4075 probati

57 4091 86 4126 ⁹
146 4091 323 4179 scriptores
347 4099 505 4158 utuntur:

192 4197 320 4276 τύπτω,
346 4197 448 4277 cedo,
472 4199 604 4280 πληγὲν
632 4199 819 4280 ἐμβάλλει,
837 4200 968 4278 dereiner,
999 4199 1144 4283 έντρέβα,
1169 4200 1286 4281 δίδωμι.

136 4321 139 4329 ’
190 4304 351 4381 werdon.

192 4409 323 4490 crespio
347 4410 497 4491 ἐνέβαλον
520 4411 678 4501 (meoet.

190 4517 323 4599 πληγὲν
342 4517 480 4600 didone,
504 4517 669 4602 πέπληγα.
