3160 4972
816 371 884 444 395

253 570 323 636 sine
356 569 418 636 tatia
451 567 637 654 exceptione
670 565 808 652 primam
840 585 967 652 semper
990 575 1170 656 correptam
1199 553 1334 643 tuendae,
1358 563 1442 652 apud

253 677 408 761 Tragicos
420 673 485 740 iere
496 693 642 760 semper,
663 693 737 738 nam
753 672 843 738 ioues
857 674 946 758 sequi
961 675 989 738 σι’
1004 675 1103 752 iudet,
1117 677 1218 740 ticet.-
1242 682 1275 740 et
1289 676 1445 739 tracanto
1554 659 1555 678 ¹

256 783 306 848 ius
336 791 384 848 est
415 784 515 861 φῖιρος
542 775 606 844 ἶσον
629 781 740 862 οὐρανῷ
762 778 869 844 dicere
893 779 1003 846 eodem
1030 781 1142 858 modo,
1166 801 1229 868 quo
1254 782 1285 846 in
1310 779 1444 862 πατρός,

254 886 357 965 dana,
380 887 503 965 τέκνον,
527 886 654 972 quoties
674 883 803 950 videtur
817 889 955 972 priorem
968 897 1081 952 contra
1096 907 1190 956 ustum
1207 888 1303 974 patrii
1325 905 1445 952 sarmo-

256 998 307 1061 nis
330 994 455 1080 iungam
481 992 573 1069 iacit,
600 1002 634 1057 ot
662 992 819 1058 Homerus
842 1001 875 1056 ct
899 993 1002 1058 lones.
1052 993 1087 1059 in
1115 995 1243 1070 ἰσόθεος,
1268 994 1444 1072 iactatam,
1554 1011 1555 1070 j

255 1100 390 1180 ἰσόνομσς
413 1107 446 1166 et
469 1098 630 1164 similibus
655 1098 778 1163 utravis
803 1097 949 1184 prosodia
975 1099 1171 1176 utebantur,
1198 1099 1293 1186 idque
1316 1119 1353 1165 eu
1377 1099 1447 1164 ius·

256 1210 322 1273 tius
345 1207 419 1294 quia
446 1205 488 1271 nii
516 1205 577 1269 nisi
600 1204 769 1289 antiquum
796 1205 920 1290 patriae
944 1225 1123 1271 sermonem
1152 1204 1357 1294 repetebant,
1388 1205 1445 1290 qui

255 1311 332 1380 otim
357 1311 437 1378 nihii
461 1311 500 1377 ab
526 1311 633 1376 ionico
657 1309 871 1395 discrepabat.
907 1309 1037 1376 Scaeam
1061 1321 1166 1378 aetate
1190 1308 1252 1386 ἶσος
1276 1309 1441 1386 dicebant,

257 1430 290 1486 ut
317 1421 426 1497 ioneS,
450 1416 522 1482 vide
543 1416 674 1484 Sotouts
697 1413 812 1500 fragm.
841 1421 881 1482 to
903 1411 965 1482 όσόν
989 1441 1034 1482 τοι
1060 1418 1386 1484 recordaremini
1414 1419 1445 1482 in
1554 1449 1555 1454 ¹

254 1527 422 1592 notissima
447 1522 607 1590 cantilena
633 1521 739 1588 Attica
763 1521 849 1608 apud
879 1522 991 1589 Arum.
1019 1523 1087 1589 XV.
1113 1545 1142 1612 p.
1165 1529 1244 1592 695.
1269 1547 1298 1590 ο.

525 1627 578 1695 dre
598 1631 650 1696 τὸν
672 1627 815 1710 τύραννον
841 1629 990 1706 κτανέτην

530 1733 683 1814 ἰσονόμους
707 1737 737 1800 τ’
762 1735 891 1810 'Adducta
915 1734 1118 1814 ἐποιησάτην,

257 1841 431 1922 ἰσονόμους,
452 1841 618 1920 divides,
644 1840 851 1907 ctionamtns
871 1849 931 1908 esi.
978 1841 1088 1908 Obiter
1112 1859 1169 1930 pto
1188 1843 1341 1918 κτανέτην
1362 1841 1446 1930 (cod.

257 1947 443 2036 κατανέτην)
476 1946 611 2013 emenda
642 1945 789 2022 κτανέτην,
824 1957 858 2013 ut
880 1957 968 2014 recte
993 1947 1113 2034 iegitur
1138 1967 1182 2014 us.
1212 1955 1253 2014 10
1277 1948 1446 2024 ducendam.

258 2053 332 2120 Post
355 2054 435 2120 tuaac
460 2062 605 2139 tempora
629 2051 692 2125 ἶσος
715 2047 817 2118 coium
841 2053 872 2118 iu
894 2073 954 2120 usu
976 2065 1043 2132 est,
1068 2065 1103 2118 ut
1125 2055 1157 2119 iu
1176 2053 1352 2136 ἰσοκρότης
1372 2073 1404 2120 ο.
1418 2075 1447 2120 c.

257 2161 360 2248 prima
383 2159 428 2225 sit
452 2157 568 2224 breuia.
615 2157 731 2223 Notum
754 2166 803 2224 aa
826 2157 1006 2225 Srearrrms
1030 2157 1270 2245 fragmentum:

390 2265 444 2330 aad
467 2267 525 2340 τὴν
548 2264 719 2344 Λαγίσκαν
741 2266 796 2340 την
817 2265 1010 2348 Ἰσοκράτους
1030 2269 1213 2343 παλλακήν.
1239 2266 1263 2354 ¹)

255 2383 285 2440 et
312 2380 463 2438 constans
482 2371 628 2436 omnium
654 2369 708 2436 iric
731 2391 808 2436 usus
828 2381 891 2448 cst,
917 2382 952 2437 at
972 2373 1006 2437 in
1019 2372 1181 2438 cornoedia
1199 2373 1445 2459 praetorianam

256 2487 312 2545 out
339 2478 501 2565 panoniam
527 2477 590 2550 ἴσος
609 2476 711 2542 sotum
732 2487 894 2562 appareat.
927 2475 1078 2563 Tragici,
1108 2489 1142 2543 ut
1171 2479 1331 2556 dicimus,
1357 2488 1445 2546 utra-

255 2585 331 2652 tutet
364 2584 510 2672 prosodia
544 2592 693 2650 utuntur.
740 2583 866 2657 ἰσόόεος
899 2604 988 2650 mono
1023 2585 1128 2651 Attico
1151 2585 1257 2672 posuit
1282 2584 1447 2652 Eonrmoas

255 2695 288 2758 in
315 2691 486 2758 Troadibus
509 2711 556 2756 vs.
584 2694 683 2756 1169.
790 2767 796 2778 ,

505 2795 621 2877 γόμον
644 2819 681 2862 τε
702 2795 756 2861 καὶ
778 2801 836 2870 τοῖς
860 2795 971 2863 irrideo
991 2797 1174 2879 τυραννίδος.

254 2914 286 2972 et
311 2904 342 2970 in
368 2901 473 2992 tpttp.
493 2903 529 2968 in
551 2902 626 2968 Aut.
651 2922 697 2967 rs,
720 2905 800 2968 uto.

503 3009 598 3090 λόφοι
621 3007 657 3074 τό
679 3016 736 3084 τῆς
752 3009 895 3093 ,Νηρῇδος
917 3009 1030 3076 teucro
1052 3011 1150 3090 γένος.

256 3117 362 3183 lanice
385 3115 556 3182 Sonuocucs
580 3116 611 3179 in
637 3116 789 3202 Antipouc
813 3135 861 3182 vs,
888 3118 965 3182 836.

547 3219 646 3287 καότοι
669 3220 805 3304 φόιριέοορ
826 3229 891 3295 τοῖς
917 3219 1036 3292 ireddere

546 3323 687 3408 ἔγκληρα
707 3335 825 3408 λαχεῖν
845 3327 923 3406 μέγ’
948 3329 1090 3395 οἰκοῦσαι.

257 3433 311 3502 ati
341 3431 444 3500 obiter
470 3433 600 3517 corrige
631 3431 793 3514 σόροοηρα
828 3453 885 3519 pro
914 3431 1072 3515 ἔγκληρα,
1098 3453 1172 3500 nam
1199 3431 1276 3500 iilud
1302 3451 1364 3499 non
1382 3431 1444 3498 noc

255 3539 418 3628 significat
440 3539 544 3617 carnai,
569 3535 681 3618 όριονα,
706 3543 760 3604 τοῦ
784 3541 881 3606 αὐτοῦ
903 3542 1014 3622 καηρου
1034 3541 1230 3622 cataduppa,
1256 3551 1292 3606 ut
1313 3539 1445 3606 Veteres

254 3650 520 3734 interpretantur.
569 3648 746 3710 dasdamus
781 3655 868 3734 amat
906 3646 1034 3726 ionica,
1069 3647 1210 3728 ἰσόνειρον
1245 3649 1277 3712 in
1315 3645 1444 3712 Prome·

254 3756 324 3822 tineo
350 3775 394 3820 ts.
420 3757 504 3829 549,
525 3749 675 3834 ι’τόριοιροο
698 3753 730 3816 ia
757 3751 891 3837 otocpt.
918 3771 964 3818 rs.
989 3757 1057 3820 5όο
1083 3756 1187 3840 posuit
1209 3753 1315 3840 prima
1333 3754 1443 3839 langa,

254 3859 310 3928 sed
337 3861 369 3926 ia
394 3859 547 3941 ἰσόψυχον
568 3861 598 3922 iu
621 3859 805 3944 Apumemn.
820 3879 866 3923 rs.
886 3863 970 3926 tito
983 3858 1115 3926 eandem
1128 3860 1298 3946 corripuit.
1323 3859 1442 3926 Eodem

255 3965 349 4032 modo
373 3963 598 4050 iactabograpiai
622 3973 654 4030 et
677 3962 786 4051 Lyrici
805 3971 1006 4051 cornponuat
1030 3965 1090 4032 siti
1115 3985 1271 4032 canorum
1297 3975 1329 4033 et
1352 3985 1443 4057 mag·

291 4179 316 4242 t)
340 4176 373 4226 lu
396 4175 508 4226 oermiae
524 4173 624 4224 heroico
640 4179 684 4224 aut
702 4172 812 4238 elegiaco
829 4173 868 4224 iao
885 4181 939 4226 erat
954 4176 1060 4228 undem
1076 4179 1221 4242 producere.
1254 4179 1286 4230 Iu
1303 4179 1444 4230 {scemata

253 4265 336 4311 statua
353 4273 369 4309 ο
386 4257 535 4310 Truornao
552 4257 633 4321 posita
655 4257 818 4321 aubscriptum
837 4264 903 4308 erata

455 4337 595 4399 Τιμόθοος
612 4335 705 4397 φιλίοις
722 4354 754 4387 το
773 4338 855 4404 χάριν
872 4337 981 4388 odorata
999 4357 1030 4390 τε
1047 4343 1187 4410 προαιροῖτο

486 4421 664 4489 Ἰσοκράτους
682 4419 748 4470 etad
765 4419 846 4488 τήνδ’
866 4419 988 4490 &idque
1008 4426 1094 4483 θοοῖς.

622 4502 788 4570 Λεωχάρους
805 4501 892 4572 ἔργον.
