3178 4972
239 1951 291 2019 Ad
313 1953 501 2024 medicinam
529 1957 644 2026 meliuo
665 1968 695 2025 el
718 1959 833 2026 eernfur
863 1962 1070 2050 sortitondom
1094 1983 1155 2028 noo
1187 1961 1386 2029 mediocriter

187 2063 274 2131 utile
294 2072 339 2130 eet
361 2065 443 2130 seire
465 2065 577 2152 quibui
598 2066 632 2132 in
655 2067 749 2133 rebue
766 2067 795 2132 ie
813 2067 869 2155 qui
891 2077 1031 2158 oegrotol
1047 2090 1178 2156 peeoore
1196 2068 1306 2134 solitus
1326 2066 1384 2146 eil,

188 2191 257 2258 quo
284 2179 313 2235 el
335 2192 428 2237 eoueo
452 2171 554 2238 morbi
579 2173 707 2260 soeiliuo
732 2175 906 2260 reperietur
928 2183 958 2241 el
977 2173 1020 2240 od
1043 2196 1113 2240 eom
1136 2172 1281 2240 medeudi
1304 2172 1385 2239 rolio

188 2275 451 2343 uerommodetur.
498 2276 551 2344 Sie
573 2287 605 2344 et
627 2277 682 2358 iii,
707 2279 762 2365 qui
782 2299 815 2344 ee
837 2289 974 2347 veterum
997 2281 1186 2368 scriptorum
1207 2280 1298 2368 queri
1321 2301 1384 2345 me·

190 2382 282 2448 dicor
303 2381 452 2470 quonlam
476 2404 542 2449 eree
558 2384 765 2471 profitentur,
788 2406 878 2452 nerse
901 2386 1026 2474 expedit
1053 2386 1166 2474 quibui
1183 2384 1384 2473 potissimum

190 2489 299 2555 modio
320 2497 437 2555 ueteres
461 2489 586 2556 librarii
604 2511 735 2577 peeeore
753 2490 838 2556 soliti
860 2491 938 2570 rint,
961 2500 996 2558 ul
1011 2492 1140 2559 lateritio
1160 2491 1285 2569 ulcero,
1305 2511 1385 2578 quoe

190 2597 230 2662 in
252 2597 378 2682 optimis
400 2595 573 2683 quibusque
591 2596 794 2682 scriptoribus
809 2597 1031 2676 inueterorunt,
1053 2599 1197 2685 rogerius
1215 2597 1384 2685 depreben-

191 2702 282 2768 donl.
317 2702 400 2768 lloee
421 2701 585 2789 praelatus
603 2703 749 2770 Monnrus
770 2703 803 2768 in
824 2703 926 2770 Voriir
943 2703 1139 2771 Lectionibm
1160 2703 1243 2772 xlv,
1261 2709 1301 2772 lll
1319 2703 1384 2769 exi·

191 2807 281 2874 rnins
303 2807 457 2894 quasdam
489 2810 667 2894 expromsit
697 2808 958 2889 emendationes,
991 2828 1072 2896 quas
1093 2828 1133 2875 ex
1156 2809 1304 2895 diligenti
1331 2807 1384 2874 olo·

190 2915 376 2982 servulione
409 2923 552 2980 veterum
585 2915 732 2982 codicum
759 2935 821 2982 non
847 2915 966 3002 reperit
989 2924 1046 2982 aut
1068 2905 1283 3002 excogitavit,
1308 2933 1382 2980 narn

191 3021 275 3087 lreee
298 3041 424 3107 quoque
447 3021 644 3100 πουλυμαθίη
668 3021 730 3088 rior
752 3024 784 3088 ob
807 3021 960 3096 bibulorum,
991 3021 1047 3089 sed
1070 3029 1137 3090 tom
1167 3029 1272 3090 certas
1296 3018 1384 3087 dedit

191 3135 229 3194 et
261 3125 459 3214 exploratas,
493 3135 526 3193 ut
558 3145 597 3193 ne
628 3127 803 3194 Gennenors
831 3129 962 3216 quidem
998 3129 1148 3197 dullum
1177 3127 1289 3216 possit.
1336 3126 1384 3193 Ex

190 3231 308 3300 eodeni
332 3232 591 3299 observationum
617 3253 735 3318 genere
758 3237 949 3321 utquisque
969 3235 1143 3323 plurimum
1162 3234 1278 3300 eriliea
1298 3240 1384 3309 erte,

194 3337 231 3404 id
254 3347 304 3405 est
327 3347 423 3406 acuto
448 3337 568 3404 iudicio
589 3345 621 3404 el
644 3338 826 3406 eruditione
850 3360 928 3407 sene
952 3341 1073 3422 veluit,
1106 3343 1150 3408 ite
1175 3339 1315 3428 plurima
1338 3336 1384 3403 le·

192 3445 303 3512 lieiler
326 3454 357 3512 el
387 3445 552 3530 ingeniose
583 3453 710 3532 reperta
740 3453 806 3512 tem
839 3455 927 3514 certa
951 3455 984 3515 et
1009 3448 1179 3515 manifesta
1198 3435 1315 3522 lledil,
1349 3451 1385 3508 ut

192 3551 343 3618 nemosil
358 3551 493 3616 eriliene
507 3551 726 3618 emmdolrieir
741 3560 774 3618 et
794 3553 1026 3632 coniecturalis,
1047 3573 1144 3641 quem
1166 3558 1296 3628 vocant,
1317 3558 1383 3615 tum

191 3677 272 3724 noer
295 3655 508 3735 obtrectator,
534 3657 613 3742 quin
638 3658 678 3723 iis
701 3655 923 3726 lubentissime
943 3658 1110 3726 nobiseum
1133 3665 1254 3725 utatur.
1288 3653 1385 3720 »Geu-

191 3775 264 3830 lum
289 3761 456 3828 minimum
479 3761 611 3828 diuersis
633 3761 756 3840 modio,
781 3772 817 3830 ut
840 3764 954 3830 soribit
978 3764 1246 3840 Venerennnnros,
1271 3761 1304 3826 io
1325 3759 1385 3826 hoe

192 3889 323 3958 quoque
346 3887 463 3954 genere
486 3887 635 3935 summus
658 3865 772 3934 artilex
798 3870 843 3956 (in
865 3869 967 3937 Diolr.
990 3891 1019 3958 p.
1043 3869 1141 3959 277),
1158 3873 1328 3954 peoeorunt
1346 3864 1383 3932 li-

193 3975 297 4042 brorii
318 3985 452 4047 ueteres,
475 3995 552 4061 quos
575 3995 682 4041 omues
704 3974 738 4039 iu
760 3987 921 4042 numerolo
943 3977 1089 4043 bobuioee
1111 3995 1259 4062 mognom
1277 3972 1386 4060 odsert

191 4082 273 4148 oilie
296 4080 448 4146 librorum
472 4081 671 4168 antiquorum
691 4081 848 4147 ronolurir
871 4079 1073 4149 ulililolem.’'
1114 4077 1233 4147 Deinde
1256 4077 1295 4144 de
1320 4097 1385 4143 ma·

192 4207 260 4276 gna
284 4187 373 4274 eopia
398 4187 515 4274 triplex
539 4206 686 4254 errorum
710 4206 813 4272 genus
836 4187 959 4254 indicet
977 4195 1010 4254 ol
1029 4185 1184 4274 exemplis
1205 4194 1271 4250 lom
1295 4182 1386 4250 lueu·

192 4293 294 4361 lentis
317 4301 350 4359 el
372 4293 473 4360 eertis
502 4291 586 4359 hene
617 4291 912 4380 palaeogrnpbimm
943 4293 1099 4359 rationem
1133 4289 1323 4368 confirmat,
1345 4300 1386 4358 ul

191 4397 293 4468 [nelle
312 4399 428 4467 rieerit
448 4397 534 4486 quod
554 4399 595 4467 nb
615 4399 708 4466 inilio
728 4407 892 4486 posuerat:
917 4399 950 4464 io
969 4419 1031 4464 uno
1045 4397 1125 4480 boe,
1140 4397 1174 4463 oi
1191 4395 1262 4484 quir
1280 4394 1386 4462 ilooe·

1227 4505 1236 4550 ι
