3150 4972
683 361 729 434 85

130 559 226 636 θμθθεν
252 579 341 626 snam
375 557 524 646 quodque
556 566 677 625 certano
710 557 817 625 sedern
848 557 984 637 babent,
1018 569 1053 627 ut
1077 561 1251 644 ἐνιαυτῷ,
1275 565 1306 636 ἐς

130 664 234 732 ταυτθν
263 675 295 734 ct
325 666 359 732 ἐκ
386 671 519 741 ταυτοῠ,
559 685 641 752 quae
674 683 804 752 prorsus
836 663 919 730 idem
952 665 1148 752 significant.
1195 661 1307 754 ltaque

130 769 198 836 ἱέναι
220 779 251 836 et
279 780 388 853 χωρεῖν
419 771 513 850 tatas
541 772 692 840 Graccum
716 779 781 847 est,
807 769 861 836 sed
886 772 961 850 ὁμοῦ
985 769 1062 839 εἶναι
1086 783 1119 840 et
1143 776 1308 860 corrigen-

129 875 197 942 dum
220 878 294 956 θμοῦ
316 874 395 944 ὦσιν.
444 877 586 944 Subinde
610 884 766 964 apparent
789 881 982 963 calamosita,
1008 879 1101 965 quale
1125 889 1174 946 est
1198 897 1306 947 λειτο-

130 989 305 1064 ψυχοῡντα,
335 987 393 1063 10,
430 989 490 1060 ld,
522 992 552 1050 a.
584 981 781 1059 λειποταξίου
815 988 874 1060 17,
910 990 959 1050 15.
991 986 1151 1060 λειτθυειις
1188 991 1247 1065 16,
1272 992 1305 1052 3.

130 1088 218 1156 Nemo
250 1089 410 1177 improbat
447 1095 503 1168 10,
536 1095 593 1168 td,
626 1094 681 1154 61.
715 1090 924 1170 νεκροδοχεῖα,
957 1092 1164 1176 ἐμβρυοδθχον
1189 1095 1248 1168 34,
1275 1095 1306 1158 6.

129 1195 313 1278 ψυχροδόχον
336 1202 400 1275 65,
427 1201 458 1262 7.
484 1195 682 1279 ἕξειοδθχιροε
709 1199 770 1270 56,
796 1200 849 1260 tt.
875 1197 1003 1262 similia.

169 1301 207 1367 lit
227 1301 314 1389 apud
346 1303 579 1380 Acerrimum,
604 1303 651 1368 sic
674 1299 758 1387 apud
786 1301 940 1368 Lucrnuuu
965 1303 1134 1389 aliquoties
1156 1302 1308 1370 confusae

131 1417 194 1474 sunt
219 1407 342 1476 iorrnae
372 1406 516 1474 dualium
543 1417 575 1475 ct
599 1427 693 1494 saepe
720 1415 792 1473 τοῖν
815 1408 899 1472 θεαῖν
923 1407 1059 1494 legitur,
1084 1412 1211 1496 saepius
1234 1418 1307 1476 ταῖν

130 1525 219 1596 χεροῖν
243 1525 275 1582 et
300 1515 468 1584 similiter:
497 1516 636 1601 turpiter
660 1521 720 1590 ar,
745 1517 777 1578 6.
800 1513 850 1581 δύο
873 1511 937 1595 νθρ
961 1515 1026 1584 icoo
1051 1513 1153 1603 (tae),
1177 1508 1213 1582 αἲ
1233 1516 1307 1597 πρὸς

130 1625 177 1697 τὴν
194 1623 347 1705 ῥητορικὴν
377 1620 510 1700 aaaron,
537 1620 590 1688 ubi
618 1617 640 1684 d
663 1638 720 1707 pro
740 1617 779 1686 αἵ
793 1618 1041 1687 emendandum.
1090 1621 1185 1688 Peius
1209 1622 1307 1688 etiam

132 1727 252 1794 habitus
275 1737 324 1795 est
354 1727 444 1794 tecm
480 1733 539 1806 15,
570 1731 623 1794 10.
654 1728 699 1805 μὴ
730 1725 835 1807 διαίρει
864 1729 905 1792 τὼ
928 1726 1048 1808 τέχνα,
1072 1728 1133 1807 pta
1157 1727 1221 1809 γάρ
1245 1728 1310 1795 isco

130 1834 169 1899 td
189 1831 267 1902 cioca
298 1835 460 1914 decedam,
494 1835 525 1898 in
561 1831 671 1900 multis
703 1831 794 1896 libris
824 1832 865 1897 τθ
899 1833 1020 1911 evasit,
1045 1835 1239 1900 incaeteris
1264 1831 1308 1898 τα

131 1941 225 2024 τέχνα
254 1950 325 2020 εει,
359 1940 391 2005 iu
425 1959 488 2028 quo
518 1939 607 2006 lraus
639 1946 787 2014 tenetur,
820 1946 853 2002 at
883 1938 1022 2004 δοκιῦντε
1055 1939 1196 2017 interiit,
1225 1937 1310 2025 quod

133 2067 216 2133 pnus
236 2049 267 2112 in
285 2048 414 2114 δονοῦσα
435 2045 530 2122 abiit,
554 2043 637 2110 unde
654 2045 796 2111 δοκοῦσαι
816 2053 940 2111 natum.
968 2045 1113 2112 Tertium
1127 2042 1309 2132 exemplum

132 2163 172 2218 est
198 2157 258 2230 41,
284 2156 337 2220 15.
364 2149 419 2218 υ1ιί
442 2153 554 2218 αὐταῖν
577 2151 719 2217 recurrit
746 2153 939 2236 prosdocio.

170 2261 273 2342 Εὑρεῖν
296 2268 328 2325 el
347 2257 483 2340 εὑρέσθαι
508 2257 665 2344 permixta
687 2264 763 2322 sunt
787 2266 819 2322 et
843 2256 918 2322 alibi
944 2267 974 2324 et
1000 2261 1062 2334 68,
1090 2261 1142 2324 16.
1165 2256 1218 2324 uhi
1244 2252 1309 2338 εὗρε

133 2365 164 2430 ιθ
185 2367 216 2430 in
247 2363 348 2446 εὕρετο
380 2373 480 2430 coeat.
528 2362 616 2443 Quae
646 2361 788 2428 diximus
820 2362 858 2429 de
890 2361 1002 2428 tarmis
1031 2365 1064 2429 in
1087 2387 1150 2443 ιμα
1173 2362 1312 2451 penulti-

135 2491 211 2538 nam
236 2470 320 2559 apud
346 2479 471 2538 veteres
498 2467 749 2558 producentibus
773 2477 916 2554 arguunt
938 2489 1082 2536 errorem
1106 2471 1139 2536 in
1164 2468 1312 2552 θρθματα

135 2582 185 2655 et,
208 2584 240 2645 1.
273 2579 333 2660 ἐγὼ
357 2579 388 2643 δὲ
420 2577 580 2657 περιελθὼν
609 2575 652 2641 rai
681 2574 847 2656 θρθματα,
878 2596 975 2661 quam
1000 2575 1208 2644 deterrimam
1233 2576 1312 2641 scri·

136 2692 254 2768 pturam
287 2685 413 2770 primus
446 2683 566 2749 invexit
605 2682 806 2759 inconcussus,
841 2702 935 2768 quern
973 2684 1131 2748 Braneus
1164 2683 1312 2768 sequitur

137 2809 228 2877 neque
261 2789 439 2875 analogiam
476 2789 626 2854 Graecam
657 2788 835 2874 respiciens
867 2808 969 2875 neque
1001 2788 1312 2863 assumendorum,

136 2915 221 2980 quem
239 2897 366 2982 aperuit
386 2893 624 2960 Gratiaruaticus
645 2893 676 2958 in
700 2894 801 2979 ipsius
821 2893 937 2960 Anccd.
959 2893 983 2960 l.
1006 2915 1036 2982 p.
1053 2897 1135 2971 160,
1161 2897 1215 2958 ii.
1237 2893 1310 2972 θρώ·

136 3025 230 3078 aare:
255 3004 287 3068 οὐ
310 3002 362 3076 Ιτοὶ
393 2999 581 3080 θυμιάματα
612 3000 700 3066 ἄλλα
731 3001 774 3066 rai
797 3001 986 3082 ἐσπαρμένα.
1012 2998 1076 3065 vid.
1105 3000 1209 3065 dorsu.
1236 2995 1311 3064 Poe.

141 3114 234 3184 11118,
268 3108 320 3173 uhi
354 3110 385 3172 in
418 3106 548 3174 sciroiiis
580 3116 629 3170 est
659 3104 825 3187 τθρθματα
859 3104 1092 3172 Graeculorum
1122 3125 1229 3184 more,
1255 3105 1312 3190 qni

137 3214 232 3293 τθμα,
256 3213 353 3292 δόμα,
376 3210 508 3294 εὕρεμα,
533 3212 687 3291 εἰιθθεμα,
711 3210 826 3291 ἔνδυμα
849 3211 953 3277 media
968 3212 1054 3278 brevi
1074 3210 1225 3278 dicebant
1243 3231 1316 3276 ont·

138 3337 188 3386 nes
208 3329 239 3388 et
261 3321 294 3385 in
318 3314 405 3385 hunc
430 3319 559 3384 modum
581 3318 831 3404 corrumpebant
854 3317 1049 3404 exemplaria
1072 3328 1236 3396 veterum,
1257 3318 1313 3403 qui

137 3421 227 3504 θροτιρ
249 3423 398 3492 dicebant
430 3433 462 3492 et
492 3425 601 3506 οὶροτιὶρ
632 3423 686 3490 sod
716 3423 844 3505 θρυμα,
870 3433 905 3490 ut
929 3423 1034 3502 τθτις,
1058 3424 1166 3502 τοτθν,
1191 3422 1314 3503 coart-

137 3553 184 3605 τις
207 3529 259 3598 sed
283 3537 401 3610 τῶμα,
436 3549 632 3617 quamquam
664 3550 750 3597 nunc
782 3531 925 3618 plerique
957 3551 1067 3598 omnes
1097 3531 1186 3611 τθμα
1210 3533 1312 3598 coacti

138 3646 205 3702 suut
228 3635 345 3704 dicere.
394 3635 439 3702 Ne
464 3635 618 3702 Lucranuu
642 3636 771 3722 quidem
796 3648 828 3703 et
858 3635 1007 3724 aequales
1040 3637 1071 3702 in
1101 3655 1137 3702 ca
1167 3655 1202 3701 rc
1225 3634 1312 3704 dese·

139 3743 231 3810 ruisse
250 3744 458 3830 antiquorum
484 3743 711 3809 anctoritatem
733 3741 859 3810 docebit
881 3741 1102 3829 paronomasia
1124 3746 1185 3821 et,
1207 3747 1260 3808 20.
1280 3744 1312 3808 in

138 3853 223 3928 τθμα
245 3858 277 3917 ει
299 3856 427 3929 ττιῖιμα.
477 3847 566 3914 ttius
589 3867 681 3915 error
706 3851 736 3914 in
759 3869 793 3915 re
817 3848 928 3916 eadem
953 3849 1171 3915 committitur
1195 3851 1256 3926 49,
1284 3853 1313 3914 1.

139 3953 166 4019 in
187 3965 324 4038 χρῖσμα,
349 3957 382 4022 in
406 3975 472 4042 quo
496 3963 588 4022 retus
608 3955 772 4022 Graecitas
795 3965 825 4022 et
846 3955 968 4021 novicia
992 3955 1186 4032 miscentur,
1211 3955 1315 4038 κέχρι-

139 4081 190 4136 μιιι
212 4061 312 4130 media
334 4061 428 4146 longa
452 4060 621 4147 antiquum
647 4069 714 4138 est,
737 4061 907 4144 νέχριτμιιι
932 4070 1079 4149 correpta
1103 4058 1203 4126 vocali
1228 4061 1314 4126 novi·

140 4163 235 4244 cium,
259 4167 367 4255 itaque
387 4175 493 4248 χρῖμα
517 4175 659 4243 veteres,
682 4167 807 4248 χρθτμα
833 4165 983 4234 dicebaut
1007 4167 1171 4253 sequiores
1194 4174 1227 4233 et
1244 4173 1316 4249 χρῖ·

141 4291 200 4344 τινα
223 4271 299 4340 nihil
322 4283 381 4340 est.
430 4271 598 4340 Caeterum
625 4271 657 4337 iu
678 4282 872 4342 accentuum
895 4273 1018 4340 ratione
1039 4272 1161 4339 Lucrini
1178 4271 1317 4339 editores

142 4372 213 4440 nihil
242 4397 433 4466 magnopere
463 4387 655 4445 erraverunt
686 4378 771 4466 quod
803 4381 845 4446 sit
869 4400 984 4468 operae
1008 4379 1147 4467 pretium
1173 4377 1314 4446 referres

143 4483 328 4568 saepiuscule
359 4493 535 4573 peccarunt
565 4483 759 4574 negligentia
792 4484 946 4554 adversus
977 4506 1036 4566 ea,
1061 4505 1143 4573 quac
1168 4485 1228 4572 ipsi
1254 4503 1318 4552 non
