3136 4966
810 327 881 402 612

250 548 325 605 γμα
349 521 570 610 interpolando
593 497 810 608 corruperunt
834 523 898 591 sic:
920 523 1055 604 ώνοθγειν
1075 524 1133 604 μὲν
1159 525 1379 621 [ώταγορεώει]
1396 569 1440 584 ..

250 631 362 698 κλείειν
385 633 417 699 δέ
444 629 659 720 [προστάττει]
684 631 749 698 κτὲ.
786 629 896 718 Neque
918 631 1062 698 Atticum
1082 639 1132 698 est
1149 633 1339 716 ώταγορεώει
1360 637 1437 704 alcol-

251 763 318 820 γειν
348 735 403 802 sed
433 738 478 816 μή
503 737 638 816 ώναθγειν
660 744 692 803 et
716 735 843 820 ζεῦγμα
865 747 915 805 est
938 735 1126 825 perelegans
1148 757 1213 824 qno
1237 741 1439 812 commodius

251 843 404 910 decurrat
426 843 540 909 oratio.

298 947 522 1036 Pereleganter
545 955 704 1018 structam
728 949 923 1016 sententiam
945 949 1064 1018 sciolus
1083 949 1274 1020 emblemate
1293 957 1440 1041 corrupit

253 1059 270 1140 §
301 1059 337 1122 ll
367 1055 381 1122 θ
405 1055 563 1136 νομοθέτης
588 1055 804 1135 ήγήσατατθν
826 1063 931 1130 καλῶς
954 1057 1118 1140 τραφέντα
1140 1057 1244 1124 παῖδα
1266 1057 1365 1143 ἄνδρα
1383 1085 1440 1142 γε·

252 1161 373 1242 νθμεναν
392 1164 543 1244 χρήσιμον
566 1160 687 1229 ἔσεσθαι
711 1172 750 1246 τή
774 1161 881 1244 τθιιει,
906 1158 982 1230 troo
1005 1164 1031 1230 δ’
1051 1166 1069 1241 ή
1088 1162 1183 1247 φύσις
1203 1166 1268 1234 κτὲ.
1282 1189 1440 1248 -ταρα

253 1269 401 1346 conclave
434 1270 606 1355 [ἡγήσατο]
636 1269 768 1340 πολίτας
791 1267 911 1336 ἔσεσθαι
936 1268 1093 1353 Τιμώρχςι
1115 1269 1234 1355 ταυτριθ.
1271 1271 1441 1357 Magistelli

252 1375 287 1441 in
308 1375 450 1461 longiore
471 1373 599 1461 periodo
621 1373 723 1442 lulcra
743 1383 930 1464 supponunt
950 1384 1015 1442 tam
1038 1375 1170 1444 molesta
1189 1396 1287 1465 qnam
1300 1378 1440 1446 inutilia.

298 1480 419 1550 lterum
452 1499 610 1569 opponam
642 1480 747 1548 locum
780 1501 820 1549 ex
854 1486 872 1569 §
902 1486 940 1548 15
966 1482 1045 1549 vitio
1068 1481 1258 1548 liberatum:
1284 1484 1442 1566 διαρρήδην

252 1588 339 1667 λέγει
364 1591 378 1656 θ
402 1589 490 1668 νθμας
512 1587 565 1654 έών
588 1612 658 1655 τινα
680 1589 850 1673 έκμισθώση
870 1589 999 1671 ἑταιρεῖν
1016 1590 1118 1670 πατήρ
1137 1588 1154 1664 ἢ
1171 1589 1308 1672 ώδελφθς
1327 1591 1345 1666 ή
1366 1594 1442 1663 θεῖος

253 1697 271 1774 ή
295 1695 454 1778 έτθτρατος
479 1695 496 1771 ἢ
522 1693 598 1769 θλως
621 1701 679 1761 τών
699 1695 804 1776 κνρέων
820 1719 884 1772 τις,
904 1694 1237 1779 γραφώςώταιρήσεως
1255 1692 1334 1763 εἶναι
1354 1696 1442 1766 κατώ

252 1823 287 1865 τε
314 1803 367 1865 τοῦ
399 1797 640 1878 ἐκμισθώσαντας
672 1799 725 1864 καὶ
758 1801 811 1864 τοῦ
834 1797 1085 1878 μισθωσαμένου,
1106 1805 1162 1868 τοῦ
1184 1802 1241 1881 μὲν
1264 1799 1312 1870 ὅτι
1335 1801 1441 1885 ἐξεμί-

252 1906 363 1984 σθωσε,
393 1909 447 1972 τοῦ
478 1905 509 1971 δὲ
539 1899 585 1970 ὅτι
597 1953 606 1983 ,
638 1904 751 1986 Φησὶν,
783 1903 984 1984 ἐμισθώσατο.
1029 1903 1126 1974 Plana
1156 1913 1189 1975 el
1215 1909 1386 1996 perspicua
1409 1920 1443 1978 et

252 2018 325 2097 apte
349 2010 525 2098 composita
550 2011 597 2076 sic
621 2011 729 2076 omnia
753 2018 846 2076 sunt:
875 2009 1143 2092 trentenaires
1167 2013 1182 2079 l
1206 2012 1443 2098 νθμος--γρι-

250 2118 318 2204 φώς
343 2115 523 2199 ἑταιρήσεως
545 2113 632 2182 εἶναι.
667 2114 745 2183 Vide
770 2135 857 2183 nnnc
881 2116 1067 2205 mihiqnaa
1091 2117 1190 2185 sitin
1215 2117 1306 2187 libris
1331 2121 1443 2190 lectio:

251 2224 407 2307 διαρρήδην
439 2221 526 2302 λέγει
558 2223 572 2288 θ
603 2222 819 2302 νθμος-τών
850 2225 956 2305 κνρέων
985 2246 1032 2298 τις
1066 2224 1153 2311 [κατ’
1187 2227 1282 2292 αὐτοῦ
1305 2228 1365 2306 μὲν
1388 2234 1443 2296 τοῦ

251 2330 360 2406 ταιδθς
390 2331 444 2396 αώκ
469 2331 521 2416 έᾷ]
546 2330 678 2412 γραφὰς
702 2329 882 2411 ἑταιρήσεως
906 2325 998 2408 εἶναι,
1029 2328 1116 2396 κατὰ
1136 2329 1170 2396 δέ
1192 2335 1247 2397 τοῦ
1269 2333 1442 2412 μισθώσαν-

250 2461 312 2513 τος.
348 2436 437 2518 Quae
460 2435 630 2502 scabrities
653 2437 824 2517 orationis,
851 2454 963 2522 scopas
987 2433 1126 2514 solutas,
1151 2445 1186 2502 nt
1210 2437 1325 2520 aiunt,
1351 2439 1445 2510 videa

250 2551 284 2612 et
310 2561 441 2610 arenam
472 2543 541 2608 sine
570 2541 668 2608 calce.
706 2540 922 2629 Interpolatus
950 2540 1040 2608 locus
1070 2549 1120 2608 est
1142 2561 1180 2608 ex
1208 2547 1225 2628 §
1253 2548 1291 2611 18
1317 2548 1443 2614 κακεῖνο

252 2648 285 2716 δέ
315 2674 367 2730 μοι
397 2647 757 2728 συνδιαμνημονεύσατε,
789 2645 835 2715 θτι
866 2647 988 2715 ἐνταῦθ’
1011 2649 1025 2714 θ
1049 2646 1207 2726 νομοθέτης
1231 2650 1313 2718 οὕτω
1337 2651 1444 2720 διαλέ-

251 2779 345 2836 γεται
376 2755 461 2838 αὐτῷ
489 2756 533 2838 τῷ
565 2755 687 2833 σώματι
715 2759 769 2821 τοῦ
800 2753 908 2829 ταιθθς
938 2753 1029 2822 cited
1058 2762 1122 2829 ταῖς
1152 2755 1220 2837 σερδ
1248 2755 1301 2821 τθν
1321 2759 1444 2838 παῖδας,

251 2861 369 2950 quibus
392 2861 494 2928 assuit
518 2859 635 2947 aliquis
654 2879 691 2926 cx
714 2864 732 2946 ς
757 2865 795 2928 13
829 2860 960 2949 [carpi.
985 2859 1133 2945 ώδεοιφώ,
1157 2861 1326 2946 ἐτιτρθτρ,
1358 2863 1443 2932 διδα-

252 2966 378 3052 σκώλαις
401 2967 455 3034 καὶ
479 2964 555 3040 ὅλως
567 2974 630 3040 τοῖς
642 2965 782 3051 κνρθαις],
809 2966 1009 3054 negligenter
1032 2967 1140 3033 omisit
1159 2967 1226 3050 lelp
1243 2978 1276 3036 et
1294 2969 1445 3037 διδασκό-

251 3093 315 3158 ηοις
344 3073 490 3153 addidit,
519 3074 578 3160 qni
611 3093 672 3139 non
705 3081 782 3140 snnt
805 3073 908 3155 κύριαι.
942 3071 1113 3161 Ειιριιιιεῑο
1136 3073 1327 3140 emblemate
1348 3075 1385 3144 δέ
1409 3078 1445 3142 in

251 3208 287 3260 τε
311 3181 455 3249 converti
480 3187 512 3247 et
538 3179 708 3268 participio
727 3179 971 3259 ἐκμισθώσαντας
994 3180 1209 3246 necessariam
1231 3182 1445 3269 praepositio·

252 3309 326 3356 nem
344 3286 472 3356 ¹addidi.

298 3395 333 3461 ln
359 3399 376 3480 §
404 3400 444 3460 13
468 3393 631 3478 sequitur:
657 3391 709 3468 καὶ
734 3391 789 3458 ἴσα
808 3392 980 3471 τώτιτθμια
1004 3389 1135 3475 ἑκατέρῳ
1155 3391 1302 3470 σετοθηκε
1323 3393 1378 3460 καὶ
1397 3395 1446 3475 μή

251 3502 429 3581 έπώιιαγκες
466 3497 542 3566 εἶναι
580 3500 622 3580 τῷ
662 3497 750 3564 παιδὶ
785 3498 938 3577 ἡβήσαντι
973 3497 1094 3580 τρέφειν
1125 3497 1178 3564 τθν
1209 3498 1332 3580 πατέρα
1363 3500 1446 3578 μηδὲ

251 3591 363 3684 οἴκησιν
395 3605 544 3687 παρέχειν
572 3597 616 3693 [ὃς
644 3604 682 3671 θιν
707 3605 875 3687 έκμισθωθή
900 3606 1055 3690 ἑταιρεῖν]Ι
1092 3602 1194 3684 Quam
1221 3605 1363 3692 primunr
1390 3627 1446 3672 rc·

251 3736 324 3784 seca
358 3731 499 3803 pannum
530 3719 561 3776 et
594 3730 726 3797 prorsus
757 3717 1031 3798 supervacaneum
1063 3718 1094 3775 ct
1118 3708 1222 3776 alieno
1246 3709 1314 3776 loco
1339 3712 1447 3780 inser·

253 3831 334 3888 tuni.
372 3818 490 3887 Eadem
525 3837 619 3902 opera
650 3815 719 3882 dele
748 3817 918 3884 molestum
953 3835 1125 3902 pronomen
1152 3818 1184 3881 in
1208 3817 1345 3885 vicinia:
1374 3815 1448 3898 ζών-

250 3953 301 4002 τας
326 3929 382 4006 μέν
406 3927 501 3992 αὐτοῦ
515 3925 804 3999 -τελεντήσαντα
828 3923 864 3989 δὲ·
882 3921 1008 4014 [αὐτόν].

299 4035 334 4100 ln
368 4036 385 4117 §
413 4038 451 4097 15
486 4031 512 4119 (θ
538 4029 640 4113 νόμας)
674 4031 704 4095 έν
734 4026 932 4110 ᾦδιαρρήδην
956 4028 1137 4109 γέγραπται
1161 4026 1238 4094 Ἐών
1260 4053 1308 4102 τις
1334 4029 1448 4113 ὑβρίζῃ

252 4143 294 4214 εθς
319 4139 419 4206 παῖδα
444 4138 460 4214 ή
486 4137 578 4219 ἄνδρα
603 4136 620 4212 ri
645 4145 780 4215 γυναῖκα
795 4136 980 4216 -γραφθις
1005 4133 1118 4216 ὕβρεως
1142 4129 1218 4200 εἶναι
1244 4136 1446 4223 [πεποίηκεν]

252 4249 303 4313 καὶ
329 4247 455 4324 τίμημα
481 4243 651 4331 [ἐπέθηκεν]
679 4239 697 4306 θ’
716 4267 747 4306 τι
770 4244 830 4325 χρή
854 4241 1004 4318 calciari
1026 4243 1185 4308 ώσατῑσαι.
1210 4241 1290 4321 Quis
1310 4241 1446 4308 landem

250 4356 345 4420 istam
372 4350 531 4417 scribendi
559 4351 787 4435 negligentiam
814 4356 845 4413 et
870 4347 1049 4414 socordiam
1074 4345 1159 4413 lerre
1184 4354 1287 4432 polest
1312 4347 1345 4412 in
1366 4366 1446 4434 quo·

251 4478 348 4544 qnam
381 4457 560 4541 scriptore,
596 4455 712 4521 nedum
747 4457 777 4522 in
811 4464 897 4524 terso
927 4462 960 4521 et
991 4462 1127 4520 venusto
1158 4451 1266 4520 Attico
1287 4451 1445 4521 oratore?
