3208 4972
820 357 891 428 234

254 548 322 627 dit,
349 557 384 614 ut
407 551 439 615 in
459 549 532 616 τότε
555 549 590 626 δή
606 550 643 638 ¹).
691 549 867 618 Conlirmat
893 549 974 616 hanc
999 549 1255 617 observationem
1280 558 1312 618 et
1337 571 1447 620 veram

254 676 325 722 esse
348 655 548 722 demonstrat
574 657 659 742 quod
683 657 769 734 νυνδή
794 677 855 722 non
878 654 1046 722 dirimitur
1073 656 1261 743 interposita
1286 656 1449 742 porticula

254 769 287 828 et
310 762 433 828 dicitur
456 763 541 838 ιοιδθι
565 765 640 842 μέν,
667 783 728 829 non
749 768 799 829 νῦν
818 764 875 842 μὲν
900 763 956 842 δή,
982 761 1066 848 quod
1088 761 1190 828 sicubi
1216 763 1337 849 legitur
1361 763 1447 831 ride·

255 866 304 933 bis
334 867 374 933 ad
403 874 452 934 νῦν
476 869 511 946 δή
538 867 742 936 referendum
768 879 800 936 et
824 887 897 934 cnm
927 868 1086 954 praesenti
1112 876 1256 953 tempore
1281 877 1313 934 et
1337 866 1447 936 lutuno

255 973 426 1058 coniungi,
454 974 538 1040 unde
562 973 703 1042 discerni
738 983 870 1062 possunt
896 994 979 1062 urnae
999 973 1038 1040 de
1061 979 1111 1040 ιῦι
1134 975 1169 1050 δή
1195 973 1391 1042 Ruuannruus
1414 983 1448 1042 et

255 1079 309 1147 alii
333 1079 548 1166 collegerunt,
568 1088 600 1148 et
621 1083 749 1149 restitui
771 1082 857 1158 ιοιδιὶ
875 1080 901 1148 si
925 1079 1053 1168 qnando
1079 1080 1191 1166 periit,
1213 1087 1247 1146 nt
1260 1080 1293 1144 iu
1306 1079 1448 1147 Nubibus

255 1206 301 1252 vs.
327 1190 405 1254 825.
438 1188 560 1266 ὥμοτιις
585 1188 670 1264 ιυιδθι
703 1188 782 1268 dle,
807 1185 861 1252 ubi
893 1186 1006 1273 optimi
1038 1185 1169 1252 Codices
1194 1191 1244 1251 νῦν
1266 1187 1318 1253 θιόι
1341 1195 1373 1252 et
1397 1191 1448 1252 νῦν

255 1293 289 1368 rb
308 1293 359 1359 tte
379 1293 548 1372 exhibent,
572 1302 604 1360 ct
629 1297 661 1361 in
692 1293 913 1380 Tiresrnopbor.
937 1311 986 1358 vs.
1008 1297 1084 1360 954.
1110 1295 1144 1370 rb
1169 1293 1219 1358 ΔΓ
1243 1295 1282 1366 cle
1306 1297 1357 1359 ιῦι
1380 1292 1448 1367 δῆτ’

254 1400 328 1480 arta
352 1400 483 1480 Ὀλίγον
506 1403 542 1478 μ’
566 1402 713 1484 ἀφείλετ’
738 1400 832 1467 udalr
855 1397 1048 1482 θειορριθφος,
1085 1401 1116 1465 in
1145 1407 1446 1466 NrNuHTnNHr

255 1505 360 1572 inerat
391 1505 478 1583 νυνδή
509 1508 543 1586 γ’
575 1507 659 1588 θιιὶρ.
708 1507 839 1572 Pcnrom
872 1503 969 1572 redde
1001 1505 1034 1570 in
1067 1504 1239 1592 Protaporc
1271 1526 1303 1592 p.
1326 1510 1392 1573 339
1415 1527 1446 1573 n.

256 1611 323 1692 περὶ
348 1608 439 1694 οὗτος
461 1611 522 1690 ἐγώ
540 1637 576 1678 τε
597 1612 649 1680 real
668 1611 706 1678 rb
727 1612 812 1687 rorat
841 1610 1046 1692 διελεγόμεθα
1072 1629 1129 1698 pro
1150 1617 1201 1678 νῦν
1220 1611 1448 1692 θιοιλεγθμεθοι,

256 1724 288 1784 et
312 1718 505 1784 llcuosrncm
537 1718 575 1784 dc
599 1718 686 1785 Folo.
711 1717 820 1806 Lepet.
853 1739 881 1804 p.
904 1723 988 1794 sol,
1023 1722 1077 1784 20.
1101 1715 1153 1784 θτε
1176 1719 1239 1800 γὰρ
1271 1719 1356 1794 ruebit
1379 1719 1448 1786 ἔτι·

254 1824 405 1907 ρευθμεθοο
428 1827 470 1898 εἰς
491 1826 659 1908 Δελφούς,
685 1845 742 1912 pro
762 1830 812 1890 νῦν
833 1823 1047 1906 ἐπορευόμεθα.
1095 1824 1206 1890 Dicam
1228 1844 1313 1890 nunc
1333 1843 1448 1911 quam-

256 1930 364 1996 obrem
399 1929 478 1998 baec
508 1932 744 2020 praemiserim.
792 1932 829 1998 ln
856 1931 975 1998 nostris
1003 1929 1173 1997 Codicibus
1197 1940 1228 1996 et
1252 1929 1449 1996 editionibus

259 2038 406 2104 Pcrronrs
433 2037 583 2104 omnibus
608 2039 652 2103 ita
684 2036 854 2104 scribitur:
886 2037 903 2115 tl
929 2041 979 2104 ιῦι
1002 2037 1037 2113 δὴ
1060 2037 1117 2117 μὲν
1142 2035 1280 2116 tityon
1304 2034 1448 2119 ἕμτρο·

257 2145 345 2209 οθει
376 2143 494 2219 τοθτοις
532 2144 750 2227 περιτυχόντες
779 2153 843 2218 τοῖς
876 2141 981 2223 ιιθγοις
1013 2145 1077 2209 ιιτὲ.
1110 2141 1261 2209 vidistine
1292 2161 1447 2230 umquam

259 2259 326 2316 tarn
352 2250 559 2317 manifestum
586 2251 744 2317 emblema
769 2257 890 2316 ettam
917 2247 1101 2316 insulsum?
1151 2247 1238 2314 Vidit
1264 2248 1388 2314 benum
1416 2255 1449 2315 et

256 2355 390 2443 expulit.
439 2357 524 2424 Dabo
560 2357 643 2444 qnod
676 2358 772 2422 etiarn
807 2355 898 2443 peius
931 2363 990 2421 est.
1038 2355 1074 2421 ln
1103 2354 1173 2441 ipso
1205 2353 1350 2434 Scholio,
1383 2375 1450 2441 quo

257 2463 342 2541 νοιδθ
367 2463 565 2550 explicatur,
601 2461 686 2550 apud
713 2463 849 2528 Pnorruu
874 2469 905 2528 et
932 2461 1047 2528 Surum
1072 2462 1119 2526 sic
1143 2459 1278 2546 legitur:
1303 2465 1370 2528 Νῦν
1392 2461 1448 2540 bi:

256 2571 366 2652 θρτθως
401 2570 417 2650 b
449 2572 553 2652 μικρὸν
583 2567 759 2652 ἔμπροσθεν.
806 2567 934 2648 Νθμοις.
966 2567 983 2644 t
1010 2573 1060 2633 νῦν
1083 2568 1119 2642 bb
1143 2568 1200 2647 μὲν
1223 2567 1359 2646 tityon
1382 2566 1450 2648 ἔμ·

256 2677 419 2758 τροτθει
442 2677 559 2750 τούτοις
587 2675 804 2760 περιτυχόντες
835 2682 898 2748 τοῖς
929 2671 1035 2754 λθγοις
1067 2672 1142 2741 οὕτω
1166 2679 1259 2739 τοῦτ’
1290 2673 1449 2754 triceno,

256 2788 306 2849 νῦν
329 2784 355 2848 δ’
380 2784 625 2862 ἐπιλελήσμεθα.
673 2783 740 2849 Non
767 2780 833 2847 vidi
858 2783 974 2867 magis.
1024 2779 1084 2861 Qui
1110 2779 1188 2848 baec
1213 2795 1315 2868 aequo
1339 2782 1450 2848 animo

254 2888 339 2956 serre
352 2897 525 2977 potuerunt
548 2909 641 2957 nemo
663 2887 836 2954 mirabitur
854 2887 962 2953 omnia
977 2906 1067 2975 posse
1080 2907 1289 2974 concoquere.
1321 2887 1450 2969 Quanto

255 3015 350 3083 opere
375 3005 483 3062 autern
516 2995 690 3062 sciolorum
722 3002 754 3059 et
786 2994 941 3060 lectorum
974 3003 1006 3060 et
1035 2993 1289 3080 magistellorurn
1313 2994 1451 3062 addita·

255 3111 363 3168 menta
388 3103 560 3186 deturpent
584 3101 792 3186 antiquorum
817 3101 938 3188 scripta
958 3107 990 3166 et
1015 3101 1042 3166 si
1062 3101 1118 3187 qni
1138 3099 1193 3166 alii
1215 3099 1289 3167 libri
1311 3100 1344 3167 in
1366 3101 1451 3168 mul·

255 3218 361 3275 torum
384 3206 533 3273 menibus
552 3205 839 3285 erant,ostendam
866 3208 1008 3294 primum
1035 3207 1067 3270 in
1090 3205 1220 3272 Lucrruo
1244 3206 1449 3294 propediem,

255 3320 287 3380 et
312 3313 344 3378 in
369 3313 489 3401 optimo
520 3332 646 3400 quoque
677 3322 839 3387 veterum,
875 3311 928 3378 ubi
954 3310 993 3378 ad
1029 3311 1155 3378 illornrn
1190 3311 1450 3383 emendationem

255 3417 369 3486 deinde
394 3437 574 3487 accessero:
602 3439 687 3486 nunc
711 3417 751 3484 ad
776 3419 932 3485 Lucrinus
956 3417 1121 3486 redeundi.
1137 3428 1265 3504 ternpus
1285 3428 1344 3486 est.

299 3527 335 3593 ln
370 3525 514 3614 Diclopir
544 3523 737 3593 Mortuerum
773 3529 830 3603 10,
867 3532 924 3604 tl,
959 3531 989 3592 t.
1023 3521 1159 3592 barbara
1192 3523 1294 3592 forma
1320 3535 1450 3614 recepta

253 3639 302 3702 est
325 3634 513 3702 ιιιιθιιιιέοθοι
535 3653 593 3721 pro
613 3631 821 3700 ιιοθθλοοθιιι.
870 3631 905 3698 ln
933 3629 1063 3717 Dialogo
1087 3630 1171 3697 Xlll.
1198 3633 1215 3717 §
1241 3635 1271 3698 2.
1296 3632 1363 3716 περὶ
1392 3639 1450 3702 τοῦ

253 3740 357 3824 ἔρωτος
382 3739 452 3827 lege
477 3739 550 3823 θτέρ
578 3747 610 3806 et
638 3739 671 3805 τε
696 3737 790 3804 ιιθτθι
816 3755 872 3823 pro
899 3737 1038 3804 οεοιιιτθν.
1065 3737 1176 3805 lllllll.
1207 3743 1237 3804 5.
1262 3737 1365 3822 τιθφον
1389 3740 1454 3822 θςεῑ

253 3849 319 3913 imo
342 3845 430 3930 ἔχει,
457 3853 526 3913 tuni
559 3845 665 3913 scribe
692 3845 775 3912 οὐδὲν
806 3843 917 3923 ἔμελεν
940 3845 1024 3926 αὐτῷ
1047 3863 1104 3931 pro
1131 3843 1209 3909 cett.
1237 3843 1295 3910 lroc
1319 3865 1450 3932 quoque

254 3952 451 4018 tralaticium
476 3953 590 4018 vitium
613 3957 678 4018 est:
701 3949 863 4016 interdurn
886 3949 967 4017 οὐδέν
987 3967 1045 4037 pro
1063 3949 1130 4016 οὐδὲ
1152 3951 1302 4037 irrepsit,
1328 3953 1449 4039 saepis·

253 4060 335 4127 sime
359 4058 425 4126 cdli
449 4078 506 4144 pro
529 4058 630 4137 οὐδέν,
657 4058 751 4123 cuius
776 4057 822 4121 rei
847 4056 992 4144 exempla
1017 4057 1077 4122 sibi
1102 4057 1238 4143 quisque
1262 4067 1340 4145 quot
1365 4058 1448 4126 volet

254 4165 391 4253 colliget.
447 4165 484 4231 ln
528 4165 710 4232 Pnrucmors
746 4163 847 4251 Epist.
884 4168 914 4230 8.
952 4183 1009 4250 pro
1041 4163 1125 4246 λθγῳ
1161 4163 1193 4229 te
1227 4165 1310 4231 οὐδὲν
1344 4165 1447 4248 οθιμοιι

257 4323 500 4338 -ι-*ύ

289 4407 314 4472 1)
332 4407 413 4456 Fuere
435 4403 499 4456 olim
524 4405 655 4470 magistri,
682 4405 725 4470 qui
751 4401 841 4468 εθιθη
863 4403 1023 4455 scribendum
1048 4419 1101 4456 esso
1124 4405 1306 4472 praeciperent=
1333 4403 1443 4472 θοιειθῆ,

254 4484 365 4557 triadi,
384 4483 512 4553 δηλαδή,
530 4489 592 4548 slis,
608 4487 713 4538 enudant
731 4493 758 4537 ut
775 4486 862 4551 τιτθή
882 4485 1043 4551 praeferetur.
