3178 4972
837 361 883 441 66

259 567 384 660 pontina
396 589 412 633 e
425 579 563 634 ueterum
576 565 705 634 lectione
716 579 857 656 arreptor
869 578 899 634 et
910 565 1026 643 sordes,
1046 585 1151 651 ρνοεο
1160 563 1277 629 ananeli
1287 562 1339 627 aui
1349 571 1448 628 contu·

260 678 351 764 pinne
364 683 544 754 traxerant,
567 680 602 740 ut
624 673 803 739 rectissime
822 673 942 740 iudicat
955 671 1083 737 llmnrus
1094 669 1134 735 ad
1147 669 1315 736 ltnwnsmu
1329 688 1359 754 p.
1372 671 1448 734 nat.

311 785 451 868 Apparet
483 799 520 846 ex
555 777 605 844 lria
634 797 730 863 quam
764 799 882 864 anceps
910 787 942 844 et
967 775 1118 862 arnbigua
1150 794 1202 842 res
1234 777 1276 842 sit
1306 783 1449 840 statuere
1554 801 1555 804 ¹

263 895 372 952 utrum
398 885 566 970 scriptoris
585 903 625 949 an
648 882 771 950 librarii
793 904 936 950 errorem
958 879 1220 970 deprehenderis.
1259 881 1350 947 Sitne
1372 880 1449 945 bene

266 992 419 1058 Graecum
443 1010 484 1056 an
509 1010 571 1056 non
596 991 639 1055 sit
663 1008 841 1076 numquam
866 989 932 1056 lero
954 1009 1024 1056 esse
1048 997 1151 1074 potest
1171 986 1348 1053 dubitatio:
1373 983 1450 1072 quid
1555 1057 1556 1064 ¹

263 1095 358 1162 trrtct
382 1095 443 1182 ipsi
477 1093 562 1160 soliti
594 1093 715 1161 luerint
740 1096 771 1159 in
796 1113 924 1182 quaque
949 1115 983 1162 re
1006 1095 1114 1161 dicere
1146 1093 1222 1159 sciri
1253 1099 1357 1180 potest
1379 1099 1451 1156 ete

264 1200 375 1267 multis
409 1201 498 1266 vitiis
535 1198 708 1277 Codicum,
744 1201 1059 1278 Grammaticorum,
1098 1199 1267 1266 Editorum
1304 1195 1405 1264 veluti
1434 1215 1451 1261 e

263 1309 366 1374 scoria
391 1323 508 1393 purum
534 1316 648 1393 putum
674 1327 790 1374 eurum
815 1308 956 1374 excerni.
1004 1306 1058 1373 Sic
1082 1307 1186 1391 igitur
1211 1305 1324 1370 vitium
1351 1303 1451 1369 mani·
1556 1319 1557 1362 ι

262 1412 381 1479 lectum
407 1421 555 1491 tenetur,
589 1411 621 1478 id
644 1416 813 1500 quaeritur
839 1415 948 1480 utrius
978 1411 1174 1497 negligentia
1202 1413 1246 1476 sit
1270 1417 1451 1497 peccatum.

264 1517 381 1584 Videor
413 1516 492 1584 mihi
525 1519 684 1605 reperisse
716 1521 892 1593 rationem,
927 1539 990 1605 qua
1017 1517 1187 1584 Atticistae
1211 1514 1306 1603 paulo
1329 1513 1453 1601 elegan-
1557 1593 1558 1598 .

264 1626 363 1691 tiores
394 1624 507 1690 multis
536 1623 702 1691 erroribus
734 1623 855 1692 absoni
887 1626 1027 1712 possint,
1062 1643 1142 1710 quos
1173 1622 1207 1688 in
1230 1621 1354 1688 scribas
1384 1639 1454 1686 ease
1557 1633 1558 1636 ’

264 1728 505 1797 transferendos
528 1731 575 1795 sic
600 1731 678 1795 milri
703 1731 833 1816 quidem
860 1731 1054 1819 persuadeo:
1091 1738 1259 1817 praecepta
1291 1728 1454 1795 Atticista·

264 1856 355 1916 rum,
380 1846 532 1923 utsupra
554 1835 711 1915 dicebam,
735 1859 799 1904 non
820 1838 903 1906 hauc
925 1840 989 1903 vim
1014 1836 1189 1912 habebant,
1211 1844 1246 1900 ut
1265 1853 1304 1902 ex
1325 1835 1365 1900 iis
1386 1831 1455 1898 dia·

264 1943 367 2009 lectus
392 1943 495 2010 Attico
518 1953 787 2029 cognosceretur,
822 1943 878 2012 sed
903 1953 939 2011 ut
963 1945 1121 2011 sermonis
1149 1939 1351 2029 popularium
1375 1941 1455 2005 vitia
1558 1941 1559 1988 l

265 2057 298 2116 et
330 2047 546 2135 negligentia,
583 2047 624 2114 ad
655 2049 897 2117 Atheniensium
929 2051 1150 2136 incorruptam
1186 2045 1454 2114 consuetudinem

265 2164 392 2235 exacta,
420 2164 612 2242 apparerent
635 2164 667 2222 et
691 2158 944 2243 corrigerentur.
994 2155 1160 2223 Clamosus
1181 2161 1230 2221 eat
1255 2154 1289 2218 in
1309 2171 1347 2218 ea
1366 2171 1402 2220 re
1423 2159 1456 2218 et

266 2261 433 2349 plagosuS,
457 2263 588 2348 opinor,
613 2259 675 2327 luit
700 2262 909 2341 Pnnrnrcnua,
941 2264 997 2350 qui
1023 2264 1068 2328 ita
1092 2262 1187 2328 solet:
1211 2257 1357 2340 ἐσχάτως
1380 2257 1455 2324 cild-
1559 2245 1560 2294 ³

265 2390 372 2447 κιμσν,
409 2368 491 2432 τάνυ
527 2369 675 2447 άμαάῶς,
710 2368 855 2448 cotenon,
892 2371 1037 2453 ἐσχάτως
1072 2366 1244 2449 βάρβαρα,
1280 2364 1456 2448 ἀποτρέπου

266 2474 386 2553 λέγειν,
418 2474 661 2556 ἐνεκαλυψάμην
684 2475 754 2557 δρῶν
779 2497 807 2563 p.
836 2479 899 2552 69,
925 2477 939 2541 ὃ
962 2481 1051 2542 τοῦτο
1082 2474 1184 2555 λέγων
1205 2479 1292 2556 >tapsi
1311 2491 1341 2558 p.
1370 2475 1454 2549 137,

267 2581 438 2647 ἔναντάασα
472 2581 555 2646 τοῦτ’
590 2580 727 2655 άκοὺσας
762 2602 792 2669 p.
833 2587 914 2659 llll,
950 2590 1006 2648 aut
1039 2584 1169 2655 annulae
1200 2579 1285 2658 άξιον
1318 2577 1456 2659 τοῦνομα
1560 2571 1561 2614 t

267 2706 299 2773 p.
326 2691 411 2766 226,
437 2695 493 2752 aut
517 2687 646 2753 similia.
683 2687 800 2754 llonnrs
827 2689 1018 2755 clementius
1041 2691 1109 2775 agit
1132 2699 1163 2755 et
1187 2687 1374 2772 benignius,
1399 2683 1455 2752 scd

267 2792 419 2880 quoniam
442 2801 527 2859 tecte
550 2803 582 2859 et
606 2793 770 2861 lenissime
798 2793 979 2880 aequalium
1004 2796 1080 2861 vitia
1105 2795 1234 2879 arguit,
1260 2789 1457 2858 factumest

268 2908 304 2964 ut
328 2897 406 2986 quid
430 2899 632 2986 potissimum
667 2909 777 2985 ageret
800 2921 819 2966 a
844 2899 955 2967 multis
986 2922 1048 2967 nou
1073 2901 1153 2968 satis
1175 2896 1456 2965 animadvertere-

269 3013 333 3069 tur.
381 3004 464 3086 Quid
496 3007 581 3070 inter
613 3012 788 3091 utrumque
819 3008 1010 3092 magistrum
1044 3008 1202 3074 sermonis
1231 3004 1377 3080 intersit,
1410 3003 1456 3069 ita

267 3109 450 3176 ostendam:
484 3110 603 3176 indocti
636 3111 752 3176 ιικιται
785 3111 935 3179 dicebant
966 3113 1201 3194 άτελεάσομαι,
1233 3111 1308 3199 quia
1334 3109 1456 3176 nescie-

266 3216 343 3282 bant
368 3215 479 3297 άτειμι
512 3235 582 3282 esse
613 3215 797 3284 dicendum.
846 3219 890 3285 lla
915 3239 987 3299 res,
1020 3239 1116 3308 quem
1149 3237 1237 3285 nunc
1269 3215 1360 3303 pueri
1392 3233 1455 3280 nnn

267 3322 434 3400 nesciunt,
454 3341 618 3409 qrramque
635 3323 779 3390 omnium
799 3335 943 3392 veterum
959 3346 1038 3393 usus
1051 3333 1225 3414 perpetuus
1238 3322 1456 3398 demonstrat,

267 3429 343 3495 olim
369 3429 445 3496 solis
468 3427 572 3495 doctis
594 3438 664 3495 erat
691 3439 765 3496 ncta
789 3439 823 3498 et
853 3433 964 3500 sedulo
987 3433 1027 3499 ab
1051 3433 1091 3498 iis
1115 3430 1329 3498 inculcatur„
1357 3425 1457 3508 Quid-

266 3534 345 3621 quid
374 3533 474 3601 deca
497 3535 634 3602 resciri
666 3543 770 3622 potest
801 3537 971 3606 collectum
1003 3548 1053 3605 est
1075 3559 1093 3604 a
1118 3539 1230 3605 llrnnrc
1254 3535 1293 3601 ad
1319 3534 1457 3600 llnwnau

266 3639 309 3708 M.
332 3639 364 3707 0.
384 3661 415 3728 p.
439 3645 512 3707 126.
545 3640 649 3708 Unum
674 3642 806 3711 addam:
829 3644 951 3712 Ponunx
971 3644 1143 3731 diligenter
1167 3641 1261 3710 docet
1286 3640 1455 3708 Onnonun
1559 3709 1561 3716 ,

267 3747 445 3835 principem
474 3745 563 3814 verbi
598 3748 796 3830 κατέρχομαι
832 3749 979 3819 luturum
1016 3771 1085 3818 esse
1116 3750 1265 3830 κάτειμι,
1303 3767 1342 3813 ne
1376 3743 1457 3811 lorte

266 3860 362 3921 erret.
398 3853 442 3919 lll
477 3856 508 3936 §.
534 3857 597 3931 at,
634 3855 825 3938 κατέρχεται
857 3859 910 3925 καὶ
943 3859 1081 3925 κάτεισιν
1116 3856 1166 3922 ἔτι
1200 3857 1254 3921 τοῦ
1289 3853 1456 3932 μέλλοντος

265 3959 383 4044 χρόνον.
432 3957 519 4024 ldem
544 3959 647 4045 igitur
671 3961 864 4030 Pnnrnrcuus
887 3973 919 4030 et
942 3965 1056 4032 ltocrie
1079 3963 1228 4030 docuere.
1263 3959 1457 4026 Pnnrnrcaus

266 4069 313 4133 sic
345 4087 375 4153 p.
401 4069 463 4131 37:
499 4065 815 4148 άτελεάσιμαιε
848 4070 1034 4138 ταντάτασι
1069 4069 1254 4154 Φωλάττον,
1288 4065 1359 4132 οὔτε
1394 4064 1455 4146 γάρ

265 4175 291 4239 oi
315 4173 430 4251 δάκνμσι
454 4172 572 4254 ρἰἱτορες
596 4173 665 4238 οὔτε
691 4175 708 4249 ri
732 4177 856 4258 άρχαάα
888 4177 1032 4262 κωμῳδία
1055 4176 1126 4244 οὔτε
1149 4173 1283 4242 Πλάτων
1306 4171 1456 4254 κέχρηται

265 4289 304 4362 τῇ
336 4284 442 4362 φωνῇ,
473 4278 544 4344 άντὶ
576 4279 607 4344 δὲ
639 4280 734 4346 αὐτοῦ
767 4285 809 4364 τῷ
842 4281 990 4364 άτειμι
1022 4291 1087 4368 χρῶ
1117 4283 1170 4349 καὶ
1202 4285 1265 4350 τοῖς
1293 4277 1457 4356 άμοτιδέσιν

266 4385 422 4460 ὡσαύτως.
447 4381 838 4473 ἕτεξελενσάμενοςι
860 4389 957 4466 ἄλλος
982 4389 1066 4464 οὗτος
1088 4393 1241 4472 Ἡρακλῆι
1267 4384 1327 4474 (Sic
1351 4382 1457 4471 legun·

264 4489 376 4583 dum),
401 4494 486 4560 τοῦτ’
506 4489 554 4559 οὖν
577 4487 679 4572 ἔσυρεν
702 4493 738 4557 ln
759 4495 872 4576 τριάδσν
897 4497 1092 4580 Φαβωρῖνος,
1115 4499 1178 4579 χρὴ
1201 4498 1265 4580 γάρ
1290 4489 1457 4574 ἕπεξιιῖιι
