3178 4972
735 342 816 388 Xlllll

175 515 261 579 darer
284 520 317 580 et
339 516 394 590 rio
418 514 647 594 παρεφθορυῖαν
671 513 774 593 λέξιν,
799 532 862 598 qua
879 531 941 577 non
963 515 1089 577 tantum
1112 512 1175 597 ipsi
1194 512 1375 590 utebantur,

174 635 232 700 sed
256 656 320 720 qua
348 634 451 702 veluti
481 636 669 722 contagione
697 604 814 719 scripta
843 637 989 698 veterum
1019 631 1197 718 implebant
1228 637 1260 697 et
1290 653 1375 699 com·

173 755 399 821 maculabant:
440 755 523 842 quod
554 760 592 820 ut
629 754 826 820 ostenderem
855 755 981 840 saepius
1002 773 1039 818 -a
1069 754 1229 839 proposito
1258 754 1374 820 itinere

175 877 339 964 digressus
361 876 483 944 multos
511 876 691 942 multorum
713 879 859 942 veterum
886 873 985 953 locos,
1014 876 1071 940 ubi
1095 874 1173 961 quid
1201 874 1286 939 mihi
1307 894 1375 939 rne-

174 997 333 1064 morabile
362 1001 513 1085 reperisse
541 997 689 1091 videbar,
722 996 787 1062 ttae
812 973 964 1077 acipsay'or
987 997 1097 1082 paucis
1127 1000 1159 1060 et
1189 995 1230 1060 ad
1251 995 1390 1088 reliqua

173 1139 346 1206 properans
367 1121 512 1186 tractavi.
549 1119 642 1184 Nunc
668 1117 752 1183 mihi
774 1116 863 1183 aliud
890 1122 958 1184 erat
981 1115 1160 1183 consilium.
1195 1115 1267 1181 Hoc
1286 1118 1372 1181 enim

172 1261 260 1306 nunc
288 1241 493 1326 potissimum
524 1240 661 1327 agebam
690 1244 728 1304 ut
757 1239 970 1316 ostenderem,
1003 1237 1086 1324 quae
1115 1241 1197 1302 esset
1232 1235 1372 1302 conditio

172 1358 332 1427 Codicum
353 1359 450 1439 Mae,
482 1363 517 1425 in
540 1360 657 1446 quibua
679 1358 840 1445 praeclara
869 1361 1070 1445 antiquitatis
1100 1362 1309 1424 monumenta
1331 1354 1372 1422 ad

172 1503 232 1548 nos
254 1483 464 1568 pervenerint.
512 1479 649 1568 Operam
672 1480 745 1546 dedi
773 1485 812 1545 ut
841 1470 990 1546 omnibus
1020 1479 1124 1546 modis
1147 1499 1258 1544 eorum
1287 1476 1371 1543 refu-

172 1609 278 1670 tarem
309 1604 451 1688 ineptam
472 1603 653 1687 opinionem
684 1605 717 1665 et
745 1599 811 1666 fere
838 1600 1113 1686 superstitionem,
1145 1601 1200 1685 qui
1221 1600 1371 1666 vetustis

172 1727 275 1790 simos
296 1720 411 1800 libros,
438 1721 639 1787 membranas
668 1723 872 1798 ueterrimas,
903 1721 1097 1787 venerandas
1128 1721 1368 1806 antiquissimae
1427 1713 1429 1720 ⁴

173 1843 480 1939 aetatisreliquias,
508 1845 609 1929 inepti
636 1823 769 1908 credunt
792 1847 848 1907 aut
870 1842 1094 1937 integerrimos
1120 1861 1187 1908 esee
1209 1847 1242 1908 et
1264 1861 1369 1907 emen·

172 1966 372 2044 datissimos,
397 1969 453 2030 aut
471 1964 548 2031 adeo
571 1966 660 2030 omni
677 1965 758 2029 vitio
779 1968 811 2028 et
829 1982 931 2028 errore
948 1983 1074 2028 vacuos.
1105 1961 1240 2028 Prorsus
1260 1967 1369 2028 contra

172 2091 232 2152 est
279 2085 399 2152 Nullus
427 2087 514 2150 enirn
543 2089 685 2170 superest
712 2083 795 2150 liber
823 2083 886 2149 Ma.
918 2085 1126 2169 quantumvis
1156 2085 1306 2170 antiquus
1337 2087 1369 2148 et

161 2209 315 2294 integer,
348 2208 403 2292 qui
425 2226 487 2272 non
509 2207 553 2270 sit
574 2206 695 2291 passim
724 2204 756 2270 et
781 2206 907 2271 vitiosis
930 2206 1095 2290 scripturis
1117 2203 1369 2270 commaculatus

171 2329 206 2394 et
240 2326 364 2393 lacunis
395 2327 486 2394 hians
518 2327 550 2392 et
579 2326 691 2392 alienis
722 2326 948 2392 additamentis
981 2324 1207 2411 interpolatus:
1242 2327 1368 2409 optimae

169 2450 228 2513 ille
261 2456 305 2514 eat
338 2449 391 2534 qai
422 2448 553 2512 miricis
585 2454 716 2530 creetur.
773 2447 844 2514 Hoc
877 2449 981 2534 igitur
996 2451 999 2458 '
1017 2451 1055 2511 ut
1087 2445 1195 2532 palam
1229 2447 1365 2512 facerem

169 2569 350 2655 multisque
380 2570 577 2658 argumentis
609 2574 641 2635 et
671 2567 827 2654 exemplis
857 2567 1105 2634 demonstrarem
1136 2570 1170 2632 in
1199 2567 1366 2633 llernarao

168 2690 343 2758 elaboravi.
391 2688 545 2754 Omnium
574 2691 718 2774 primum
749 2694 781 2754 et
810 2710 894 2754 nunc
925 2693 958 2754 et
980 2709 1104 2774 semper
1133 2707 1242 2753 censeo
1271 2685 1366 2776 longe

167 2813 351 2878 maximam
372 2815 497 2900 partem
518 2809 675 2876 librorum
697 2809 775 2876 Mes.
799 2809 884 2874 unde
911 2811 1025 2896 ingens
1046 2807 1172 2896 farrago
1191 2807 1366 2894 discrepan-

169 2935 257 2998 tium
279 2935 509 3018 scripturarum
537 2918 668 2997 nullius
682 2933 810 2998 omnino
836 2932 932 3016 pretii
956 2935 1122 3015 tamquam
1144 2931 1179 2994 in
1208 2927 1367 3014 sterquili-

168 3057 264 3120 nium
303 3054 485 3140 congeritur
519 3073 594 3118 cum
634 3056 797 3118 contemtu
832 3072 898 3117 esse
936 3050 1157 3116 abiiciendam.
1216 3048 1273 3114 Nil
1306 3070 1365 3138 ego

167 3176 312 3260 ineptius
342 3194 377 3239 ac
404 3173 526 3240 foedius
556 3175 631 3239 nori
662 3193 759 3258 quam
789 3178 864 3238 aunt
894 3172 1058 3238 Editiones
1089 3169 1245 3257 quaedam
1280 3169 1366 3238 Novi

168 3295 385 3373 Testamenti,
426 3298 461 3360 in
500 3296 617 3382 quibus
657 3297 838 3381 ineptarum
872 3268 923 3360 et*
943 3294 1151 3361 absurdarum
1191 3292 1366 3358 lectionum

165 3416 317 3498 μυριάδες
338 3419 373 3481 in
395 3435 522 3482 aceruos
544 3421 619 3481 sunt
641 3422 807 3503 congestae
828 3417 950 3482 nemini
976 3435 1133 3501 umquam
1161 3413 1363 3500 profuturae,

166 3557 273 3626 quum
295 3537 466 3604 Librorum
488 3534 657 3603 Sacrorum
680 3541 805 3616 textus,
830 3556 925 3622 quem
948 3541 1078 3614 vocant,
1094 3509 1190 3600 totus
1212 3535 1255 3599 sit
1276 3555 1365 3600 men·

165 3661 257 3726 dosia
286 3664 319 3724 et
340 3656 424 3723 male
447 3659 532 3724 sanis
559 3656 750 3723 lectionibus
780 3656 976 3722 deformatus
1007 3655 1061 3721 sed
1090 3653 1160 3733 „od
1172 3655 1268 3738 fldem
1289 3661 1364 3719 vete

163 3805 236 3846 ram
259 3777 521 3844 mmtrcrmomss’
561 3777 658 3868 Piget
679 3797 732 3842 me
754 3778 947 3862 miseretque
968 3778 1090 3863 patriae
1112 3777 1290 3843 iuventutis
1307 3776 1365 3842 has

166 4153 276 4208 ioniae
292 4169 321 4202 ex
338 4153 485 4204 Archestrati
502 4152 628 4210 saniculae

405 4236 452 4284 καὶ
469 4235 571 4304 νεαροῦ
588 4233 709 4300 μεγάλου
728 4233 885 4285 TArlmrto
903 4233 932 4284 dr
949 4233 1032 4302 alpe
1049 4233 1117 4284 ὠνοῦ
1186 4234 1198 4246 “

407 4321 532 4386 κρανίον,
549 4317 583 4367 ἂν
601 4319 720 4368 ‘holder
739 4319 865 4384 πυμόιην
884 4315 975 4376 ἁψῖδα
995 4317 1121 4386 διφρεύῃ.

163 4418 243 4470 qam
263 4401 294 4450 Τ*
318 4399 453 4450 Adtento
471 4403 547 4468 legere
564 4401 664 4453 deberet.
