3178 4972
800 411 821 490 t

208 606 245 672 in
273 605 385 674 iisdem
410 607 522 676 eodem
548 608 641 676 modo
665 617 835 696 peccatur,
860 609 945 677 unde
969 609 1083 676 vitium
1108 609 1206 678 semei
1228 606 1403 698 deprehen·

207 737 288 783 sum
312 719 421 784 statim
447 717 598 804 arguitur
621 726 652 781 et
673 713 749 780 atini
770 713 961 782 delitescens
982 726 1012 782 et
1035 735 1072 782 ex
1095 735 1157 783 una
1179 716 1402 784 emendatione

208 833 395 890 naseuntur
413 819 671 912 compiuseuiae,
694 819 777 908 quod
800 841 860 888 uon
876 823 919 888 ita
934 822 1024 898 dieo,
1045 824 1137 909 quasi
1153 822 1204 890 illa
1219 825 1401 910 palaeogra-

208 927 308 1015 phiea
330 929 445 1016 peritia
466 930 564 997 bonas
584 936 616 995 et
638 947 730 994 veras
750 926 990 996 emendationes
1011 948 1124 1014 parere
1145 931 1264 1016 possit,
1288 927 1343 996 sed
1364 946 1401 994 ea

207 1033 401 1102 observandi
423 1034 623 1103 consuetudo
646 1042 678 1102 et
706 1032 850 1099 nonnihit
877 1035 996 1119 ingenii
1019 1034 1083 1100 viru
1099 1045 1258 1122 promovet
1273 1035 1401 1101 insitum

208 1149 266 1219 et,
298 1139 381 1226 quod
414 1144 591 1208 maximum
624 1149 690 1216 est,
721 1148 808 1205 certa
834 1147 865 1206 et
889 1139 1053 1226 eruderate
1075 1151 1106 1205 et
1132 1139 1301 1208 manifesta
1324 1140 1401 1206 dare

208 1243 303 1310 solet.
350 1245 546 1313 Etiamnunc
573 1244 666 1311 multi
691 1243 764 1310 boui
790 1245 850 1308 riri
877 1244 1023 1311 Criticom
1047 1247 1114 1312 sire
1135 1257 1236 1312 artem
1263 1249 1330 1312 sire
1356 1244 1402 1311 ia-

208 1349 367 1416 cultateur
400 1361 457 1417 aut
487 1352 625 1419 oderunt
645 1359 702 1416 aut
727 1369 788 1414 non
813 1357 923 1415 amaut
949 1352 1060 1437 utique
1085 1372 1143 1419 nec
1167 1353 1322 1440 probant.
1346 1371 1402 1418 su·

210 1456 342 1542 spiciosi
365 1459 473 1524 neseio
492 1457 651 1547 quomodo
670 1477 707 1523 ae
729 1455 826 1522 ueluti
849 1454 1096 1524 reformidantes
1114 1478 1153 1524 ne
1166 1459 1243 1546 quid
1256 1465 1403 1545 apportet

211 1563 291 1628 nrati
317 1565 357 1628 iis
379 1563 498 1641 moue,
518 1563 637 1650 quibus
662 1561 801 1630 rrraxime
825 1561 922 1627 satris
946 1562 989 1627 sit
1011 1583 1092 1648 orius
1115 1571 1147 1629 et
1167 1566 1299 1631 intactis
1316 1563 1401 1631 ittae·

209 1668 335 1754 sisque.
386 1669 505 1736 Horum
533 1670 625 1756 pauci
650 1667 780 1755 quidam
805 1676 882 1732 sunt
904 1665 1003 1734 durae
1026 1677 1058 1735 et
1080 1668 1251 1756 perfrictae
1263 1669 1400 1750 frontis,

209 1772 331 1860 quibus
358 1775 385 1838 si
415 1795 476 1841 non
500 1776 533 1840 in
555 1794 611 1840 ore
632 1782 680 1841 est
705 1783 738 1840 at
762 1775 852 1839 taciti
876 1793 985 1840 seeum
1011 1777 1154 1860 cogitant
1179 1775 1257 1842 iliud
1280 1775 1399 1842 Aristo·

206 1879 387 1966 pheneum:
418 1884 450 1948 od
483 1881 547 1963 γὰρ
575 1882 691 1954 πείσεις
715 1879 776 1947 οὐδ’
799 1879 834 1956 ἢν
858 1881 977 1962 πείσῃς.
1027 1881 1084 1946 itis
1105 1901 1164 1966 ego
1190 1902 1251 1948 non
1273 1882 1400 1948 duriter·

209 1985 269 2051 sed
295 2006 351 2072 per
373 1987 478 2053 iocum
504 1996 536 2054 et
560 1987 731 2054 subridens
757 1988 954 2073 reposuerim
979 1985 1102 2053 dietum
1125 1986 1285 2054 Droocurs:
1317 1987 1345 2054 εἴ
1363 2013 1400 2055 σε

208 2090 365 2172 ἐδυνάμην
388 2101 495 2160 τεῖσαι
518 2091 627 2160 {aaroni
650 2096 680 2160 r'
703 2091 742 2159 ev
763 2089 984 2171 ardetardet.
1017 2097 1058 2158 ut
1076 2092 1130 2158 atti
1151 2102 1227 2158 sunt
1246 2093 1399 2180 permulti

208 2196 431 2265 clementioris
453 2200 594 2285 ingenii,
619 2198 737 2286 quibus
762 2196 877 2264 Oritico
900 2196 1028 2276 sordet,
1055 2206 1090 2263 ut
1112 2218 1194 2284 quae
1218 2198 1262 2264 nii
1286 2196 1399 2265 afferat

208 2302 298 2389 quod
324 2315 449 2372 certum
473 2325 510 2371 ae
534 2304 648 2372 stabile
672 2307 715 2372 sit
739 2315 770 2370 et
797 2305 1014 2370 necessarium
1036 2314 1068 2370 et
1088 2304 1229 2370 evidens.
1262 2305 1318 2370 His
1338 2305 1399 2391 igi-

209 2418 268 2476 tur
289 2417 319 2476 et
339 2412 537 2498 quicumque
556 2419 666 2476 amant
686 2407 771 2496 quod
792 2429 903 2476 verum
923 2419 989 2488 est,
1018 2409 1399 2497 proponamemeudatio·

211 2534 271 2582 nes
306 2516 476 2582 nonnullas
508 2537 546 2584 ex
579 2536 644 2581 una
675 2514 851 2602 eademque
884 2515 1148 2605 palaeographica
1179 2515 1400 2584 observatione

212 2639 277 2687 non
310 2629 403 2688 natas
434 2620 507 2698 scd,
541 2624 588 2688 uti
617 2622 747 2708 opinor,
779 2629 845 2688 tam
870 2621 1050 2710 exploratas
1070 2630 1102 2689 ct
1128 2621 1338 2702 manifestas,
1364 2631 1398 2688 ut

212 2725 295 2792 nihil
317 2726 500 2794 desiderent
523 2726 608 2815 quod
634 2726 726 2793 fidem
752 2725 858 2794 iacere
883 2730 991 2814 possit.
1030 2727 1076 2793 Er
1097 2725 1320 2794 emendatione
1341 2728 1397 2793 iio·

209 2853 316 2913 amar,
341 2833 397 2920 qui
422 2834 455 2899 in
482 2835 593 2920 paucis
615 2851 713 2918 sagax
737 2839 769 2898 et
789 2832 900 2899 soliers
923 2831 985 2898 suit
1010 2832 1144 2898 criticus
1168 2841 1200 2898 et
1225 2833 1397 2898 sanitatem

210 2938 299 3006 iiiam
337 2938 539 3026 popularium
571 2945 695 3014 serrat,
732 2958 813 3024 quae
838 2938 882 3004 nil
910 2936 1042 3003 molitur
1066 2939 1187 3024 inepte,
1219 2937 1317 3004 vetuti
1342 2957 1398 3003 ne·

209 3057 299 3112 etam
323 3054 356 3112 et
379 3044 593 3132 suspendam,
618 3063 700 3131 quae
720 3043 830 3110 eadem
853 3045 999 3110 veritatis
1019 3042 1138 3109 indicia
1159 3052 1191 3110 et
1211 3044 1303 3130 signa
1323 3064 1399 3110 eon-

209 3151 348 3218 tineant.
395 3149 576 3236 legebatur
609 3149 692 3235 apud
731 3149 907 3216 Druuncumr
938 3161 1044 3217 eorrtro
1080 3150 1245 3238 Aristoqit.
1289 3152 1307 3236 §
1345 3155 1399 3218 m.

211 3277 245 3343 p.
281 3259 365 3336 137,
396 3261 439 3322 52
467 3255 626 3339 ratpodum
658 3255 702 3324 tet
737 3253 867 3324 eruerer
893 3293 936 3305 —
960 3258 1005 3336 pir
1029 3255 1186 3337 προδοῦναι
1208 3257 1264 3332 τὴν
1288 3257 1401 3323 aster

212 3361 267 3428 sai
298 3364 354 3439 siro
378 3361 494 3444 εὔορκον
517 3367 641 3444 ψῆφον,
683 3360 743 3442 Qut
769 3362 916 3427 criticam
941 3371 1158 3449 aspernantur
1180 3363 1264 3428 scire
1288 3381 1399 3448 perre-

212 3467 270 3533 iim
295 3466 585 3554 quaemadmodum
610 3467 666 3542 siro
688 3466 771 3532 detor
791 3471 917 3549 ψῆφον,
949 3467 1088 3534 diuinam
1113 3466 1258 3534 iudicum
1282 3477 1401 3534 recten

211 3575 291 3640 dom
320 3572 386 3639 diei
417 3580 474 3639 aut
497 3573 633 3659 eogitari
660 3590 751 3658 posse
774 3570 971 3640 existiment.
1020 3574 1166 3640 diuisurus
1189 3572 1400 3652 festinanter,

212 3687 250 3746 ut
281 3697 393 3766 saepe,
426 3679 545 3746 adirier
577 3677 780 3746 restituebat.
827 3676 986 3745 deruanus
1016 3678 1049 3744 in
1072 3679 1202 3745 Adoerr.
1228 3679 1253 3746 1.
1281 3699 1311 3766 p.
1337 3683 1401 3745 315

213 3786 266 3876 (ao
286 3783 361 3851 ride
385 3783 463 3870 quid
488 3785 567 3851 levis
591 3782 849 3851 eorrectiuncuia
873 3781 914 3849 ab
938 3794 1025 3852 certa
1045 3783 1269 3852 emendatione
1289 3781 1400 3870 distet)

212 3910 326 3958 rerum
349 3889 448 3958 vidit:
472 3893 528 3968 rio
547 3891 633 3958 drino
651 3927 697 3942 -·
715 3895 841 3973 ψῆφον,
861 3893 1057 3977 comparatis
1077 3889 1202 3957 duobus
1220 3889 1299 3956 loeis
1318 3887 1404 3974 apud

213 3997 457 4072 [iuuandarum.
485 3995 616 4087 (quibus
639 3995 822 4084 complures
843 3996 939 4074 aiios,
966 3998 993 4062 si
1014 3996 1128 4064 fuisset
1148 4016 1245 4084 opus,
1270 3994 1404 4062 adiecis-

213 4103 275 4191 set)
296 4102 403 4171 hisee:
428 4105 460 4168 in
482 4101 641 4170 Midiuuoe
664 4102 866 4191 peroratione
885 4121 915 4188 p.
937 4107 1017 4170 tut.
1039 4106 1094 4180 siro
1114 4103 1201 4169 tator
1218 4101 1270 4168 nat
1283 4101 1406 4169 diarriae

214 4208 332 4288 θέμενοι
363 4215 472 4292 ψῆφον
500 4209 710 4290 τιμωρήσασθε
734 4213 857 4285 τοῦτον,
889 4216 920 4274 et
946 4226 983 4274 ex
1009 4211 1153 4275 oratione
1178 4209 1210 4274 in
1235 4205 1353 4292 Eoerp.
1378 4215 1406 4272 et

214 4313 347 4383 Moeno.
377 4334 408 4402 p.
442 4318 519 4382 tot.
551 4315 637 4381 doloro
658 4314 710 4380 aad
736 4315 858 4382 drosaico
883 4313 957 4394 ὑπὲρ
980 4315 1063 4394 ὑμῶν
1086 4316 1187 4381 αὐτῶν
1210 4311 1328 4379 τίθεσθε
1351 4313 1406 4387 τὴν

215 4424 335 4505 ψῆφον.
384 4417 548 4488 Videtisne
572 4421 675 4507 ipsam
700 4420 838 4489 oratoris
860 4439 992 4487 uranum
1017 4422 1072 4498 siro
1093 4428 1225 4488 OCIAN
1245 4417 1406 4506 pellueeu.
