3178 4972
778 421 798 490 5

188 619 227 684 in
240 617 343 685 reteri
356 616 519 704 scriptura
532 613 580 680 nil
591 611 765 688 differunt,
786 618 823 678 ut
836 609 1007 682 llrsrcnrua
1020 612 1052 680 in
1064 613 1211 682 ordinem
1226 613 1384 702 receperit

189 725 316 801 ἒνιηλᾶν
327 744 387 812 pro
398 723 532 816 ἐνικλᾶν,
550 720 628 804 iprae
641 739 698 806 pro
710 727 800 802 κρῖνε.
817 725 848 784 et
861 731 1010 788 sexcenta
1024 717 1257 788 eiusdemmodi
1271 728 1304 787 et
1317 720 1386 809 ipse

190 838 227 897 et
257 831 354 896 ceteri
380 827 614 918 peccaverint,
631 827 747 911 arripit
770 823 969 893 confidenter
992 827 1183 895 vocabulum
1210 826 1385 915 quodlibet.

191 935 269 1012 ‘ride
299 938 374 1022 quia
405 933 504 1002 scribi
537 931 658 1000 solebat
689 915 743 998 ’ἶὸ
772 951 1013 1018 nonnumquam
1038 935 1071 1000 in
1097 931 1130 1010 ὑς
1153 932 1254 1011 abiit,
1285 933 1387 1000 seurel

191 1041 263 1110 vidi
289 1063 360 1107 suec
383 1039 416 1106 in
440 1039 671 1128 filioosomilicc
693 1057 865 1106 conversos
892 1037 976 1126 apud
1002 1043 1153 1108 boonaco.
1189 1038 1268 1106 Lea.
1293 1037 1387 1106 Hom.

192 1169 227 1236 p.
260 1151 332 1215 132.
365 1167 394 1212 v.
427 1144 633 1228 ὑννιιιτιρὺητι.
683 1142 774 1231 Apud
808 1142 930 1211 Seiron
964 1145 1134 1212 Enrtmcmr
1167 1147 1240 1214 ndo.
1275 1145 1388 1212 Gram-

193 1263 274 1320 mot.
298 1252 380 1321 Vlll.
409 1255 427 1338 ς
452 1256 506 1320 oa.
532 1250 596 1317 aidi
618 1249 767 1316 librarios
792 1271 848 1339 pro
870 1250 920 1334 ρὑ
944 1251 1066 1329 ὑλήεντι
1089 1254 1216 1334 ὑψηλῶν
1238 1252 1324 1334 ὀρέων
1348 1271 1387 1319 ex

193 1366 545 1426 ΤΨΗΑΩΝΟΡΕΩΝ
570 1354 731 1424 effinxisse
754 1357 863 1439 ὑψηλῷ
887 1364 988 1439 acaprio
1011 1366 1042 1425 et
1067 1359 1111 1425 ita
1136 1355 1293 1426 edebatur
1313 1365 1388 1424 ante

195 1465 375 1532 Faerrctnrr.
426 1462 549 1531 Addam
584 1483 684 1529 unum
709 1461 890 1549 exemplum
917 1460 1115 1530 incredibilis
1139 1462 1388 1550 incogitantiae,

195 1589 281 1658 quae
302 1571 389 1636 viros
412 1568 522 1636 doctos
546 1567 732 1636 ioculariter
752 1567 875 1635 ieieltit.
923 1569 1037 1636 Exstat
1062 1568 1208 1637 Scholion
1233 1569 1388 1638 eximium

195 1676 238 1744 ad
274 1675 385 1763 Odprc.
412 1700 446 1756 η.
473 1681 509 1742 71
538 1694 577 1741 ex
606 1677 787 1741 tnrsruncnr
812 1677 1055 1742 commentariis
1078 1673 1239 1753 ιιὺτνλεξεὶ
1265 1675 1385 1742 descri-

197 1792 309 1871 ptum:
338 1820 383 1832 -
414 1781 568 1849 ὑοτέονὺὲ
591 1781 634 1863 τῷ
658 1790 767 1864 ποιητῇ
790 1780 834 1846 rol
857 1785 999 1848 τονιιὺτιι.
1025 1781 1077 1848 eal
1101 1782 1166 1865 γὰρ
1190 1785 1257 1850 νῦν
1282 1781 1388 1872 (scrib.

195 1887 258 1957 οὖν.
282 1889 398 1954 inserit
423 1887 635 1974 terruimus)
656 1886 750 1954 αὑτὸν
775 1885 912 1968 παράγει
937 1886 1057 1964 εἰδότα,

291 2005 296 2014 ’
374 1993 462 2061 ἄλλά
485 2018 537 2073 μοι
560 1995 626 2077 εἴφ’
648 1991 708 2070 ὑτη
733 1993 827 2078 ἔσχες
849 1995 900 2060 tta
922 1991 1052 2074 sternte
1075 2001 1144 2070 νῆιν.

198 2099 253 2168 καὶ
277 2099 410 2175 τννὺητιν
432 2101 600 2178 Ἑλληνίδα
621 2101 792 2184 parim
822 2101 1031 2166 trasumenus
1049 2101 1224 2188 scripserat
1245 2118 1307 2166 non
1326 2102 1393 2186 νὺν,

197 2207 332 2296 opinor,
357 2205 458 2274 multo
481 2207 591 2286 narinus
614 2203 680 2285 oda,
701 2205 757 2272 sed
777 2209 884 2274 νιιὺν.
921 2206 1061 2272 lotorum
1083 2205 1185 2291 igitur
1206 2203 1389 2272 scribarum

199 2314 331 2380 inscitia
363 2312 536 2378 coniuncta
563 2331 639 2378 cum
671 2313 881 2398 incogitantia
901 2321 933 2379 et
953 2311 1115 2390 socordia,
1138 2309 1264 2399 qualem
1285 2319 1389 2377 osten·

200 2419 327 2496 dimus,
360 2426 529 2504 grassatur
559 2436 617 2506 per
648 2436 761 2484 omncs
788 2419 927 2505 scriptos
959 2416 1057 2483 libros
1080 2417 1196 2484 aetatis
1215 2415 1389 2485 cuiuslibet

200 2533 234 2592 et
266 2545 326 2613 pro
349 2524 488 2592 dirersis
517 2523 716 2610 temporibus
746 2523 937 2611 diversoque
959 2542 1048 2590 ruore
1078 2523 1240 2590 scribendi
1266 2522 1392 2590 diversa

200 2651 322 2718 genera
346 2630 430 2697 indit
455 2649 621 2710 errorum,
646 2633 679 2696 in
703 2631 821 2718 quibua
843 2649 943 2718 quum
969 2633 1011 2697 sit
1032 2629 1190 2718 quaedam
1211 2630 1392 2697 constantia

201 2745 235 2804 et
266 2735 365 2804 vetati
399 2755 524 2814 norma,
561 2735 709 2822 sequitur
741 2745 776 2803 ut
807 2735 954 2804 medendi
987 2755 1116 2824 quoque
1144 2743 1176 2803 et
1200 2734 1392 2802 emendandi

200 2841 359 2930 quaedam
381 2863 452 2910 cese
475 2839 590 2909 debeat
612 2842 776 2929 analogia.
803 2850 999 2930 quapropter
1022 2861 1149 2909 omnem
1177 2839 1260 2907 banc
1283 2840 1391 2929 dispu-

201 2951 357 3016 tationem
382 2949 521 3035 ingreasi
543 2967 670 3015 sumus.
707 2948 742 3014 ln
766 2968 804 3014 ea
828 2969 864 3015 re
888 2948 947 3014 boc
972 2950 1112 3037 primum
1133 2949 1392 3018 animadverten-

199 3053 279 3122 dum
300 3064 349 3122 est
370 3054 552 3121 scribarum
571 3073 717 3134 errores,
743 3075 808 3140 quo
820 3055 886 3121 sint
898 3054 1118 3142 antiquiores,
1142 3077 1179 3148 eo
1192 3057 1391 3146 simpliciore

198 3173 233 3228 et
254 3157 394 3229 certiore
415 3159 573 3228 medicina
596 3180 686 3248 posse
702 3161 780 3226 tolli.
806 3159 956 3228 Nondum
978 3171 1148 3246 grassatur
1169 3165 1341 3232 temeraria
1359 3171 1392 3232 et

201 3266 374 3355 impudens
398 3265 620 3361 interpolatio,
645 3267 787 3333 nondum
812 3265 894 3333 male
914 3265 1016 3334 seduli
1041 3277 1240 3338 correctores
1261 3289 1320 3337 suo
1340 3289 1393 3336 ar·

201 3373 325 3441 bitratu
355 3373 441 3461 quod
472 3392 534 3439 non
565 3374 646 3439 satis
667 3373 801 3460 capiunt
824 3371 957 3439 delendo
977 3382 1035 3440 aut
1058 3374 1203 3442 addendo
1227 3376 1391 3462 relingunt

200 3480 392 3566 etantiqua
417 3481 598 3566 scripturae
623 3481 760 3566 vestigia
783 3480 891 3546 omnia
915 3477 1121 3547 conturbant.
1154 3481 1294 3549 Litterae
1315 3502 1391 3569 quc·

201 3586 312 3654 drame
331 3587 401 3654 cive
420 3585 577 3663 dedoleo.
603 3595 638 3654 ut
657 3605 742 3652 nunc
762 3583 950 3674 pervulgato
972 3604 1031 3652 usu
1044 3586 1248 3674 appellantur
1262 3589 1294 3669 ¹,
1315 3607 1393 3655 ocu·

239 3900 267 3965 l)
301 3895 418 3949 litterar
441 3899 552 3953 andater
576 3901 643 3968 apud
667 3899 820 3966 antiquiores
841 3915 894 3951 nno
918 3907 1017 3952 mutum
1041 3902 1112 3964 loco,
1145 3905 1213 3970 quod
1238 3904 1328 3966 eclam,
1352 3919 1396 3956 no·

204 3983 336 4034 minantur
361 3981 529 4034 nundum
555 3984 581 4033 in
607 3983 717 4034 Praeiut.
742 3983 775 4033 ed
797 3983 888 4034 librnin
911 3981 968 4034 lobi
991 3983 1142 4048 uchenat,
1173 3985 1269 4052 inquit,
1292 3986 1336 4051 qui
1357 4002 1397 4036 no·

205 4063 272 4126 lunt,
304 4071 401 4114 netem
430 4063 506 4115 libror
536 4063 576 4115 vel
602 4064 631 4124 Ιιἰι
660 4065 802 4114 membranis
829 4066 967 4132 purpureis
998 4082 1059 4116 curo
1084 4075 1233 4134 arpentoqae
1259 4065 1397 4134 descriptor
1516 4085 1524 4100 ·

204 4145 245 4196 oei
274 4145 432 4208 uncialibus,
463 4155 491 4196 at
521 4145 593 4213 culpo
623 4145 708 4208 munt,
735 4145 824 4198 litteris
849 4163 925 4197 onera
951 4149 1029 4215 anapia
1055 4157 1162 4199 moratu
1187 4165 1260 4214 ᾳιιαννι
1286 4148 1397 4210 codices,

206 4225 332 4279 modo
364 4227 424 4279 atti
455 4229 563 4294 meisque
592 4229 740 4296 permittant
769 4233 897 4296 pduperec
930 4229 1018 4281 dobere
1050 4230 1182 4282 schedulae
1215 4240 1239 4282 et
1271 4247 1317 4282 noa
1349 4239 1399 4282 tom

204 4309 324 4378 paledros
356 4309 452 4362 codices
483 4327 557 4376 quam
586 4309 737 4372 anecdotor,
768 4325 845 4377 quem
872 4313 956 4364 locum
981 4314 1025 4379 qni
1050 4313 1113 4364 mibi
1138 4314 1259 4364 indicavit
1284 4315 1401 4364 Ecunnn

208 4400 278 4446 recte
304 4392 416 4459 explicat
441 4394 537 4444 littorea
561 4393 687 4454 unciales,
723 4391 791 4458 quod
813 4392 929 4445 luberent
950 4395 1037 4446 uncina
1061 4411 1104 4446 ceu
1126 4395 1229 4462 pollicis
1255 4395 1402 4462 caecitudi-

209 4491 276 4539 ma,
294 4476 320 4527 in
338 4471 430 4530 Doctr.
446 4473 547 4527 Narem.
565 4476 601 4527 V.
618 4489 643 4541 p.
661 4480 686 4527 4.
