3208 4972
785 363 856 438 220

224 559 342 642 ώγοριδν
359 557 501 642 βαδίζει,
525 561 683 628 imovero
706 559 921 640 διηγουμένων.
968 557 1005 626 111
1032 558 1177 625 Cicerone
1200 575 1293 644 capp.
1318 559 1360 623 19
1383 561 1416 621 et

225 669 279 732 27.
300 665 452 746 ἐξανέγνω
475 675 508 733 et
531 665 753 748 ἐξαναγνόντος
770 663 960 752 corrigenda
979 670 1057 729 sunt
1081 665 1113 728 in
1131 662 1279 742 διανέγνω
1299 670 1332 728 et
1349 661 1417 727 δια-

224 768 408 850 ναγνέντος,
432 778 465 838 et
489 772 521 837 in
556 757 668 839 Gotorco
697 773 816 840 minore
845 791 916 858 cap.
935 775 991 838 68.
1016 767 1206 849 έξαναγνοὺς
1229 768 1264 834 τδ
1288 766 1416 848 βιβλίον

227 879 258 943 in
283 877 484 956 διαναγνοὺς.
509 897 574 964 quo
596 875 680 945 tacto
704 877 837 944 verbnm
858 877 1174 957 έξαναγιγνώοιιεινε
1196 874 1322 942 Lexicis
1345 873 1415 939 exi-

227 982 379 1050 mendum
403 1002 473 1050 csse
497 1003 622 1051 censeo.
672 983 708 1050 ln
733 983 895 1050 Alcibiade
918 988 952 1050 o.
978 1003 1036 1070 pru
1059 975 1286 1064 έξηιιορηώηοαν
1311 977 1415 1045 scribo

225 1089 443 1170 διητορνὶέηοαν
462 1097 494 1157 et
518 1109 588 1177 cap.
606 1094 658 1156 37.
683 1089 831 1172 διέφυγον
851 1109 907 1178 pro
927 1089 1089 1172 ἐξέφυγον.
1137 1087 1174 1155 ln
1198 1085 1413 1170 Liccuttccap.

230 1201 281 1262 it.
305 1194 375 1281 lege
394 1195 515 1272 διεοώέη
532 1215 590 1284 pro
610 1193 738 1272 ἐξεσώθη
758 1204 789 1262 et
811 1196 842 1260 in
867 1197 963 1261 Arcto
981 1216 1050 1283 cap.
1073 1199 1123 1262 15.
1146 1215 1206 1282 pro
1222 1195 1379 1276 διήλειψεν
1397 1191 1413 1256 ὃ

226 1301 374 1379 Νεώλιιης
396 1303 448 1370 τὸν
467 1303 666 1385 ’λρίτρατνν,
687 1301 762 1388 quia
786 1321 880 1366 nemo
898 1301 1050 1383 διαλεέφω
1071 1299 1199 1366 dicebat
1223 1298 1277 1366 sed
1303 1315 1415 1364 omnes

225 1405 402 1491 ἐξαλείφω,
434 1406 569 1475 emenda
599 1405 771 1486 distractior.
807 1426 845 1473 ne
874 1404 956 1474 iurte
987 1407 1099 1474 credas
1125 1406 1303 1472 Pnurmean
1325 1401 1412 1470 aliud

226 1515 439 1602 compositum
464 1533 561 1602 quam
587 1515 724 1580 caeteris
747 1510 897 1580 omnibus
918 1512 1075 1600 placuisse
1095 1510 1316 1578 animadverte
1328 1507 1413 1598 quud

226 1620 381 1687 continuo
404 1621 566 1707 sequitur:
598 1619 669 1694 τοὺς
700 1618 733 1684 δέ
764 1617 862 1693 τέδας
889 1618 1128 1703 ἐξαλειφομένου
1150 1623 1204 1684 τοῦ
1233 1615 1413 1699 Ἀριερώτου

226 1725 384 1792 διαλαθεῖν
419 1727 477 1794 aaa
506 1727 541 1793 τδ
572 1722 660 1810 ώρμα
690 1724 844 1804 λέγουσιν.
891 1725 927 1792 in
961 1728 978 1809 §
1009 1731 1060 1792 17.
1090 1723 1214 1805 coetae
1242 1728 1295 1790 aci
1320 1723 1414 1803 μηδὲν

226 1831 313 1915 aia-ac
348 1835 487 1914 φλαῦρον
521 1833 587 1898 iaci
626 1829 723 1908 δεξιοῦ
759 1833 990 1897 Anrsrnraanmr
1025 1829 1180 1898 describit
1214 1829 1297 1898 Neo.
1335 1833 1412 1895 853.

227 1937 350 2017 εὐςέμει
380 1937 440 2004 Καὶ
470 1939 566 2018 μηδὲν
598 1937 687 2022 εέτης
716 1941 856 2021 φλαῦρον
887 1935 999 2020 ἄνδρας
1020 1935 1154 2016 δεξιούς,
1178 1934 1264 2003 unde
1286 1934 1414 2019 corrige

227 2044 309 2120 θεοὺς
348 2043 473 2123 δεξιούς.
521 2043 664 2130 [denique
701 2045 732 2109 in
771 2046 788 2129 §
820 2047 874 2110 21.
910 2045 1063 2126 τριβώνιον
1100 2042 1180 2127 έχων
1215 2041 1413 2122 τολώοαέρον.

227 2169 375 2237 expungo
408 2169 445 2217 ex
476 2149 603 2216 Lenicis
634 2151 823 2232 condoctior
855 2159 888 2217 et
919 2151 1055 2218 restitue
1091 2169 1130 2216 ax
1166 2149 1292 2236 Dictae.
1318 2147 1411 2214 Mart.

229 2257 269 2323 Χ.
303 2262 331 2322 1.
357 2259 387 2322 2.
412 2253 526 2338 γέρων,
550 2249 733 2340 φαλαιιρδς,
763 2257 916 2339 τριβώνιον
938 2255 1019 2339 έχων
1042 2257 1223 2337 τολώέυρον,
1249 2252 1281 2319 id
1307 2256 1413 2341 ipsum

227 2360 312 2450 quod
338 2360 522 2448 descripsit.
570 2360 632 2442 Qui
663 2361 812 2449 seqnitur
843 2361 967 2430 libellus
997 2363 1170 2445 Χαρίδημος
1200 2361 1217 2439 ἢ
1242 2361 1309 2444 τερι
1333 2359 1414 2426 κώλ-

226 2481 297 2542 λους
323 2468 398 2534 item
421 2466 579 2534 insulsum
601 2477 632 2535 et
652 2469 817 2534 inficetum
837 2477 1003 2535 auctorem
1023 2468 1128 2536 habet.
1177 2467 1210 2534 Si
1231 2465 1309 2554 quid
1330 2467 1414 2532 inest

227 2575 317 2654 boni,
352 2572 546 2661 inpudenter
576 2573 774 2662 descriptum
800 2583 849 2641 est
878 2595 917 2642 ex
950 2576 1105 2643 lancearis
1138 2573 1287 2640 Eacomio
1322 2571 1413 2638 Hede-

224 2702 292 2748 ucc.
342 2680 469 2768 Raptim
507 2679 584 2748 haec
615 2681 742 2767 corrige
780 2685 797 2767 ς
833 2688 883 2748 11.
918 2681 1038 2749 teodoro
1070 2680 1171 2748 καλαέ
1204 2699 1262 2768 pro
1293 2677 1415 2746 ώιιοώειν

225 2784 302 2856 εέναι
325 2789 437 2856 καλαέ.
463 2791 558 2876 514.
584 2787 676 2867 δόξαν
708 2787 896 2870 τροτώττειν
920 2808 976 2875 pro
1000 2786 1158 2870 τροοέγειν.
1186 2789 1204 2873 §
1230 2793 1413 2853 111.ιιετιι-

225 2895 336 2978 ρῖοτώαι
361 2894 612 2981 praesancta.
638 2897 655 2978 §
685 2897 734 2960 16.
760 2893 873 2974 duricia
897 2913 955 2981 pro
983 2893 1116 2973 ηγώοώη.
1143 2897 1160 2980 §
1184 2897 1237 2959 δι.
1263 2893 1413 2969 έτιώηοεις

227 3020 284 3088 pro
305 3001 432 3084 έτιέώοη
454 3007 487 3064 et
512 3002 529 3084 §
550 3003 604 3064 22.
628 2997 688 3066 ώοα
708 3023 759 3077 μοι
784 2998 867 3066 δοκεῖ
886 3019 943 3086 pro
966 3001 1052 3067 δοιιώ.

271 3107 307 3173 ln
331 3105 453 3172 Νονοιιο
478 3107 535 3180 79,
561 3109 592 3170 7.
616 3105 721 3171 scribe
740 3103 844 3187 γελώη
871 3124 927 3190 pro
950 3113 1050 3186 γελῶν
1072 3105 1136 3182 εέη,
1161 3114 1194 3172 et
1221 3112 1412 3193 postpauca

225 3213 279 3279 οὐκ
302 3213 446 3293 ώτοχρών
467 3217 506 3293 τῇ
529 3210 643 3295 σπονδῇ
666 3230 725 3298 pro
748 3213 801 3279 οώνι
824 3214 968 3295 οξτοχρών
993 3237 1050 3280 τον
1073 3214 1120 3292 δώ.

272 3317 425 3403 Siquam
453 3314 533 3383 torte
558 3316 648 3382 iterat
678 3317 740 3382 ista
764 3318 910 3384 carmina
936 3318 1061 3405 tegere,
1086 3337 1170 3407 qnae
1198 3337 1215 3384 a
1241 3313 1414 3404 poetastris

224 3422 498 3510 Constantinopoli
518 3425 694 3511 composita
709 3423 876 3491 Lucianeis
891 3428 997 3492 nescio
1010 3425 1168 3514 quomodo
1184 3421 1414 3499 adhaeserunt,

225 3530 338 3598 autin
363 3529 550 3618 Αιοιέιοέορέυ
575 3529 698 3596 Luciam
719 3532 828 3596 nescio
851 3531 945 3598 euius
969 3551 1040 3598 esse
1060 3531 1230 3608 dicuntur,
1255 3529 1337 3595 dabo
1361 3527 1415 3594 hic

226 3637 291 3704 iiiic
316 3637 410 3725 paulo
433 3635 663 3704 emendatiora.
689 3642 733 3704 80
755 3657 801 3704 vs.
824 3641 898 3704 112.
924 3657 980 3724 pro
1004 3639 1117 3719 κώρωνα
1136 3638 1263 3723 corrige
1279 3634 1413 3718 κοχώνα.

226 3742 347 3811 Nomen
377 3743 419 3810 τδι
450 3745 574 3824 κοχώνα
605 3763 799 3811 noveramus
826 3763 864 3809 ex
898 3745 1118 3810 darsmrairus
1145 3743 1266 3831 Equiti.
1291 3747 1357 3810 111
1381 3749 1415 3808 et

228 3854 305 3918 181.
330 3869 400 3916 esse
423 3850 467 3916 τοὶ
495 3850 729 3933 σφαιρώματα,
753 3858 790 3917 ut
819 3850 966 3916 Graeculi
998 3849 1164 3929 dicebant,
1189 3859 1287 3916 natea.
1337 3848 1414 3914 iice-

226 3956 386 4023 tissimam
412 3953 451 4021 de
472 3955 531 4022 hoc
551 3955 703 4024 rucabuin
722 3958 961 4023 annotationem
986 3955 1135 4023 Ελοτιλινι
1158 3955 1263 4043 reperi
1284 3955 1317 4019 in
1342 3955 1413 4019 cod.

229 4061 376 4128 Vaticano
407 4065 491 4140 277,
524 4081 620 4148 quam
657 4082 760 4150 unirer
794 4081 869 4128 cuni
906 4066 1024 4130 ceteris
1053 4063 1199 4128 Enormm
1223 4059 1415 4146 fragnrentis

225 4165 325 4234 edidit
357 4165 407 4233 uir
429 4165 771 4236 doctissumorum.
808 4168 973 4236 Laudatur
997 4168 1041 4235 ibi
1059 4167 1197 4242 Εὔπολις
1220 4168 1251 4233 έν
1269 4163 1413 4244 Κέλαξιν.

544 4275 597 4342 καὶ
623 4275 765 4348 έτινιινεῑς
788 4283 861 4350 ταῖς
883 4275 1036 4359 κοχώναις

542 4382 596 4448 καὶ
620 4382 733 4456 asidera
753 4378 814 4448 ἄνω
835 4381 942 4457 σκέλη.

223 4484 338 4552 vitiose
361 4486 481 4573 scripta
505 4505 579 4574 pro:
