3136 4966
719 373 785 444 581

157 567 304 649 καζεοναι
330 566 483 636 exhibent
507 580 538 636 et
563 575 655 634 vetus
679 568 818 653 scriptor
840 565 922 631 nihii
946 565 1031 631 dicit.
1068 561 1239 633 Ostendam
1267 562 1348 629 mui-

157 676 199 740 tis
221 674 260 740 ad
288 673 480 754 hihanium,
507 673 561 741 sed
587 694 649 740 non
672 695 723 740 mo
743 671 891 738 contineo
910 671 987 757 quin
1007 689 1106 738 arnum
1128 670 1239 737 saltem
1262 689 1348 734 rauna

155 799 353 868 expromam.
391 780 425 846 ln
453 779 665 866 Theophrasti
692 779 845 844 Charactt.
870 797 939 863 cap.
966 775 1067 843 XXVI
1091 778 1105 843 δ
1129 776 1343 858 ὀλιγαρχικός,

155 888 362 972 importunus
387 885 502 966 dromo,
531 885 604 950 talia
632 885 725 951 iacit:
753 884 805 950 δια
826 882 897 956 τοὺς
921 881 1122 963 συκοφάντας
1143 885 1196 949 οὐκ
1216 881 1347 959 οῐκιρτέον

158 993 232 1080 (leg.
258 990 389 1082 aiunrdu)
415 993 476 1062 ἒςιν
504 993 535 1057 ἐν
557 1001 596 1072 τῇ
621 989 727 1056 πόλει.
752 999 803 1056 et:
832 992 861 1054 ἐν
885 997 947 1060 τοῖς
972 987 1152 1068 δικαςκρίοις
1176 989 1259 1057 δεινοὶ
1284 985 1345 1054 τοὶ·

157 1121 276 1178 τχομεν
300 1097 356 1163 dni
386 1102 444 1163 τῶν
468 1095 681 1178 δικαζομένων.
719 1095 757 1161 ln
780 1094 920 1161 editione
945 1095 1067 1160 recenti
1092 1092 1187 1160 homo
1211 1092 1344 1172 doctus,

156 1205 250 1268 cuius
281 1221 395 1269 nomen
427 1202 510 1268 οὐδὲν
541 1201 801 1281 δέομαι-λέγειν,
834 1200 955 1286 recepit
985 1200 1014 1274 iu
1050 1205 1174 1266 textum
1207 1201 1264 1266 ὑπὸ
1288 1207 1346 1266 τῶν

157 1305 347 1388 δικαζόντων.
391 1305 528 1374 Dehisce
565 1307 642 1372 mihi
678 1307 736 1372 ύτδ
768 1313 826 1372 τῶν
857 1303 1075 1386 δεκαζομένων
1108 1325 1178 1372 csse
1211 1303 1345 1372 aeruna?

158 1413 377 1491 Accusatores,
403 1413 529 1499 inquit,
556 1412 804 1493 calumniantur,
829 1412 946 1480 iudices
966 1411 1087 1477 creantes
1107 1421 1188 1477 strati.
1226 1410 1286 1476 Sed
1307 1410 1346 1475 ad

159 1517 345 1605 Euripidem
372 1517 466 1584 redeo
771 1563 775 1572 -

207 1623 239 1689 in
266 1622 423 1690 Alcestide
446 1645 492 1690 rs.
520 1629 596 1692 719.
624 1622 678 1690 ubi
707 1621 834 1689 choros
857 1623 999 1689 dixerat:

361 1732 482 1796 παῦσαν
506 1728 560 1808 δέ,
584 1728 722 1812 πρέσβυ,
749 1730 852 1796 παῖδα
876 1729 928 1794 σὸν
951 1731 1142 1812 acropatus.

160 1835 294 1922 reponit.
310 1833 465 1902 admetus
489 1834 640 1901 ferociter
664 1845 696 1900 ct
722 1836 903 1901 noinacitcr:

363 1941 435 2021 λέγ’
457 1943 496 2015 ὡς
521 1941 596 2019 ἐμοῦ
619 1939 777 2017 λέξαντος.
803 1943 827 2005 ai
852 1942 878 2006 δ’
897 1943 1015 2020 ’ἀλγεῖς
1039 1941 1138 2011 κλύων

362 2049 493 2123 τάληθὲς
517 2049 549 2112 οὐ
572 2053 652 2130 χρῆν
676 2050 705 2112 τ’
728 2049 770 2121 εἷς
792 2046 843 2127 ἔμ’
867 2045 1102 2128 ἐξαμαρτάνειν,
1257 2129 1264 2134 Ι

160 2152 214 2219 sed
242 2152 337 2239 periit
362 2152 440 2219 dicti
466 2153 645 2231 sententia,
671 2172 753 2239 quae
776 2163 885 2219 tamen
911 2155 1053 2220 revocari
1077 2156 1204 2241 poterit.
1235 2155 1348 2242 Requi·

161 2260 247 2324 citur
266 2257 413 2325 suturam
437 2279 495 2346 pro
515 2257 663 2336 λέξαντος
684 2269 714 2324 et
737 2261 916 2346 requiritur
937 2260 1067 2325 verbum
1086 2279 1161 2326 acre
1179 2270 1209 2326 ct
1228 2263 1348 2327 utinen.

160 2365 244 2445 Quin
270 2364 371 2450 igitar
392 2363 604 2478 emendamus
965 2361 968 2366 ’

442 2469 516 2550 λέγ’
542 2472 580 2543 ὥς
604 2471 679 2549 ἐμοῦ
704 2469 985 2538 ’ΛΕΓΞΟΝΤΟΟ

206 2575 268 2656 Qui
298 2574 435 2642 Graecos
466 2575 598 2642 Codices
629 2576 790 2642 triverunt
819 2593 879 2640 non
906 2587 981 2642 sont
1007 2577 1105 2642 nescii
1130 2597 1226 2662 qnam
1252 2579 1349 2668 saepe

158 2681 250 2760 λέξαι
274 2691 305 2748 et
330 2681 458 2762 ἐλέγξαι
483 2682 568 2748 inter
590 2702 624 2749 se
648 2681 898 2748 couhmdantur.

208 2787 243 2852 ln
269 2787 425 2854 Alcestidc
449 2809 494 2854 aa.
522 2793 597 2854 571.

343 2896 494 2970 κατῆλθον
516 2893 556 2960 iu
580 2896 635 2962 uui
657 2894 695 2974 μ’
718 2895 777 2960 oda’
801 2896 815 2960 ὂ
837 2896 1013 2970 Πλούτωνος
1037 2895 1113 2962 κύων

344 3001 404 3067 odt’
431 3001 498 3067 οὑπὶ
523 3002 608 3085 κώτρ
632 3000 842 3081 ψυχόπομτος
866 3000 904 3066 ἂν
929 3003 1032 3084 Χάρων

343 3103 436 3190 ἔσχον
459 3107 526 3189 πρὶν
549 3109 592 3180 ric
616 3105 687 3190 Φῶο
706 3107 757 3171 τὸν
781 3115 960 3182 καταντῆσαι
983 3108 1063 3186 βίον.

162 3212 226 3279 duo
250 3211 281 3278 in
306 3210 356 3276 his
380 3213 458 3278 vitia
480 3213 607 3279 insunt:
638 3231 739 3298 neque
764 3213 850 3278 enirn
875 3211 980 3295 Χοίραν
1004 3233 1062 3278 sao
1087 3215 1214 3280 nomino
1238 3215 1346 3302 appet-

162 3318 222 3384 iari
247 3315 400 3395 debehat,
426 3337 529 3404 neque
552 3318 620 3397 {ilar
645 3337 758 3384 sanum
783 3326 842 3383 ast.
879 3319 1045 3384 Sententia
1069 3327 1116 3384 est
1141 3319 1208 3401 cpia
1232 3331 1281 3386 ce
1304 3322 1346 3394 εἷς

162 3430 229 3508 φῶς
252 3432 449 3502 mancione,
478 3422 534 3490 sed
556 3443 614 3510 pro
637 3425 671 3489 οὲ
696 3443 758 3489 non
783 3431 909 3510 poterat
932 3423 1040 3491 dicere
1062 3425 1113 3490 τδν
1134 3425 1210 3502 βίον.
1248 3427 1345 3505 Erat,

164 3529 279 3609 credo,
302 3530 418 3596 lacuna
443 3530 474 3594 in
502 3531 671 3616 utriusque
696 3529 815 3594 senarii
842 3530 923 3594 fine:

391 3635 452 3704 οὔθ’
476 3635 544 3702 οὑπὶ
568 3637 654 3718 carp
676 3635 888 3716 ψυχότομτος
912 3635 951 3701 ἂν
965 3636 981 3668 ⁴
995 3636 1011 3669 ⁴

391 3739 485 3826 ἔσχον
506 3743 572 3824 πρὶν
596 3742 639 3814 εἰς
661 3747 728 3824 φῶς
752 3741 803 3806 τὸν
827 3750 1006 3816 aurariam
1022 3741 1036 3774 *
1051 3743 1078 3807 ⁴.

166 3847 242 3936 qaid
262 3856 312 3915 est
331 3847 435 3933 igitur
456 3845 669 3933 explendam?
703 3847 739 3912 ln
761 3847 866 3932 priore
885 3845 995 3927 γέρων,
1023 3856 1055 3912 ιιι
1076 3846 1199 3913 Charon
1221 3847 1349 3915 dicatur

164 3953 233 4020 otiari
265 3957 350 4037 κώτρι
381 3953 592 4036 ψυχάν-ομπος
624 3951 738 4034 γέρων,
764 3953 795 4016 in
821 3953 961 4018 secundo
985 3951 1102 4030 δέμας,
1126 3963 1157 4019 ct
1180 3954 1231 4020 τὸν
1252 3955 1349 4034 δέμας

166 4079 261 4147 quam
296 4066 382 4126 recte
414 4079 471 4145 pra
501 4058 535 4124 τέ
565 4057 708 4135 dicatur,
742 4059 815 4144 quis
847 4067 893 4124 est
928 4058 1137 4143 Tragiaarurn
1171 4058 1270 4125 tector
1294 4061 1348 4146 qui

168 4164 311 4232 nesciat?
349 4163 403 4229 Sic
427 4164 461 4230 in
485 4162 666 4230 Phoenissis
688 4162 809 4229 dicitur
833 4184 877 4229 vs.
901 4168 975 4230 700.
1000 4165 1051 4229 οδν
1070 4164 1166 4243 δέμας
1188 4166 1349 4247 θηρώμενος

167 4292 226 4358 pro
249 4271 284 4336 τὲ
308 4270 421 4352 ζητῶν.
447 4279 479 4336 ct
504 4271 536 4334 in
563 4269 730 4356 Hippolyto
754 4287 801 4336 rs,
833 4273 928 4335 rttu.
953 4278 986 4335 ct
1009 4268 1095 4335 aiihi.

214 4377 251 4443 ln
277 4375 432 4441 Alcestidc
455 4395 501 4440 vs,
525 4379 599 4441 724.
626 4376 658 4440 in
682 4375 774 4440 libris
798 4383 846 4441 est

375 4481 425 4548 cai
451 4482 511 4560 uhu
536 4481 607 4554 Διός
632 4505 671 4560 με
695 4479 807 4561 μείζον’
831 4478 870 4546 ἂν
893 4480 974 4562 ζώοις
997 4479 1111 4562 χρόνον.
