3150 4972
749 369 818 438 148

193 565 391 642 πιθανώτερον
424 563 601 630 συντιθέναι.
638 562 802 650 interpres
837 559 1031 650 argumentis
1054 559 1166 628 eiicere
1194 563 1301 647 posuit
1323 579 1381 626 suo

191 671 363 736 arbitratu.
410 669 566 756 Expunge
592 689 688 736 unam
714 667 892 735 litterulam
911 677 944 734 et
966 666 1107 755 prudens
1124 667 1294 734 consilium
1316 667 1380 732 exi·

191 776 257 854 bit,
288 775 380 842 debet
408 794 477 841 esse
507 775 659 849 eucaristie
683 780 736 841 τοῦ
760 775 962 856 πιθανωτέρου
986 782 1018 840 ct
1043 772 1101 839 boc
1125 774 1205 840 olibi
1229 773 1382 840 concedet

192 885 390 969 quicumque
418 887 450 947 et
474 882 541 968 ipse
566 890 669 968 potest
691 885 745 946 τοῦ
768 879 969 963 πιθανωτέρου
992 879 1133 948 ουνιθναι.
1181 881 1239 957 At,
1263 879 1379 947 dixerit

191 987 325 1075 aliquiS,
349 987 502 1063 οννετικθς
529 1007 688 1074 nusquam
715 986 795 1053 milri
819 987 938 1053 lectum
963 995 1012 1053 est
1036 995 1067 1052 ct
1094 1005 1203 1054 vereor
1227 996 1263 1053 ut
1284 985 1382 1054 luerit

191 1095 224 1160 in
250 1115 319 1161 usu.
368 1095 435 1161 Non
458 1105 506 1162 est
532 1095 609 1161 hace
635 1113 750 1178 magna
773 1091 964 1160 difficultas:
988 1090 1065 1158 talia
1089 1092 1150 1158 sibi
1169 1094 1307 1181 quisque
1324 1112 1381 1178 pro

192 1210 325 1268 renata
351 1199 461 1288 lingit,
488 1209 609 1288 parata,
623 1201 758 1267 materia
783 1208 850 1277 est,
874 1198 1018 1284 analogia
1044 1206 1132 1265 certa
1156 1207 1188 1264 et
1213 1201 1247 1266 iu
1269 1198 1379 1266 buius·

190 1307 274 1373 moui
300 1307 468 1373 adiectiris
491 1307 623 1372 cuilibet
647 1307 814 1392 permissa.
861 1303 1004 1391 Ecquem
1030 1314 1125 1391 putas
1151 1307 1380 1372 nursrornmuru

191 1421 354 1481 auctorem
380 1413 548 1491 habuisse,
573 1432 637 1499 quo
661 1410 783 1477 diecret
806 1412 838 1475 iu
867 1409 1034 1498 Equitibus
1059 1431 1104 1477 rs.
1134 1415 1236 1480 137⁸:

368 1519 557 1602 ουνερκτικθς
581 1518 643 1601 γοθρ
667 1519 713 1588 ε’ςι
738 1517 790 1583 καὶ
814 1517 994 1598 περαντικθς

370 1628 422 1692 καὶ
447 1626 681 1707 γνωμοτυπικὸς
706 1625 757 1689 καὶ
782 1627 888 1708 σαφὴς
912 1625 964 1691 καὶ
989 1625 1144 1705 cccccccccc

371 1731 607 1810 καταληπτικός
629 1733 659 1796 τ’
683 1730 776 1814 terea
800 1735 852 1796 τοῦ
877 1731 1084 1814 θορυβητικοῦ.

300 1877 345 1889 -
368 1840 472 1906 οθκουν
495 1839 765 1912 καταδακτυλικὸς
788 1839 825 1904 οὺ
849 1841 902 1903 τοῦ
925 1843 1109 1913 λαλητικοῦ.

187 1956 221 2014 at
244 1946 388 2012 comicus
409 1955 475 2021 est,
500 1945 644 2031 inquies,
669 1951 700 2010 ct
718 1943 820 2010 solent
839 1943 1024 2010 τὰτοιαῦτα
1038 1942 1179 2026 παίζειν,
1206 1943 1258 2010 hic
1272 1945 1378 2011 omnia

187 2053 272 2120 serio
293 2060 436 2138 aguntur
459 2059 492 2117 ct
517 2049 641 2116 iocandi
670 2071 731 2116 non
756 2059 806 2117 est
831 2049 930 2116 locus.
975 2049 1062 2117 Dabo
1085 2051 1187 2136 igitur
1211 2051 1310 2118 alium
1333 2051 1379 2117 lo·

187 2180 260 2226 cum
286 2160 387 2246 ipsius
404 2157 542 2235 Lucrum,
567 2159 600 2223 iu
626 2178 690 2245 quo
711 2159 829 2224 iterum
853 2159 919 2244 ipse
941 2156 1035 2244 lingit
1054 2156 1249 2226 adiectivum
1264 2157 1379 2226 buius·

187 2265 283 2332 morli.
310 2263 440 2331 Volebat
465 2264 573 2331 dicere
593 2270 656 2344 35,
683 2269 736 2331 56.
751 2285 843 2351 posse
856 2263 993 2330 saltandi
1008 2263 1186 2351 perlectum
1202 2263 1376 2332 artificium

184 2374 227 2439 roi
259 2371 430 2446 ἕννοηθέντα
462 2368 653 2452 ἐξαγορεύειν
683 2372 734 2438 καὶ
759 2373 890 2454 τάφανῆ
914 2369 1113 2455 σαφηνίζειν,
1138 2371 1219 2437 dixit
1244 2373 1262 2448 ἡ
1286 2371 1377 2456 ὄρχη-

184 2479 232 2552 otc
264 2479 310 2546 ἔτι
340 2484 398 2544 τῶν
421 2479 611 2553 ἐννοηθέντων
632 2477 851 2558 ἐξαγορευτικὴ
873 2477 924 2542 καὶ
949 2484 1007 2543 τῶν
1031 2480 1163 2560 οὶφανθν
1189 2479 1377 2562 ταφηνιςικιὶ

184 2583 280 2672 idque
304 2583 511 2670 philosophus
535 2583 613 2651 dicit
640 2593 726 2651 totus
750 2583 790 2649 ad
814 2584 1008 2670 gravitatem
1033 2585 1245 2672 compositus.
1277 2584 1378 2652 Nemo

184 2710 339 2778 umquam
374 2691 452 2757 uidit
483 2700 539 2759 aut
570 2691 647 2777 legit
672 2689 923 2773 ὲξαγορεντικθς,
948 2691 1011 2756 nisi
1034 2689 1094 2756 hoc
1118 2709 1181 2756 uno
1204 2688 1295 2769 loeo,
1319 2690 1376 2758 sed

185 2798 322 2864 subiecit
346 2797 478 2865 Lucrmo
502 2797 649 2884 analogia
673 2805 779 2874 certa,
805 2817 869 2884 qua
891 2795 1065 2864 utebantur
1085 2815 1197 2864 omncs
1215 2815 1274 2863 suu
1293 2796 1376 2863 arbi·

185 2914 288 2983 tratu,
319 2925 516 2992 quamquam
547 2924 610 2970 uon
635 2923 746 2970 omncs
771 2903 935 2990 eleganter
959 2912 1017 2969 aut
1041 2910 1185 2970 venuste.
1234 2902 1292 2969 Est
1316 2901 1376 2971 ali-

184 3012 261 3100 quid
286 3012 372 3077 inter
395 3012 555 3077 Pmromn
580 3013 613 3076 in
641 3005 791 3098 Sophiste
816 3009 975 3097 permulta
1006 3008 1190 3076 huiusmodi
1214 3029 1294 3076 nova
1320 3009 1375 3076 llu-

185 3128 313 3205 gentem
345 3125 377 3184 et
411 3116 548 3182 Tamum
578 3117 698 3203 passim
731 3115 805 3183 talia
833 3114 1050 3191 effutientem
1079 3113 1232 3188 οννετικθς
1256 3113 1376 3185 intelli·

184 3222 336 3312 gentibus
362 3222 499 3288 Pomone
524 3241 620 3309 quam
647 3223 766 3289 Tzcrza
791 3221 953 3289 videbitur
977 3223 1119 3309 dignius.

230 3328 349 3395 Vocula
375 3326 575 3414 negligenter
597 3311 910 3417 adoita'corrumpn
931 3330 1036 3396 locum
1063 3335 1125 3409 32,
1152 3333 1183 3398 t.
1204 3329 1250 3408 μθ
1268 3353 1310 3409 με
1331 3355 1375 3398 νο-

184 3437 276 3522 pelope
311 3437 364 3518 ἐφ’
394 3433 480 3516 ὕβρει
503 3441 607 3502 ταῦτα
632 3442 686 3503 τοῦ
709 3434 888 3519 Πυθαγόρου
911 3436 1017 3516 λέγειν
1040 3436 1057 3513 ἢ
1082 3435 1248 3504 συνάπτειν
1271 3439 1375 3522 πειρώ-

184 3569 273 3626 μενον
307 3543 420 3618 αὐτοὺς
451 3543 518 3610 uri.
552 3544 606 3630 qui
639 3542 717 3610 baec
752 3543 835 3609 volet
858 3541 1038 3629 intelligere
1061 3542 1252 3630 particulam
1278 3543 1296 3621 ἥ
1320 3563 1375 3611 ex·

187 3658 310 3741 pungat
333 3659 365 3716 ct
390 3650 469 3716 nibil
494 3651 655 3737 supererit
680 3648 854 3716 molestiae.

232 3760 269 3825 lu
302 3757 486 3844 bexiptouc
518 3763 577 3834 54,
609 3761 641 3824 7.
673 3763 970 3822 commemorantur
1000 3753 1114 3841 pocula
1144 3757 1316 3836 εὐρυχανδῆ
1339 3781 1375 3825 τε

185 3865 238 3934 καὶ
271 3862 360 3930 ἄλλα
382 3863 524 3944 εὕςοροα,
549 3883 630 3950 quac
655 3863 720 3929 sint
747 3863 866 3940 εθςομα
890 3861 1019 3942 ποτήρια
1042 3857 1171 3927 difficile
1194 3859 1284 3928 dictu
1307 3871 1375 3941 cst,

187 3972 263 4060 quia
287 3990 346 4036 nec
369 3977 446 4035 suut
470 3988 528 4035 neo
553 3968 695 4036 luerunt.
742 3968 870 4055 itepone
895 3967 1038 4048 οθςομα,
1064 3985 1145 4054 quae
1169 3977 1377 4055 opponuntur

184 4087 248 4155 τοῖς
272 4075 490 4162 εθρυχανδέσιι
518 4095 622 4163 neque
645 4076 749 4161 magis
775 4083 885 4141 notum
910 4084 958 4141 est
982 4073 1140 4156 μερμθριον
1162 4075 1258 4142 κακθν
1278 4078 1297 4161 §
1320 4081 1374 4146 11.

187 4185 391 4254 notissimum
424 4191 472 4250 cst
504 4183 666 4264 Τερμέριον
697 4181 801 4249 κακθν.
826 4180 890 4246 rid.
924 4181 1150 4247 Plurimum
1180 4180 1294 4248 Τθιοιοο
1318 4184 1373 4251 lu.

186 4293 326 4359 Vitiosae
348 4291 529 4376 scripturae
554 4291 734 4375 imposuere
760 4289 937 4354 llunnunmo
960 4286 998 4353 ad
1022 4288 1163 4354 Timauo
1185 4307 1216 4373 p.
1241 4293 1313 4356 178.
1338 4290 1374 4356 ln

187 4396 452 4487 praecedentibus
485 4395 620 4462 ridicule
645 4395 876 4482 elicitur-pater
899 4397 969 4482 ipse
994 4393 1091 4462 liliam
1116 4414 1153 4461 eo
1178 4391 1229 4460 die
1253 4403 1375 4482 nuptu-

184 4525 254 4572 ram
266 4501 449 4580 καλλθνειν;
475 4521 537 4568 non
551 4511 599 4568 est
613 4499 672 4567 lroo
685 4500 777 4568 virile
789 4497 953 4580 officium,
975 4499 1093 4568 nedum
1112 4499 1227 4588 patris:
1250 4521 1308 4589 pro
1320 4502 1372 4568 καὶ
