<?xml version="1.0" encoding="UTF-8"?>
<!DOCTYPE html PUBLIC "-//W3C//DTD XHTML 1.0 Transitional//EN"
    "http://www.w3.org/TR/xhtml1/DTD/xhtml1-transitional.dtd">
<html xmlns="http://www.w3.org/1999/xhtml" xml:lang="en" lang="en">
 <head>
  <title>
</title>
<meta http-equiv="Content-Type" content="text/html;charset=utf-8" />
  <meta name='ocr-system' content='tesseract 3.04.00' />
  <meta name='ocr-capabilities' content='ocr_page ocr_carea ocr_par ocr_line ocrx_word'/>
</head>
<body>
  <div class='ocr_page' id='page_1' title='image "./variaelectiones04cobegoog_0214.png"; bbox 0 0 3208 4972; ppageno 0'>
   <div class='ocr_carea' id='block_1_1' title="bbox 714 339 784 414">
    <p class='ocr_par' dir='ltr' id='par_1_1' title="bbox 714 339 784 414">
     <span class='ocr_line' id='line_1_1' title="bbox 714 339 784 414; baseline 0 -3"><span class='ocrx_word' id='word_1_1' title='bbox 714 339 784 414; x_wconf 76' lang='lat'>173</span> 
     </span>
    </p>
   </div>
   <div class='ocr_carea' id='block_1_2' title="bbox 119 531 1350 2114">
    <p class='ocr_par' dir='ltr' id='par_1_2' title="bbox 119 531 1350 2114">
     <span class='ocr_line' id='line_1_2' title="bbox 155 531 1345 628; baseline 0.007 -28"><span class='ocrx_word' id='word_1_2' title='bbox 155 532 268 622; x_wconf 89' lang='lat' dir='ltr'>peritia</span> <span class='ocrx_word' id='word_1_3' title='bbox 293 531 419 602; x_wconf 85' lang='lat' dir='ltr'>Codicis</span> <span class='ocrx_word' id='word_1_4' title='bbox 442 535 474 601; x_wconf 92' lang='lat' dir='ltr'>iu</span> <span class='ocrx_word' id='word_1_5' title='bbox 501 535 554 601; x_wconf 84' lang='lat' dir='ltr'>ille</span> <span class='ocrx_word' id='word_1_6' title='bbox 579 545 670 622; x_wconf 88' lang='lat' dir='ltr'>parte</span> <span class='ocrx_word' id='word_1_7' title='bbox 693 538 781 604; x_wconf 90' lang='lat' dir='ltr'>unici</span> <span class='ocrx_word' id='word_1_8' title='bbox 805 538 985 624; x_wconf 88' lang='lat' dir='ltr'>scripturus</span> <span class='ocrx_word' id='word_1_9' title='bbox 1017 539 1214 628; x_wconf 77' lang='lat' dir='ltr'>excerpserit</span> <span class='ocrx_word' id='word_1_10' title='bbox 1237 549 1270 607; x_wconf 89' lang='lat' dir='ltr'>et</span> <span class='ocrx_word' id='word_1_11' title='bbox 1293 538 1345 608; x_wconf 91' lang='lat' dir='ltr'>de·</span> 
     </span>
     <span class='ocr_line' id='line_1_3' title="bbox 155 642 1345 734; baseline 0.003 -25"><span class='ocrx_word' id='word_1_12' title='bbox 155 643 343 730; x_wconf 78' lang='lat' dir='ltr'>scripserit,</span> <span class='ocrx_word' id='word_1_13' title='bbox 368 642 452 729; x_wconf 86' lang='lat' dir='ltr'>quod</span> <span class='ocrx_word' id='word_1_14' title='bbox 475 643 501 707; x_wconf 89' lang='lat' dir='ltr'>si</span> <span class='ocrx_word' id='word_1_15' title='bbox 524 642 627 730; x_wconf 89' lang='lat' dir='ltr'>perite</span> <span class='ocrx_word' id='word_1_16' title='bbox 644 653 676 708; x_wconf 90' lang='lat' dir='ltr'>et</span> <span class='ocrx_word' id='word_1_17' title='bbox 695 642 867 729; x_wconf 73' lang='lat' dir='ltr'>diiigenter</span> <span class='ocrx_word' id='word_1_18' title='bbox 886 643 1014 712; x_wconf 85' lang='lat' dir='ltr'>iecisset</span> <span class='ocrx_word' id='word_1_19' title='bbox 1033 646 1181 734; x_wconf 85' lang='lat' dir='ltr'>equidem</span> <span class='ocrx_word' id='word_1_20' title='bbox 1203 645 1345 724; x_wconf 87' lang='lat' dir='ltr'>lacinus,</span> 
     </span>
     <span class='ocr_line' id='line_1_4' title="bbox 155 747 1348 840; baseline 0.004 -26"><span class='ocrx_word' id='word_1_21' title='bbox 155 767 219 834; x_wconf 86' lang='lat' dir='ltr'>quo</span> <span class='ocrx_word' id='word_1_22' title='bbox 256 761 388 814; x_wconf 87' lang='lat' dir='ltr'>nonest</span> <span class='ocrx_word' id='word_1_23' title='bbox 415 747 521 826; x_wconf 84' lang='lat' dir='ltr'>eliud,</span> <span class='ocrx_word' id='word_1_24' title='bbox 546 758 580 814; x_wconf 94' lang='lat' dir='ltr'>ut</span> <span class='ocrx_word' id='word_1_25' title='bbox 606 749 673 835; x_wconf 86' lang='lat' dir='ltr'>ipse</span> <span class='ocrx_word' id='word_1_26' title='bbox 698 750 845 829; x_wconf 90' lang='lat' dir='ltr'>iocatur,</span> <span class='ocrx_word' id='word_1_27' title='bbox 871 751 973 836; x_wconf 88' lang='lat' dir='ltr'>magis</span> <span class='ocrx_word' id='word_1_28' title='bbox 997 762 1117 832; x_wconf 81' lang='lat' dir='ltr'>etrum,</span> <span class='ocrx_word' id='word_1_29' title='bbox 1144 753 1222 819; x_wconf 88' lang='lat' dir='ltr'>satis</span> <span class='ocrx_word' id='word_1_30' title='bbox 1246 771 1348 840; x_wconf 80' lang='lat' dir='ltr'>nequo</span> 
     </span>
     <span class='ocr_line' id='line_1_5' title="bbox 154 848 1347 944; baseline 0.002 -24"><span class='ocrx_word' id='word_1_31' title='bbox 154 848 264 920; x_wconf 88' lang='lat' dir='ltr'>animo</span> <span class='ocrx_word' id='word_1_32' title='bbox 295 853 379 920; x_wconf 88' lang='lat' dir='ltr'>lorre</span> <span class='ocrx_word' id='word_1_33' title='bbox 411 874 548 942; x_wconf 83' lang='lat' dir='ltr'>possem.</span> <span class='ocrx_word' id='word_1_34' title='bbox 596 854 691 922; x_wconf 88' lang='lat' dir='ltr'>Nunc</span> <span class='ocrx_word' id='word_1_35' title='bbox 723 865 835 922; x_wconf 82' lang='lat' dir='ltr'>contra</span> <span class='ocrx_word' id='word_1_36' title='bbox 867 867 932 923; x_wconf 89' lang='lat' dir='ltr'>est:</span> <span class='ocrx_word' id='word_1_37' title='bbox 957 857 1138 925; x_wconf 73' lang='lat' dir='ltr'>courrieres</span> <span class='ocrx_word' id='word_1_38' title='bbox 1166 869 1201 925; x_wconf 92' lang='lat' dir='ltr'>ut</span> <span class='ocrx_word' id='word_1_39' title='bbox 1226 859 1347 944; x_wconf 88' lang='lat' dir='ltr'>ingenii</span> 
     </span>
     <span class='ocr_line' id='line_1_6' title="bbox 155 959 1348 1052; baseline 0.003 -27"><span class='ocrx_word' id='word_1_40' title='bbox 155 959 323 1027; x_wconf 87' lang='lat' dir='ltr'>velocitate</span> <span class='ocrx_word' id='word_1_41' title='bbox 360 971 391 1027; x_wconf 88' lang='lat' dir='ltr'>ot</span> <span class='ocrx_word' id='word_1_42' title='bbox 428 959 596 1028; x_wconf 81' lang='lat' dir='ltr'>feracitate</span> <span class='ocrx_word' id='word_1_43' title='bbox 634 961 716 1028; x_wconf 83' lang='lat' dir='ltr'>velet</span> <span class='ocrx_word' id='word_1_44' title='bbox 750 971 781 1028; x_wconf 89' lang='lat' dir='ltr'>et</span> <span class='ocrx_word' id='word_1_45' title='bbox 817 964 967 1030; x_wconf 79' lang='lat' dir='ltr'>acumine</span> <span class='ocrx_word' id='word_1_46' title='bbox 1001 963 1114 1031; x_wconf 90' lang='lat' dir='ltr'>iudicii</span> <span class='ocrx_word' id='word_1_47' title='bbox 1153 973 1183 1031; x_wconf 89' lang='lat' dir='ltr'>et</span> <span class='ocrx_word' id='word_1_48' title='bbox 1221 963 1348 1052; x_wconf 87' lang='lat' dir='ltr'>pulolrri</span> 
     </span>
     <span class='ocr_line' id='line_1_7' title="bbox 155 1067 1347 1159; baseline 0.003 -29"><span class='ocrx_word' id='word_1_49' title='bbox 155 1085 252 1132; x_wconf 88' lang='lat' dir='ltr'>senso</span> <span class='ocrx_word' id='word_1_50' title='bbox 285 1073 318 1132; x_wconf 90' lang='lat' dir='ltr'>et</span> <span class='ocrx_word' id='word_1_51' title='bbox 349 1067 382 1132; x_wconf 91' lang='lat' dir='ltr'>in</span> <span class='ocrx_word' id='word_1_52' title='bbox 407 1067 576 1134; x_wconf 90' lang='lat' dir='ltr'>scribendo</span> <span class='ocrx_word' id='word_1_53' title='bbox 607 1087 718 1134; x_wconf 86' lang='lat' dir='ltr'>ornnes</span> <span class='ocrx_word' id='word_1_54' title='bbox 742 1067 837 1136; x_wconf 81' lang='lat' dir='ltr'>trehet</span> <span class='ocrx_word' id='word_1_55' title='bbox 862 1088 993 1136; x_wconf 83' lang='lat' dir='ltr'>veneres</span> <span class='ocrx_word' id='word_1_56' title='bbox 1013 1069 1217 1159; x_wconf 89' lang='lat' dir='ltr'>leporesque,</span> <span class='ocrx_word' id='word_1_57' title='bbox 1243 1072 1290 1136; x_wconf 91' lang='lat' dir='ltr'>sic</span> <span class='ocrx_word' id='word_1_58' title='bbox 1315 1071 1347 1135; x_wconf 92' lang='lat' dir='ltr'>in</span> 
     </span>
     <span class='ocr_line' id='line_1_8' title="bbox 154 1171 1348 1260; baseline 0.003 -22"><span class='ocrx_word' id='word_1_59' title='bbox 154 1191 191 1238; x_wconf 85' lang='lat' dir='ltr'>rc</span> <span class='ocrx_word' id='word_1_60' title='bbox 216 1171 433 1239; x_wconf 83' lang='lat' dir='ltr'>Grammatico</span> <span class='ocrx_word' id='word_1_61' title='bbox 460 1174 629 1260; x_wconf 83' lang='lat' dir='ltr'>plumbens</span> <span class='ocrx_word' id='word_1_62' title='bbox 653 1183 720 1252; x_wconf 89' lang='lat' dir='ltr'>est,</span> <span class='ocrx_word' id='word_1_63' title='bbox 747 1175 857 1239; x_wconf 89' lang='lat' dir='ltr'>tardus</span> <span class='ocrx_word' id='word_1_64' title='bbox 881 1174 1025 1242; x_wconf 83' lang='lat' dir='ltr'>discendi</span> <span class='ocrx_word' id='word_1_65' title='bbox 1049 1176 1134 1244; x_wconf 84' lang='lat' dir='ltr'>ierre</span> <span class='ocrx_word' id='word_1_66' title='bbox 1156 1177 1296 1243; x_wconf 88' lang='lat' dir='ltr'>laborem</span> <span class='ocrx_word' id='word_1_67' title='bbox 1316 1185 1348 1242; x_wconf 87' lang='lat' dir='ltr'>ct</span> 
     </span>
     <span class='ocr_line' id='line_1_9' title="bbox 156 1276 1348 1357; baseline 0.004 -13"><span class='ocrx_word' id='word_1_68' title='bbox 156 1276 352 1357; x_wconf 78' lang='lat' dir='ltr'>meditandi,</span> <span class='ocrx_word' id='word_1_69' title='bbox 380 1299 437 1346; x_wconf 88' lang='lat' dir='ltr'>uec</span> <span class='ocrx_word' id='word_1_70' title='bbox 462 1279 617 1346; x_wconf 86' lang='lat' dir='ltr'>diuturne</span> <span class='ocrx_word' id='word_1_71' title='bbox 641 1279 861 1346; x_wconf 84' lang='lat' dir='ltr'>observatione</span> <span class='ocrx_word' id='word_1_72' title='bbox 885 1281 1077 1348; x_wconf 77' lang='lat' dir='ltr'>Graecitatis</span> <span class='ocrx_word' id='word_1_73' title='bbox 1102 1302 1195 1349; x_wconf 92' lang='lat' dir='ltr'>usum</span> <span class='ocrx_word' id='word_1_74' title='bbox 1220 1303 1348 1350; x_wconf 86' lang='lat' dir='ltr'>omnem</span> 
     </span>
     <span class='ocr_line' id='line_1_10' title="bbox 153 1384 1349 1476; baseline 0.004 -25"><span class='ocrx_word' id='word_1_75' title='bbox 153 1386 368 1451; x_wconf 79' lang='lat' dir='ltr'>strationem</span> <span class='ocrx_word' id='word_1_76' title='bbox 393 1386 439 1452; x_wconf 85' lang='lat' dir='ltr'>itu</span> <span class='ocrx_word' id='word_1_77' title='bbox 464 1384 599 1452; x_wconf 84' lang='lat' dir='ltr'>habebut</span> <span class='ocrx_word' id='word_1_78' title='bbox 623 1396 846 1474; x_wconf 87' lang='lat' dir='ltr'>perspectam,</span> <span class='ocrx_word' id='word_1_79' title='bbox 871 1396 908 1454; x_wconf 93' lang='lat' dir='ltr'>ut</span> <span class='ocrx_word' id='word_1_80' title='bbox 929 1408 1005 1454; x_wconf 82' lang='lat' dir='ltr'>vera</span> <span class='ocrx_word' id='word_1_81' title='bbox 1029 1409 1047 1455; x_wconf 87' lang='lat' dir='ltr'>a</span> <span class='ocrx_word' id='word_1_82' title='bbox 1073 1388 1182 1466; x_wconf 88' lang='lat' dir='ltr'>lalsis,</span> <span class='ocrx_word' id='word_1_83' title='bbox 1207 1389 1304 1476; x_wconf 81' lang='lat' dir='ltr'>prola</span> <span class='ocrx_word' id='word_1_84' title='bbox 1329 1409 1349 1456; x_wconf 89' lang='lat' dir='ltr'>a</span> 
     </span>
     <span class='ocr_line' id='line_1_11' title="bbox 154 1491 1350 1582; baseline 0.006 -27"><span class='ocrx_word' id='word_1_85' title='bbox 154 1492 275 1578; x_wconf 88' lang='lat' dir='ltr'>spuriis</span> <span class='ocrx_word' id='word_1_86' title='bbox 300 1501 389 1558; x_wconf 90' lang='lat' dir='ltr'>certo</span> <span class='ocrx_word' id='word_1_87' title='bbox 414 1491 533 1559; x_wconf 87' lang='lat' dir='ltr'>iudicio</span> <span class='ocrx_word' id='word_1_88' title='bbox 557 1491 740 1560; x_wconf 87' lang='lat' dir='ltr'>discernere</span> <span class='ocrx_word' id='word_1_89' title='bbox 766 1503 882 1579; x_wconf 88' lang='lat' dir='ltr'>posset.</span> <span class='ocrx_word' id='word_1_90' title='bbox 924 1494 1038 1580; x_wconf 76' lang='lat' dir='ltr'>ltaque</span> <span class='ocrx_word' id='word_1_91' title='bbox 1063 1495 1193 1580; x_wconf 90' lang='lat' dir='ltr'>ingenio</span> <span class='ocrx_word' id='word_1_92' title='bbox 1217 1506 1350 1582; x_wconf 79' lang='lat' dir='ltr'>potem,</span> 
     </span>
     <span class='ocr_line' id='line_1_12' title="bbox 154 1596 1347 1678; baseline 0.003 -15"><span class='ocrx_word' id='word_1_93' title='bbox 154 1607 224 1664; x_wconf 91' lang='lat' dir='ltr'>arte</span> <span class='ocrx_word' id='word_1_94' title='bbox 254 1605 287 1664; x_wconf 86' lang='lat' dir='ltr'>et</span> <span class='ocrx_word' id='word_1_95' title='bbox 311 1598 447 1665; x_wconf 85' lang='lat' dir='ltr'>scientia</span> <span class='ocrx_word' id='word_1_96' title='bbox 472 1596 673 1678; x_wconf 86' lang='lat' dir='ltr'>imbecilius,</span> <span class='ocrx_word' id='word_1_97' title='bbox 700 1618 762 1665; x_wconf 92' lang='lat' dir='ltr'>non</span> <span class='ocrx_word' id='word_1_98' title='bbox 787 1601 817 1665; x_wconf 91' lang='lat' dir='ltr'>is</span> <span class='ocrx_word' id='word_1_99' title='bbox 839 1609 907 1665; x_wconf 81' lang='lat' dir='ltr'>eret</span> <span class='ocrx_word' id='word_1_100' title='bbox 933 1601 985 1666; x_wconf 89' lang='lat' dir='ltr'>cui</span> <span class='ocrx_word' id='word_1_101' title='bbox 1018 1599 1138 1666; x_wconf 88' lang='lat' dir='ltr'>codicis</span> <span class='ocrx_word' id='word_1_102' title='bbox 1161 1599 1347 1667; x_wconf 84' lang='lat' dir='ltr'>excutiendi</span> 
     </span>
     <span class='ocr_line' id='line_1_13' title="bbox 119 1702 1349 1796; baseline 0.004 -27"><span class='ocrx_word' id='word_1_103' title='bbox 119 1785 125 1796; x_wconf 31' lang='grc' dir='ltr'><strong><em>Ι</em></strong></span> <span class='ocrx_word' id='word_1_104' title='bbox 153 1713 186 1770; x_wconf 90' lang='lat' dir='ltr'>et</span> <span class='ocrx_word' id='word_1_105' title='bbox 217 1702 419 1771; x_wconf 85' lang='lat' dir='ltr'>describendi</span> <span class='ocrx_word' id='word_1_106' title='bbox 451 1705 614 1790; x_wconf 87' lang='lat' dir='ltr'>negotium</span> <span class='ocrx_word' id='word_1_107' title='bbox 649 1715 735 1772; x_wconf 89' lang='lat' dir='ltr'>recte</span> <span class='ocrx_word' id='word_1_108' title='bbox 762 1705 908 1772; x_wconf 82' lang='lat' dir='ltr'>pranderi</span> <span class='ocrx_word' id='word_1_109' title='bbox 934 1718 1049 1794; x_wconf 87' lang='lat' dir='ltr'>posset.</span> <span class='ocrx_word' id='word_1_110' title='bbox 1097 1706 1245 1776; x_wconf 81' lang='lat' dir='ltr'>(iudicem</span> <span class='ocrx_word' id='word_1_111' title='bbox 1272 1705 1349 1774; x_wconf 79' lang='lat' dir='ltr'>Flo·</span> 
     </span>
     <span class='ocr_line' id='line_1_14' title="bbox 153 1805 1349 1901; baseline 0.005 -26"><span class='ocrx_word' id='word_1_112' title='bbox 153 1811 310 1876; x_wconf 81' lang='lat' dir='ltr'>reatinum</span> <span class='ocrx_word' id='word_1_113' title='bbox 343 1811 444 1896; x_wconf 89' lang='lat' dir='ltr'>igitur</span> <span class='ocrx_word' id='word_1_114' title='bbox 475 1819 541 1877; x_wconf 88' lang='lat' dir='ltr'>torn</span> <span class='ocrx_word' id='word_1_115' title='bbox 577 1811 779 1896; x_wconf 74' lang='lat' dir='ltr'>negligenter</span> <span class='ocrx_word' id='word_1_116' title='bbox 801 1815 961 1890; x_wconf 86' lang='lat' dir='ltr'>excussit,</span> <span class='ocrx_word' id='word_1_117' title='bbox 987 1805 1051 1880; x_wconf 88' lang='lat' dir='ltr'>tam</span> <span class='ocrx_word' id='word_1_118' title='bbox 1080 1815 1228 1901; x_wconf 88' lang='lat' dir='ltr'>imperite</span> <span class='ocrx_word' id='word_1_119' title='bbox 1252 1813 1349 1900; x_wconf 85' lang='lat' dir='ltr'>legit,</span> 
     </span>
     <span class='ocr_line' id='line_1_15' title="bbox 155 1917 1349 2005; baseline 0.002 -23"><span class='ocrx_word' id='word_1_120' title='bbox 155 1923 192 1982; x_wconf 91' lang='lat' dir='ltr'>ut</span> <span class='ocrx_word' id='word_1_121' title='bbox 223 1919 255 1982; x_wconf 92' lang='lat' dir='ltr'>in</span> <span class='ocrx_word' id='word_1_122' title='bbox 288 1936 324 1982; x_wconf 90' lang='lat' dir='ltr'>ea</span> <span class='ocrx_word' id='word_1_123' title='bbox 359 1925 468 2004; x_wconf 91' lang='lat' dir='ltr'>parte,</span> <span class='ocrx_word' id='word_1_124' title='bbox 499 1937 595 2003; x_wconf 82' lang='lat' dir='ltr'>quum</span> <span class='ocrx_word' id='word_1_125' title='bbox 622 1937 683 1982; x_wconf 91' lang='lat' dir='ltr'>non</span> <span class='ocrx_word' id='word_1_126' title='bbox 710 1917 845 1994; x_wconf 85' lang='lat' dir='ltr'>delevit,</span> <span class='ocrx_word' id='word_1_127' title='bbox 870 1919 1047 2005; x_wconf 85' lang='lat' dir='ltr'>permultas</span> <span class='ocrx_word' id='word_1_128' title='bbox 1072 1919 1170 1986; x_wconf 89' lang='lat' dir='ltr'>bones</span> <span class='ocrx_word' id='word_1_129' title='bbox 1196 1921 1349 1986; x_wconf 88' lang='lat' dir='ltr'>lectiones</span> 
     </span>
     <span class='ocr_line' id='line_1_16' title="bbox 156 2021 1347 2114; baseline 0.003 -26"><span class='ocrx_word' id='word_1_130' title='bbox 156 2021 348 2109; x_wconf 77' lang='lat' dir='ltr'>neglexerit,</span> <span class='ocrx_word' id='word_1_131' title='bbox 382 2033 414 2090; x_wconf 88' lang='lat' dir='ltr'>et</span> <span class='ocrx_word' id='word_1_132' title='bbox 447 2032 560 2090; x_wconf 88' lang='lat' dir='ltr'>contra</span> <span class='ocrx_word' id='word_1_133' title='bbox 595 2023 778 2110; x_wconf 76' lang='lat' dir='ltr'>correpturos</span> <span class='ocrx_word' id='word_1_134' title='bbox 807 2023 964 2090; x_wconf 85' lang='lat' dir='ltr'>absurdas</span> <span class='ocrx_word' id='word_1_135' title='bbox 996 2023 1104 2092; x_wconf 84' lang='lat' dir='ltr'>Codici</span> <span class='ocrx_word' id='word_1_136' title='bbox 1137 2029 1347 2114; x_wconf 79' lang='lat' dir='ltr'>imputaverit</span> 
     </span>
    </p>
   </div>
   <div class='ocr_carea' id='block_1_3' title="bbox 156 2128 1467 2217">
    <p class='ocr_par' dir='ltr' id='par_1_3' title="bbox 156 2128 1467 2217">
     <span class='ocr_line' id='line_1_17' title="bbox 156 2128 1467 2217; baseline 0.002 -21"><span class='ocrx_word' id='word_1_137' title='bbox 156 2129 210 2196; x_wconf 80' lang='lat' dir='ltr'>ulti</span> <span class='ocrx_word' id='word_1_138' title='bbox 245 2129 325 2195; x_wconf 87' lang='lat' dir='ltr'>nihil</span> <span class='ocrx_word' id='word_1_139' title='bbox 358 2139 618 2208; x_wconf 80' lang='lat' dir='ltr'>creterrarum,</span> <span class='ocrx_word' id='word_1_140' title='bbox 653 2128 747 2196; x_wconf 91' lang='lat' dir='ltr'>modo</span> <span class='ocrx_word' id='word_1_141' title='bbox 781 2129 954 2217; x_wconf 87' lang='lat' dir='ltr'>diligenter</span> <span class='ocrx_word' id='word_1_142' title='bbox 982 2142 1013 2199; x_wconf 88' lang='lat' dir='ltr'>et</span> <span class='ocrx_word' id='word_1_143' title='bbox 1038 2132 1141 2200; x_wconf 89' lang='lat' dir='ltr'>oculis</span> <span class='ocrx_word' id='word_1_144' title='bbox 1163 2131 1350 2198; x_wconf 84' lang='lat' dir='ltr'>exercitatis</span> <span class='ocrx_word' id='word_1_145' title='bbox 1464 2165 1467 2171; x_wconf 74' lang='lat'>,</span> 
     </span>
    </p>
   </div>
   <div class='ocr_carea' id='block_1_4' title="bbox 155 2233 1350 2430">
    <p class='ocr_par' dir='ltr' id='par_1_4' title="bbox 155 2233 1350 2430">
     <span class='ocr_line' id='line_1_18' title="bbox 155 2233 1350 2325; baseline 0.003 -23"><span class='ocrx_word' id='word_1_146' title='bbox 155 2233 302 2321; x_wconf 86' lang='lat' dir='ltr'>legisset;</span> <span class='ocrx_word' id='word_1_147' title='bbox 327 2236 359 2300; x_wconf 88' lang='lat' dir='ltr'>in</span> <span class='ocrx_word' id='word_1_148' title='bbox 385 2255 421 2301; x_wconf 91' lang='lat' dir='ltr'>eo</span> <span class='ocrx_word' id='word_1_149' title='bbox 442 2234 530 2315; x_wconf 91' lang='lat' dir='ltr'>loco,</span> <span class='ocrx_word' id='word_1_150' title='bbox 556 2255 651 2322; x_wconf 84' lang='lat' dir='ltr'>quem</span> <span class='ocrx_word' id='word_1_151' title='bbox 676 2233 744 2302; x_wconf 85' lang='lat' dir='ltr'>iere</span> <span class='ocrx_word' id='word_1_152' title='bbox 764 2245 867 2303; x_wconf 88' lang='lat' dir='ltr'>totum</span> <span class='ocrx_word' id='word_1_153' title='bbox 884 2236 1123 2324; x_wconf 83' lang='lat' dir='ltr'>pessumdedit,</span> <span class='ocrx_word' id='word_1_154' title='bbox 1148 2237 1350 2325; x_wconf 84' lang='lat' dir='ltr'>corrrpluscu·</span> 
     </span>
     <span class='ocr_line' id='line_1_19' title="bbox 156 2340 1350 2430; baseline 0.003 -23"><span class='ocrx_word' id='word_1_155' title='bbox 156 2340 202 2408; x_wconf 84' lang='lat' dir='ltr'>les</span> <span class='ocrx_word' id='word_1_156' title='bbox 216 2341 379 2408; x_wconf 85' lang='lat' dir='ltr'>lectiones</span> <span class='ocrx_word' id='word_1_157' title='bbox 403 2340 500 2407; x_wconf 81' lang='lat' dir='ltr'>falsas</span> <span class='ocrx_word' id='word_1_158' title='bbox 524 2350 555 2407; x_wconf 88' lang='lat' dir='ltr'>et</span> <span class='ocrx_word' id='word_1_159' title='bbox 581 2344 706 2428; x_wconf 87' lang='lat' dir='ltr'>ineptas</span> <span class='ocrx_word' id='word_1_160' title='bbox 730 2345 920 2430; x_wconf 90' lang='lat' dir='ltr'>protulerit,</span> <span class='ocrx_word' id='word_1_161' title='bbox 944 2365 1025 2430; x_wconf 87' lang='lat' dir='ltr'>quus</span> <span class='ocrx_word' id='word_1_162' title='bbox 1045 2345 1108 2412; x_wconf 86' lang='lat' dir='ltr'>sibi</span> <span class='ocrx_word' id='word_1_163' title='bbox 1130 2346 1217 2411; x_wconf 89' lang='lat' dir='ltr'>visus</span> <span class='ocrx_word' id='word_1_164' title='bbox 1237 2355 1285 2411; x_wconf 86' lang='lat' dir='ltr'>est</span> <span class='ocrx_word' id='word_1_165' title='bbox 1304 2347 1350 2410; x_wconf 79' lang='lat' dir='ltr'>ni·</span> 
     </span>
    </p>
   </div>
   <div class='ocr_carea' id='block_1_5' title="bbox 153 2432 1349 3176">
    <p class='ocr_par' dir='ltr' id='par_1_5' title="bbox 153 2432 1349 3176">
     <span class='ocr_line' id='line_1_20' title="bbox 155 2432 1349 2538; baseline 0.003 -25"><span class='ocrx_word' id='word_1_166' title='bbox 155 2445 247 2526; x_wconf 86' lang='lat' dir='ltr'>dere,</span> <span class='ocrx_word' id='word_1_167' title='bbox 279 2448 334 2515; x_wconf 90' lang='lat' dir='ltr'>sed</span> <span class='ocrx_word' id='word_1_168' title='bbox 367 2467 448 2534; x_wconf 89' lang='lat' dir='ltr'>quas</span> <span class='ocrx_word' id='word_1_169' title='bbox 472 2451 552 2513; x_wconf 89' lang='lat' dir='ltr'>satis</span> <span class='ocrx_word' id='word_1_170' title='bbox 576 2460 708 2535; x_wconf 88' lang='lat' dir='ltr'>apparet</span> <span class='ocrx_word' id='word_1_171' title='bbox 732 2448 877 2516; x_wconf 86' lang='lat' dir='ltr'>ciusdem</span> <span class='ocrx_word' id='word_1_172' title='bbox 902 2449 1025 2518; x_wconf 88' lang='lat' dir='ltr'>larinae</span> <span class='ocrx_word' id='word_1_173' title='bbox 1049 2473 1120 2519; x_wconf 88' lang='lat' dir='ltr'>esse</span> <span class='ocrx_word' id='word_1_174' title='bbox 1142 2432 1239 2538; x_wconf 84' lang='lat' dir='ltr'>atque</span> <span class='ocrx_word' id='word_1_175' title='bbox 1259 2476 1349 2529; x_wconf 78' lang='lat' dir='ltr'>curn·</span> 
     </span>
     <span class='ocr_line' id='line_1_21' title="bbox 153 2554 1347 2643; baseline 0.004 -23"><span class='ocrx_word' id='word_1_176' title='bbox 153 2559 288 2637; x_wconf 71' lang='grc' dir='ltr'><strong><em>ραφήκεν</em></strong></span> <span class='ocrx_word' id='word_1_177' title='bbox 316 2555 348 2619; x_wconf 92' lang='lat' dir='ltr'>in</span> <span class='ocrx_word' id='word_1_178' title='bbox 382 2554 582 2620; x_wconf 71' lang='lat' dir='ltr'>Xenomenes</span> <span class='ocrx_word' id='word_1_179' title='bbox 617 2555 760 2620; x_wconf 79' lang='lat' dir='ltr'>Ernesto.</span> <span class='ocrx_word' id='word_1_180' title='bbox 809 2554 883 2622; x_wconf 89' lang='lat' dir='ltr'>ilias</span> <span class='ocrx_word' id='word_1_181' title='bbox 917 2557 1039 2643; x_wconf 88' lang='lat' dir='ltr'>igitur,</span> <span class='ocrx_word' id='word_1_182' title='bbox 1065 2557 1146 2623; x_wconf 91' lang='lat' dir='ltr'>libro</span> <span class='ocrx_word' id='word_1_183' title='bbox 1169 2559 1347 2625; x_wconf 88' lang='lat' dir='ltr'>accuratis·</span> 
     </span>
     <span class='ocr_line' id='line_1_22' title="bbox 155 2659 1347 2748; baseline 0.005 -23"><span class='ocrx_word' id='word_1_184' title='bbox 155 2661 235 2726; x_wconf 88' lang='lat' dir='ltr'>sime</span> <span class='ocrx_word' id='word_1_185' title='bbox 269 2660 426 2748; x_wconf 84' lang='lat' dir='ltr'>perlecto,</span> <span class='ocrx_word' id='word_1_186' title='bbox 452 2660 519 2746; x_wconf 91' lang='lat' dir='ltr'>ipsc</span> <span class='ocrx_word' id='word_1_187' title='bbox 547 2659 679 2745; x_wconf 80' lang='lat' dir='ltr'>collegi,</span> <span class='ocrx_word' id='word_1_188' title='bbox 706 2660 762 2726; x_wconf 89' lang='lat' dir='ltr'>iras</span> <span class='ocrx_word' id='word_1_189' title='bbox 786 2671 937 2728; x_wconf 79' lang='lat' dir='ltr'>aeternae</span> <span class='ocrx_word' id='word_1_190' title='bbox 960 2663 1112 2730; x_wconf 85' lang='lat' dir='ltr'>tenebrae</span> <span class='ocrx_word' id='word_1_191' title='bbox 1135 2674 1166 2730; x_wconf 88' lang='lat' dir='ltr'>ct</span> <span class='ocrx_word' id='word_1_192' title='bbox 1191 2675 1260 2730; x_wconf 87' lang='lat' dir='ltr'>otro</span> <span class='ocrx_word' id='word_1_193' title='bbox 1284 2685 1347 2731; x_wconf 86' lang='lat' dir='ltr'>nox</span> 
     </span>
     <span class='ocr_line' id='line_1_23' title="bbox 157 2766 1346 2857; baseline 0.004 -26"><span class='ocrx_word' id='word_1_194' title='bbox 157 2776 307 2853; x_wconf 83' lang='lat' dir='ltr'>proruunt</span> <span class='ocrx_word' id='word_1_195' title='bbox 337 2774 558 2854; x_wconf 86' lang='lat' dir='ltr'>prementque.</span> <span class='ocrx_word' id='word_1_196' title='bbox 606 2766 641 2832; x_wconf 93' lang='lat' dir='ltr'>ln</span> <span class='ocrx_word' id='word_1_197' title='bbox 674 2787 710 2832; x_wconf 90' lang='lat' dir='ltr'>eo</span> <span class='ocrx_word' id='word_1_198' title='bbox 743 2766 833 2845; x_wconf 89' lang='lat' dir='ltr'>lolio,</span> <span class='ocrx_word' id='word_1_199' title='bbox 858 2768 942 2854; x_wconf 90' lang='lat' dir='ltr'>quod</span> <span class='ocrx_word' id='word_1_200' title='bbox 967 2769 1089 2836; x_wconf 88' lang='lat' dir='ltr'>sicilie</span> <span class='ocrx_word' id='word_1_201' title='bbox 1114 2769 1275 2857; x_wconf 90' lang='lat' dir='ltr'>perdidit,</span> <span class='ocrx_word' id='word_1_202' title='bbox 1301 2770 1346 2836; x_wconf 91' lang='lat' dir='ltr'>la-</span> 
     </span>
     <span class='ocr_line' id='line_1_24' title="bbox 156 2872 1346 2964; baseline 0.005 -28"><span class='ocrx_word' id='word_1_203' title='bbox 156 2872 259 2938; x_wconf 88' lang='lat' dir='ltr'>ciniae</span> <span class='ocrx_word' id='word_1_204' title='bbox 291 2872 468 2961; x_wconf 90' lang='lat' dir='ltr'>quaedam,</span> <span class='ocrx_word' id='word_1_205' title='bbox 492 2873 578 2939; x_wconf 89' lang='lat' dir='ltr'>velut</span> <span class='ocrx_word' id='word_1_206' title='bbox 605 2872 728 2940; x_wconf 90' lang='lat' dir='ltr'>insulae</span> <span class='ocrx_word' id='word_1_207' title='bbox 754 2875 783 2939; x_wconf 91' lang='lat' dir='ltr'>in</span> <span class='ocrx_word' id='word_1_208' title='bbox 811 2875 892 2940; x_wconf 80' lang='lat' dir='ltr'>inari</span> <span class='ocrx_word' id='word_1_209' title='bbox 916 2886 1024 2953; x_wconf 82' lang='lat' dir='ltr'>nasto,</span> <span class='ocrx_word' id='word_1_210' title='bbox 1048 2884 1203 2964; x_wconf 83' lang='lat' dir='ltr'>apparent</span> <span class='ocrx_word' id='word_1_211' title='bbox 1227 2885 1258 2942; x_wconf 90' lang='lat' dir='ltr'>et</span> <span class='ocrx_word' id='word_1_212' title='bbox 1284 2875 1346 2962; x_wconf 86' lang='lat' dir='ltr'>legi</span> 
     </span>
     <span class='ocr_line' id='line_1_25' title="bbox 157 2977 1347 3069; baseline 0.002 -24"><span class='ocrx_word' id='word_1_213' title='bbox 157 2989 307 3065; x_wconf 90' lang='lat' dir='ltr'>possunt,</span> <span class='ocrx_word' id='word_1_214' title='bbox 338 2979 421 3046; x_wconf 88' lang='lat' dir='ltr'>unde</span> <span class='ocrx_word' id='word_1_215' title='bbox 453 2982 523 3047; x_wconf 89' lang='lat' dir='ltr'>eins</span> <span class='ocrx_word' id='word_1_216' title='bbox 555 2977 633 3046; x_wconf 85' lang='lat' dir='ltr'>fides</span> <span class='ocrx_word' id='word_1_217' title='bbox 664 2981 830 3048; x_wconf 87' lang='lat' dir='ltr'>aestimari</span> <span class='ocrx_word' id='word_1_218' title='bbox 862 2984 1049 3048; x_wconf 85' lang='lat' dir='ltr'>etiamnunc</span> <span class='ocrx_word' id='word_1_219' title='bbox 1081 2989 1184 3069; x_wconf 88' lang='lat' dir='ltr'>potest</span> <span class='ocrx_word' id='word_1_220' title='bbox 1207 2989 1239 3048; x_wconf 89' lang='lat' dir='ltr'>et</span> <span class='ocrx_word' id='word_1_221' title='bbox 1262 2981 1347 3048; x_wconf 90' lang='lat' dir='ltr'>codi-</span> 
     </span>
     <span class='ocr_line' id='line_1_26' title="bbox 158 3084 1346 3176; baseline 0.002 -24"><span class='ocrx_word' id='word_1_222' title='bbox 158 3107 231 3154; x_wconf 90' lang='lat' dir='ltr'>curn</span> <span class='ocrx_word' id='word_1_223' title='bbox 256 3085 462 3174; x_wconf 89' lang='lat' dir='ltr'>legendorum</span> <span class='ocrx_word' id='word_1_224' title='bbox 488 3084 635 3153; x_wconf 76' lang='lat' dir='ltr'>facultas.</span> <span class='ocrx_word' id='word_1_225' title='bbox 683 3087 730 3153; x_wconf 81' lang='lat' dir='ltr'>Ex</span> <span class='ocrx_word' id='word_1_226' title='bbox 754 3089 813 3165; x_wconf 89' lang='lat' dir='ltr'>iis,</span> <span class='ocrx_word' id='word_1_227' title='bbox 837 3107 919 3175; x_wconf 89' lang='lat' dir='ltr'>quae</span> <span class='ocrx_word' id='word_1_228' title='bbox 947 3087 1128 3176; x_wconf 70' lang='lat' dir='ltr'>Florentiae</span> <span class='ocrx_word' id='word_1_229' title='bbox 1150 3087 1227 3154; x_wconf 87' lang='lat' dir='ltr'>olirn</span> <span class='ocrx_word' id='word_1_230' title='bbox 1250 3108 1346 3155; x_wconf 89' lang='lat' dir='ltr'>anno-</span> 
     </span>
    </p>
   </div>
   <div class='ocr_carea' id='block_1_6' title="bbox 157 3193 1421 4561">
    <p class='ocr_par' dir='ltr' id='par_1_6' title="bbox 157 3193 1421 4561">
     <span class='ocr_line' id='line_1_27' title="bbox 158 3193 1348 3280; baseline 0.001 -20"><span class='ocrx_word' id='word_1_231' title='bbox 158 3196 238 3272; x_wconf 86' lang='lat' dir='ltr'>tori‚</span> <span class='ocrx_word' id='word_1_232' title='bbox 262 3193 446 3280; x_wconf 81' lang='lat' dir='ltr'>expromam</span> <span class='ocrx_word' id='word_1_233' title='bbox 473 3212 559 3259; x_wconf 87' lang='lat' dir='ltr'>nuuc</span> <span class='ocrx_word' id='word_1_234' title='bbox 585 3193 753 3272; x_wconf 88' lang='lat' dir='ltr'>nonnulle,</span> <span class='ocrx_word' id='word_1_235' title='bbox 778 3193 864 3260; x_wconf 90' lang='lat' dir='ltr'>unde</span> <span class='ocrx_word' id='word_1_236' title='bbox 888 3196 990 3260; x_wconf 79' lang='lat' dir='ltr'>oratio</span> <span class='ocrx_word' id='word_1_237' title='bbox 1015 3195 1106 3262; x_wconf 86' lang='lat' dir='ltr'>Loncr</span> <span class='ocrx_word' id='word_1_238' title='bbox 1130 3204 1164 3263; x_wconf 89' lang='lat' dir='ltr'>et</span> <span class='ocrx_word' id='word_1_239' title='bbox 1181 3194 1348 3263; x_wconf 87' lang='lat' dir='ltr'>emendari</span> 
     </span>
     <span class='ocr_line' id='line_1_28' title="bbox 158 3298 1348 3388; baseline -0.001 -21"><span class='ocrx_word' id='word_1_240' title='bbox 158 3301 258 3388; x_wconf 89' lang='lat' dir='ltr'>possit</span> <span class='ocrx_word' id='word_1_241' title='bbox 288 3309 320 3366; x_wconf 92' lang='lat' dir='ltr'>et</span> <span class='ocrx_word' id='word_1_242' title='bbox 352 3298 515 3366; x_wconf 88' lang='lat' dir='ltr'>stabiliore</span> <span class='ocrx_word' id='word_1_243' title='bbox 536 3298 746 3366; x_wconf 79' lang='lat' dir='ltr'>fundamento</span> <span class='ocrx_word' id='word_1_244' title='bbox 772 3298 898 3366; x_wconf 85' lang='lat' dir='ltr'>lirmius</span> <span class='ocrx_word' id='word_1_245' title='bbox 921 3301 1086 3367; x_wconf 86' lang='lat' dir='ltr'>constitui.</span> <span class='ocrx_word' id='word_1_246' title='bbox 1133 3301 1263 3369; x_wconf 75' lang='lat' dir='ltr'>daciam</span> <span class='ocrx_word' id='word_1_247' title='bbox 1287 3301 1348 3367; x_wconf 88' lang='lat' dir='ltr'>ini·</span> 
     </span>
     <span class='ocr_line' id='line_1_29' title="bbox 159 3404 1348 3495; baseline 0.002 -23"><span class='ocrx_word' id='word_1_248' title='bbox 159 3406 252 3474; x_wconf 90' lang='lat' dir='ltr'>tium</span> <span class='ocrx_word' id='word_1_249' title='bbox 271 3404 311 3472; x_wconf 85' lang='lat' dir='ltr'>ulr</span> <span class='ocrx_word' id='word_1_250' title='bbox 345 3405 400 3471; x_wconf 92' lang='lat' dir='ltr'>illo</span> <span class='ocrx_word' id='word_1_251' title='bbox 429 3405 514 3484; x_wconf 87' lang='lat' dir='ltr'>loco,</span> <span class='ocrx_word' id='word_1_252' title='bbox 546 3426 641 3492; x_wconf 83' lang='lat' dir='ltr'>quern</span> <span class='ocrx_word' id='word_1_253' title='bbox 676 3405 858 3475; x_wconf 80' lang='lat' dir='ltr'>Grrumsmus</span> <span class='ocrx_word' id='word_1_254' title='bbox 882 3409 993 3473; x_wconf 89' lang='lat' dir='ltr'>statim</span> <span class='ocrx_word' id='word_1_255' title='bbox 1021 3417 1091 3495; x_wconf 89' lang='lat' dir='ltr'>post</span> <span class='ocrx_word' id='word_1_256' title='bbox 1115 3417 1276 3495; x_wconf 88' lang='lat' dir='ltr'>repertam</span> <span class='ocrx_word' id='word_1_257' title='bbox 1301 3407 1348 3474; x_wconf 89' lang='lat' dir='ltr'>lu·</span> 
     </span>
     <span class='ocr_line' id='line_1_30' title="bbox 158 3510 1347 3600; baseline 0.001 -21"><span class='ocrx_word' id='word_1_258' title='bbox 158 3531 225 3579; x_wconf 86' lang='lat' dir='ltr'>cem</span> <span class='ocrx_word' id='word_1_259' title='bbox 251 3515 285 3579; x_wconf 92' lang='lat' dir='ltr'>in</span> <span class='ocrx_word' id='word_1_260' title='bbox 310 3521 414 3578; x_wconf 89' lang='lat' dir='ltr'>atram</span> <span class='ocrx_word' id='word_1_261' title='bbox 435 3510 605 3598; x_wconf 85' lang='lat' dir='ltr'>caliginem</span> <span class='ocrx_word' id='word_1_262' title='bbox 628 3512 732 3579; x_wconf 89' lang='lat' dir='ltr'>redire</span> <span class='ocrx_word' id='word_1_263' title='bbox 752 3514 857 3580; x_wconf 89' lang='lat' dir='ltr'>iussit.</span> <span class='ocrx_word' id='word_1_264' title='bbox 884 3513 1018 3600; x_wconf 83' lang='lat' dir='ltr'>Legitur</span> <span class='ocrx_word' id='word_1_265' title='bbox 1039 3514 1071 3580; x_wconf 92' lang='lat' dir='ltr'>in</span> <span class='ocrx_word' id='word_1_266' title='bbox 1090 3512 1205 3583; x_wconf 87' lang='lat' dir='ltr'>Codice</span> <span class='ocrx_word' id='word_1_267' title='bbox 1218 3513 1291 3580; x_wconf 91' lang='lat' dir='ltr'>lolio</span> <span class='ocrx_word' id='word_1_268' title='bbox 1305 3517 1347 3580; x_wconf 78' lang='lat'>²5</span> 
     </span>
     <span class='ocr_line' id='line_1_31' title="bbox 158 3619 1347 3705; baseline 0.001 -20"><span class='ocrx_word' id='word_1_269' title='bbox 158 3639 266 3697; x_wconf 83' lang='lat' dir='ltr'>verso,</span> <span class='ocrx_word' id='word_1_270' title='bbox 298 3619 393 3685; x_wconf 85' lang='lat' dir='ltr'>cuius</span> <span class='ocrx_word' id='word_1_271' title='bbox 422 3619 549 3705; x_wconf 87' lang='lat' dir='ltr'>primus</span> <span class='ocrx_word' id='word_1_272' title='bbox 572 3638 685 3684; x_wconf 80' lang='lat' dir='ltr'>versus</span> <span class='ocrx_word' id='word_1_273' title='bbox 709 3628 775 3686; x_wconf 84' lang='lat' dir='ltr'>cst:</span> <span class='ocrx_word' id='word_1_274' title='bbox 799 3619 849 3685; x_wconf 77' lang='grc' dir='ltr'>ἐπὶ</span> <span class='ocrx_word' id='word_1_275' title='bbox 873 3620 1001 3702; x_wconf 73' lang='grc' dir='ltr'><strong><em>ςελέχεν</em></strong></span> <span class='ocrx_word' id='word_1_276' title='bbox 1025 3620 1109 3701; x_wconf 75' lang='grc' dir='ltr'><strong><em>δρυὸς</em></strong></span> <span class='ocrx_word' id='word_1_277' title='bbox 1133 3620 1279 3687; x_wconf 69' lang='grc' dir='ltr'>ἐσκόπουν</span> <span class='ocrx_word' id='word_1_278' title='bbox 1302 3621 1347 3699; x_wconf 72' lang='grc' dir='ltr'>μή</span> 
     </span>
     <span class='ocr_line' id='line_1_32' title="bbox 158 3724 1349 3809; baseline 0 -17"><span class='ocrx_word' id='word_1_279' title='bbox 158 3749 188 3792; x_wconf 81' lang='lat' dir='ltr'>rr</span> <span class='ocrx_word' id='word_1_280' title='bbox 214 3725 302 3807; x_wconf 76' lang='grc' dir='ltr'><strong><em>μέρος</em></strong></span> <span class='ocrx_word' id='word_1_281' title='bbox 332 3730 387 3792; x_wconf 76' lang='grc' dir='ltr'>τοῦ</span> <span class='ocrx_word' id='word_1_282' title='bbox 418 3729 560 3804; x_wconf 72' lang='grc' dir='ltr'>σώματος</span> <span class='ocrx_word' id='word_1_283' title='bbox 594 3725 608 3790; x_wconf 78' lang='grc' dir='ltr'><em>ὃ</em></span> <span class='ocrx_word' id='word_1_284' title='bbox 641 3724 753 3807; x_wconf 73' lang='grc' dir='ltr'><strong><em>δάφννς</em></strong></span> <span class='ocrx_word' id='word_1_285' title='bbox 786 3725 890 3808; x_wconf 66' lang='grc' dir='ltr'><strong><em>ᾕμαξε</em></strong></span> <span class='ocrx_word' id='word_1_286' title='bbox 915 3727 1112 3793; x_wconf 73' lang='grc' dir='ltr'><strong><em>καταπεσών.</em></strong></span> <span class='ocrx_word' id='word_1_287' title='bbox 1136 3726 1268 3809; x_wconf 77' lang='grc' dir='ltr'><strong><em>τέτρωτν</em></strong></span> <span class='ocrx_word' id='word_1_288' title='bbox 1292 3727 1349 3805; x_wconf 71' lang='grc' dir='ltr'>μὲν</span> 
     </span>
     <span class='ocr_line' id='line_1_33' title="bbox 157 3827 1349 3916; baseline 0.001 -18"><span class='ocrx_word' id='word_1_289' title='bbox 157 3827 205 3898; x_wconf 83' lang='grc' dir='ltr'>οὖν</span> <span class='ocrx_word' id='word_1_290' title='bbox 237 3832 319 3899; x_wconf 75' lang='grc' dir='ltr'><strong><em>οὐδὲν</em></strong></span> <span class='ocrx_word' id='word_1_291' title='bbox 348 3831 413 3897; x_wconf 76' lang='lat' dir='ltr'>ortt</span> <span class='ocrx_word' id='word_1_292' title='bbox 437 3830 561 3916; x_wconf 73' lang='grc' dir='ltr'><strong><em>ᾔμννκτν</em></strong></span> <span class='ocrx_word' id='word_1_293' title='bbox 585 3831 686 3908; x_wconf 76' lang='grc' dir='ltr'><strong><em>οὐδέν,</em></strong></span> <span class='ocrx_word' id='word_1_294' title='bbox 710 3827 894 3898; x_wconf 87' lang='lat' dir='ltr'>huiusmodi</span> <span class='ocrx_word' id='word_1_295' title='bbox 920 3853 1032 3900; x_wconf 81' lang='lat' dir='ltr'>versus</span> <span class='ocrx_word' id='word_1_296' title='bbox 1056 3833 1285 3898; x_wconf 85' lang='lat' dir='ltr'>minutissimis</span> <span class='ocrx_word' id='word_1_297' title='bbox 1308 3831 1349 3899; x_wconf 92' lang='lat' dir='ltr'>li-</span> 
     </span>
     <span class='ocr_line' id='line_1_34' title="bbox 158 3935 1349 4026; baseline 0.002 -24"><span class='ocrx_word' id='word_1_298' title='bbox 158 3935 271 4004; x_wconf 89' lang='lat' dir='ltr'>terulis</span> <span class='ocrx_word' id='word_1_299' title='bbox 301 3937 466 4023; x_wconf 85' lang='lat' dir='ltr'>eleganter</span> <span class='ocrx_word' id='word_1_300' title='bbox 497 3939 635 4022; x_wconf 89' lang='lat' dir='ltr'>scriptos</span> <span class='ocrx_word' id='word_1_301' title='bbox 668 3939 784 4024; x_wconf 87' lang='lat' dir='ltr'>pagina</span> <span class='ocrx_word' id='word_1_302' title='bbox 809 3957 956 4024; x_wconf 78' lang='lat' dir='ltr'>quaeque</span> <span class='ocrx_word' id='word_1_303' title='bbox 980 3938 1075 4006; x_wconf 86' lang='lat' dir='ltr'>habet</span> <span class='ocrx_word' id='word_1_304' title='bbox 1101 3941 1349 4026; x_wconf 87' lang='lat' dir='ltr'>trigintaocto,</span> 
     </span>
     <span class='ocr_line' id='line_1_35' title="bbox 157 4041 1421 4130; baseline 0.002 -21"><span class='ocrx_word' id='word_1_305' title='bbox 157 4041 293 4110; x_wconf 80' lang='lat' dir='ltr'>ultimus</span> <span class='ocrx_word' id='word_1_306' title='bbox 324 4054 373 4110; x_wconf 86' lang='lat' dir='ltr'>cst</span> <span class='ocrx_word' id='word_1_307' title='bbox 407 4043 504 4110; x_wconf 88' lang='lat' dir='ltr'>huius</span> <span class='ocrx_word' id='word_1_308' title='bbox 532 4045 687 4130; x_wconf 81' lang='lat' dir='ltr'>paginae:</span> <span class='ocrx_word' id='word_1_309' title='bbox 714 4044 792 4110; x_wconf 81' lang='grc' dir='ltr'><strong><em>κύννν</em></strong></span> <span class='ocrx_word' id='word_1_310' title='bbox 812 4044 956 4128; x_wconf 74' lang='grc' dir='ltr'><strong><em>τρέφειν,</em></strong></span> <span class='ocrx_word' id='word_1_311' title='bbox 981 4047 1007 4112; x_wconf 75' lang='grc' dir='ltr'>εἰ</span> <span class='ocrx_word' id='word_1_312' title='bbox 1030 4045 1060 4112; x_wconf 69' lang='grc' dir='ltr'>δὲ</span> <span class='ocrx_word' id='word_1_313' title='bbox 1083 4049 1122 4120; x_wconf 76' lang='grc' dir='ltr'>ὡς</span> <span class='ocrx_word' id='word_1_314' title='bbox 1146 4047 1273 4127; x_wconf 74' lang='grc' dir='ltr'><strong><em>λέγουσι</em></strong></span> <span class='ocrx_word' id='word_1_315' title='bbox 1295 4047 1348 4112; x_wconf 75' lang='grc' dir='ltr'><strong><em>νινε)</em></strong></span> <span class='ocrx_word' id='word_1_316' title='bbox 1419 4101 1421 4106; x_wconf 97' lang='grc'>.</span> 
     </span>
     <span class='ocr_line' id='line_1_36' title="bbox 157 4147 1350 4235; baseline 0.003 -20"><span class='ocrx_word' id='word_1_317' title='bbox 157 4147 316 4232; x_wconf 68' lang='grc' dir='ltr'>νιὶξρνύτῷ</span> <span class='ocrx_word' id='word_1_318' title='bbox 341 4149 433 4230; x_wconf 62' lang='lat' dir='ltr'>patna</span> <span class='ocrx_word' id='word_1_319' title='bbox 457 4148 582 4216; x_wconf 75' lang='grc' dir='ltr'><strong><em>δέδωκεν</em></strong></span> <span class='ocrx_word' id='word_1_320' title='bbox 606 4151 687 4218; x_wconf 75' lang='grc' dir='ltr'><strong><em>οὐδὲν</em></strong></span> <span class='ocrx_word' id='word_1_321' title='bbox 712 4152 821 4234; x_wconf 75' lang='grc' dir='ltr'><strong><em>ἐρίφων</em></strong></span> <span class='ocrx_word' id='word_1_322' title='bbox 845 4150 992 4235; x_wconf 75' lang='grc' dir='ltr'><strong><em>δνννφέρεν.</em></strong></span> <span class='ocrx_word' id='word_1_323' title='bbox 1016 4155 1123 4219; x_wconf 71' lang='grc' dir='ltr'><em>ταῦτα</em></span> <span class='ocrx_word' id='word_1_324' title='bbox 1142 4153 1195 4219; x_wconf 72' lang='lat' dir='ltr'>eat</span> <span class='ocrx_word' id='word_1_325' title='bbox 1217 4157 1350 4220; x_wconf 73' lang='lat' dir='ltr'>rcradrct</span> 
     </span>
     <span class='ocr_line' id='line_1_37' title="bbox 158 4255 1349 4344; baseline 0.006 -24"><span class='ocrx_word' id='word_1_326' title='bbox 158 4255 172 4320; x_wconf 83' lang='lat' dir='ltr'>d</span> <span class='ocrx_word' id='word_1_327' title='bbox 200 4255 309 4339; x_wconf 61' lang='grc' dir='ltr'><strong><em>ἔδρων</em></strong></span> <span class='ocrx_word' id='word_1_328' title='bbox 341 4256 406 4322; x_wconf 77' lang='lat' dir='ltr'>acl.</span> <span class='ocrx_word' id='word_1_329' title='bbox 454 4256 573 4344; x_wconf 87' lang='lat' dir='ltr'>Incipit</span> <span class='ocrx_word' id='word_1_330' title='bbox 598 4255 719 4327; x_wconf 55' lang='lat' dir='ltr'>lolium.</span> <span class='ocrx_word' id='word_1_331' title='bbox 737 4261 780 4324; x_wconf 78' lang='lat' dir='ltr'>td</span> <span class='ocrx_word' id='word_1_332' title='bbox 806 4267 930 4325; x_wconf 89' lang='lat' dir='ltr'>rectum</span> <span class='ocrx_word' id='word_1_333' title='bbox 955 4278 974 4323; x_wconf 84' lang='lat' dir='ltr'><strong>a</strong></span> <span class='ocrx_word' id='word_1_334' title='bbox 998 4277 1111 4326; x_wconf 85' lang='lat' dir='ltr'>versu:</span> <span class='ocrx_word' id='word_1_335' title='bbox 1134 4261 1349 4339; x_wconf 66' lang='lat' dir='ltr'>peritretoe</span> 
     </span>
     <span class='ocr_line' id='line_1_38' title="bbox 157 4361 1351 4449; baseline 0.003 -21"><span class='ocrx_word' id='word_1_336' title='bbox 157 4363 172 4428; x_wconf 87' lang='lat' dir='ltr'>d</span> <span class='ocrx_word' id='word_1_337' title='bbox 206 4362 331 4445; x_wconf 69' lang='grc' dir='ltr'><strong><em>δάφννς.</em></strong></span> <span class='ocrx_word' id='word_1_338' title='bbox 368 4363 424 4441; x_wconf 80' lang='grc' dir='ltr'>ἐμὲ</span> <span class='ocrx_word' id='word_1_339' title='bbox 460 4361 513 4440; x_wconf 72' lang='lat' dir='ltr'>att</span> <span class='ocrx_word' id='word_1_340' title='bbox 546 4361 709 4446; x_wconf 62' lang='grc' dir='ltr'><strong><em>ἀνέθρεψεν</em></strong></span> <span class='ocrx_word' id='word_1_341' title='bbox 740 4361 839 4446; x_wconf 70' lang='grc' dir='ltr'><strong><em>ὥσπερ</em></strong></span> <span class='ocrx_word' id='word_1_342' title='bbox 872 4364 923 4430; x_wconf 78' lang='grc' dir='ltr'>τὸν</span> <span class='ocrx_word' id='word_1_343' title='bbox 952 4363 1014 4430; x_wconf 76' lang='lat' dir='ltr'>tte.</span> <span class='ocrx_word' id='word_1_344' title='bbox 1047 4365 1126 4445; x_wconf 82' lang='grc' dir='ltr'><strong><em>νέμνν</em></strong></span> <span class='ocrx_word' id='word_1_345' title='bbox 1161 4366 1192 4432; x_wconf 75' lang='lat' dir='ltr'>dl</span> <span class='ocrx_word' id='word_1_346' title='bbox 1217 4366 1351 4449; x_wconf 76' lang='grc' dir='ltr'><strong><em>τράγους</em></strong></span> 
     </span>
     <span class='ocr_line' id='line_1_39' title="bbox 157 4467 1351 4561; baseline 0.002 -25"><span class='ocrx_word' id='word_1_347' title='bbox 157 4477 215 4538; x_wconf 75' lang='grc' dir='ltr'>τῶν</span> <span class='ocrx_word' id='word_1_348' title='bbox 248 4471 357 4538; x_wconf 79' lang='lat' dir='ltr'>codron</span> <span class='ocrx_word' id='word_1_349' title='bbox 390 4467 470 4548; x_wconf 81' lang='grc' dir='ltr'><strong><em>βοῶν</em></strong></span> <span class='ocrx_word' id='word_1_350' title='bbox 504 4467 644 4552; x_wconf 73' lang='grc' dir='ltr'>μείζονας</span> <span class='ocrx_word' id='word_1_351' title='bbox 676 4469 746 4554; x_wconf 67' lang='grc' dir='ltr'>ἔξω.</span> <span class='ocrx_word' id='word_1_352' title='bbox 764 4470 807 4542; x_wconf 76' lang='lat' dir='ltr'>et.</span> <span class='ocrx_word' id='word_1_353' title='bbox 856 4471 1029 4558; x_wconf 81' lang='lat' dir='ltr'>Postquam</span> <span class='ocrx_word' id='word_1_354' title='bbox 1062 4481 1199 4558; x_wconf 83' lang='lat' dir='ltr'>utraque</span> <span class='ocrx_word' id='word_1_355' title='bbox 1233 4472 1351 4561; x_wconf 84' lang='lat' dir='ltr'>pugion</span> 
     </span>
    </p>
   </div>
   <div class='ocr_carea' id='block_1_7' title="bbox 0 0 1611 4972">
    <p class='ocr_par' dir='ltr' id='par_1_7' title="bbox 0 0 1611 4972">
     <span class='ocr_line' id='line_1_40' title="bbox 0 0 1611 4972; baseline 0 0"><span class='ocrx_word' id='word_1_356' title='bbox 0 0 1611 4972; x_wconf 95' lang='lat' dir='ltr'> </span> 
     </span>
    </p>
   </div>
  </div>
 </body>
</html>
