3086 4974
670 362 743 434 489

111 557 245 626 ἐνταῦθα
268 560 324 636 aaa
347 557 547 634 ταιδίοιιην.”
594 556 712 626 Eodem
740 557 834 626 modo
860 557 1058 639 Herodotus,
1080 557 1193 637 eredo,
1215 555 1303 624 dixe·

112 673 179 731 rat:
201 665 401 748 ιίροείψασίοιι
419 664 548 730 τοιοίδε·
575 663 643 732 »ἵνα
666 675 717 732 ΓΕ
739 667 849 733 ίοῖστον
868 665 1044 742 verdensis,
1064 671 1096 730 ei
1111 665 1303 732 Aeschines:

111 809 154 821 -
177 772 283 845 αὐτοῖς
307 770 517 850 ὑποβάλλειν·
540 770 582 837 Ei
604 781 656 837 ΓΕ
679 770 714 836 τί
736 795 783 847 τις
804 769 886 847 ἄλλο
912 771 1001 844 τίλις
1025 775 1166 852 ςεφανοί.

160 877 196 943 ln
231 880 248 963 §
277 881 331 945 49.
362 870 452 956 λέγει
483 874 663 959 γοδροῦτοις
686 879 717 943 ἐν
741 880 782 961 τῷ
806 878 1012 962 ψηφίσματι·
1036 877 1089 942 καί
1113 877 1165 944 τὸν
1188 877 1305 959 κίρνιια

112 982 309 1066 ἀναγορεύειν
332 985 362 1049 ἐν
385 985 426 1066 τῷ
451 982 566 1067 ίειίτρῳ
593 983 679 1072 [τρίς
703 985 774 1059 τοὺς
802 982 975 1073 Ἕλληνας]
1003 979 1048 1049 ίτι
1073 984 1136 1049 xri.
1184 983 1305 1070 Ecquis

113 1091 198 1156 serio
222 1089 325 1158 eredit
356 1091 387 1155 in
420 1090 489 1177 ipso
519 1089 735 1178 psephismate
765 1089 838 1173 τρίς
862 1091 932 1164 τοὺς
960 1087 1120 1166 Ἕλληνας
1144 1091 1304 1178 seriptum

114 1193 235 1262 fuisse?
283 1195 351 1262 lma
386 1216 461 1262 vero
496 1196 718 1278 οίναγορειίεται
749 1185 820 1278 ’τρδς
852 1195 923 1270 τοὺς
957 1196 1154 1275 Ἀθηναίους,
1191 1195 1303 1275 eredo,

114 1304 234 1370 caeteri
260 1302 373 1370 Graeci
395 1302 451 1389 qui
478 1302 509 1366 in
536 1301 662 1368 iireaim
685 1301 833 1369 sedentes
859 1301 937 1368 haee
954 1301 1129 1368 audiebant
1153 1322 1216 1368 non
1233 1323 1302 1390 pos

114 1412 248 1478 suntin
272 1407 490 1496 psephismate
522 1411 780 1477 aornanemorari.
828 1409 941 1497 itaque
964 1429 1112 1497 expunge
1136 1409 1208 1493 τρίς
1233 1410 1303 1485 τοὺς

111 1513 283 1591 Ἕλληνας.
1116 1523 1119 1532 ’

161 1620 332 1688 iraeadem
363 1624 381 1707 ς
408 1625 449 1688 48
480 1619 528 1686 bis
560 1619 631 1687 aliis
662 1621 769 1690 verbis
800 1623 870 1690 sine
903 1621 966 1689 uiia
990 1641 1086 1689 causa
1111 1621 1195 1690 idem
1222 1621 1304 1689 dici-

108 1727 257 1798 iureis:

251 1833 483 1920 [οίτοδίδειιιταί
504 1856 549 1899 τοι
573 1833 664 1907 τίτος
688 1829 764 1900 ίτον
787 1833 836 1902 δεί
856 1839 946 1902 τοῦτο
969 1837 1160 1923 γίγνεσθαι]

264 1939 432 2022 οίτείριρταί
454 1963 499 2006 σοι
520 1939 580 2019 ἔξω
604 1948 659 2017 τῆς
684 1940 850 2018 ἐκκλησίας
874 1943 919 2021 pii
943 1942 1155 2026 ιιιρριίττεοίαι.

114 2046 220 2134 priora
244 2046 387 2114 insiiieia
409 2054 497 2116 sunt.

161 2153 196 2220 in
223 2155 241 2238 ς
268 2157 321 2221 51.
344 2153 388 2220 τοὶ
411 2153 478 2236 rapi
502 2155 558 2231 τὶρν
580 2159 634 2221 τοῦ
651 2153 831 2238 τραύματος
854 2155 981 2238 γραφὴν
1000 2156 1113 2242 [αὐτῷ]
1138 2154 1304 2238 οοριβεβν·

115 2260 214 2338 xasa,
240 2279 302 2327 nan
336 2261 444 2326 minus
475 2261 623 2347 spurium
656 2270 704 2326 esi
736 2261 821 2343 αὐτῷ
846 2281 942 2348 qaam
968 2261 1162 2340 Δημοσθένης
1187 2263 1219 2328 in
1246 2265 1305 2342 iis,

116 2385 200 2452 qnae
223 2369 376 2434 earaiinuo
407 2376 604 2454 sequuntur:
637 2363 688 2434 ίτε
715 2363 758 2441 είς
782 2369 821 2434 ὧν
843 2373 901 2433 τῶν
923 2366 1112 2451 τριιρροίρχοιν
1134 2366 1305 2459 [Aquarii-

118 2472 201 2557 νιις],
226 2471 310 2559 qued
342 2493 470 2540 summo
500 2474 571 2540 iure
596 2471 754 2540 Weidner
783 2473 888 2538 aiecii.
936 2473 1018 2539 Tum
1043 2495 1100 2561 pm
1123 2475 1176 2542 καί
1199 2481 1306 2543 ταῦτα

113 2579 219 2644 ἭΔΗ
241 2577 285 2642 τοί
308 2579 375 2661 rapi
407 2580 558 2659 Μειδίαν,
575 2578 726 2646 emenda
750 2578 931 2646 καὶταῦτα
956 2587 1032 2660 ΔΗ,
1059 2590 1094 2646 ιιι
1121 2581 1151 2646 in
1178 2601 1212 2648 ιο
1235 2603 1304 2648 ona·

118 2684 213 2752 nibus
244 2693 339 2765 nota,
371 2685 642 2772 quemadmodum
675 2684 797 2752 dieiiar
825 2691 915 2752 reiro
939 2695 998 2753 ΔΗ
1022 2687 1057 2753 τὸ
1081 2687 1247 2767 ιιεγίμενον
1271 2689 1303 2755 in

116 2788 303 2878 proverbio,
330 2799 362 2858 ei
383 2792 455 2858 sim.

162 2897 197 2964 in
224 2900 242 2983 §
267 2903 324 2964 55.
350 2897 381 2962 ia
417 2895 603 2964 melioribus
635 2895 727 2964 iibris
759 2907 808 2964 est
835 2897 931 2982 μέχρι
961 2907 1016 2977 τῆς
1041 2901 1182 2984 οίτνχίας
1204 2909 1305 2968 ΤΩΝ

115 3003 145 3068 ἕν
170 3004 355 3090 Χαιρωνείᾳ,
380 3003 411 3068 in
439 3002 653 3070 deterioribus
669 3010 729 3071 τῶν
746 3003 778 3069 in
801 3013 856 3081 τῆς
877 3015 1038 3072 mutatam
1064 3006 1196 3075 ridebis.
1221 3007 1305 3089 Quin

117 3119 150 3175 iu
176 3111 363 3196 patinaria
388 3110 525 3192 ιίτνχίας
550 3107 731 3198 expungis?
756 3111 851 3194 μέχρι
876 3119 934 3178 τῶν
957 3114 989 3178 ἕν
1013 3114 1181 3200 Χαιρωνεία
1205 3115 1306 3180 usita-

117 3224 186 3281 ium
210 3223 260 3283 est
283 3213 369 3295 diei,
396 3217 457 3282 nisi
482 3217 511 3284 si
537 3217 609 3304 quis
633 3216 814 3302 tragoedias
838 3218 902 3285 aiei
924 3228 956 3287 ei
976 3218 1161 3310 lachrymas
1182 3231 1306 3302 mavei,

18 3407 21 3413 ¹
115 3321 232 3410 quihus
260 3320 312 3388 hie
336 3321 466 3410 quidem
493 3321 573 3388 nihii
596 3331 644 3389 est
669 3323 740 3389 isai.

162 3427 196 3495 in
223 3431 241 3514 ς
269 3434 322 3495 55.
345 3426 515 3495 meliorum
541 3427 697 3496 librorum
722 3431 949 3498 auctoritatem
971 3442 1104 3500 saeuius
1127 3432 1305 3521 expulerim

117 3533 217 3601 ίτοίον
243 3534 358 3602 τοιίτιιν
387 3541 445 3601 τῶν
473 3533 629 3618 τεττοίροιν
659 3538 756 3602 αὐτοῦ
780 3543 887 3620 καιρῶν
910 3547 1088 3621 κατηγορῶ,
1113 3548 1146 3606 ei
1169 3559 1307 3627 sequens

118 3639 182 3708 καί.
229 3641 324 3709 Reate
348 3639 402 3706 ilia
427 3640 580 3727 leguntur
606 3642 637 3706 in
663 3645 681 3727 ς
709 3646 764 3708 56.
789 3643 990 3726 ἀποκρίνομαι
1013 3643 1059 3713 ίτι
1084 3644 1232 3713 οίιιοίντοιν
1249 3651 1308 3714 τῶν

118 3747 270 3829 τεττοίροον
301 3753 409 3829 καιρῶν
440 3755 601 3832 κατηγορῶ
636 3746 740 3837 [τον],
765 3745 814 3823 οὓς
845 3752 883 3817 σὺ
906 3750 1033 3834 διαιρεῖ,
1060 3753 1121 3818 nisi
1147 3751 1231 3840 quod
1254 3777 1307 3820 οον

120 3852 346 3942 inierpsiatum
370 3861 433 3920 esi.
464 3901 466 3906 ,

163 3958 199 4024 in
222 3979 292 4048 sqq.
320 3961 364 4026 iia
389 3960 593 4048 scripserim:
616 3958 653 4026 ίν’
676 3957 725 4028 οὗν
748 3961 820 4042 μήθ’
844 3959 929 4038 οὗτος
948 3964 1144 4048 ίοχορίζνται
1163 3966 1252 4046 ὑμεῖς
1272 3991 1307 4034 τε

116 4067 274 4150 προειδῆτε
298 4069 374 4154 [ίγιί
397 4093 432 4134 τε
457 4067 682 4154 ιίτοιιρίνοιριαι]
708 4069 841 4136 ἐναντίον
865 4094 909 4137 τοι
934 4078 993 4137 τῶν
1016 4073 1148 4143 δεκατῶν
1167 4111 1209 4126 -
1228 4076 1308 4142 οίτο·

118 4172 256 4256 κρίνομαι
280 4171 326 4242 ίτι
352 4173 498 4240 οίιιοίντοι
522 4176 587 4242 κοί.
636 4173 850 4242 Bellissimum
875 4185 924 4244 esi
950 4179 1152 4266 invulgata:
1178 4180 1214 4249 ἵν’
1233 4183 1309 4249 οίτο·

118 4281 264 4364 κρίνωμαι
279 4319 317 4331 -
332 4282 548 4363 οίτοιιρίνοροοιι.
1155 4305 1156 4308 ’

164 4384 199 4452 ln
225 4388 244 4471 §
270 4391 322 4453 57.
346 4386 429 4454 τοίνν
452 4388 624 4470 τροτδοιιιῒι
657 4387 817 4468 ἐπιδείξειν
839 4399 903 4465 τοῖς
926 4391 1069 4468 διιιοιςαίς
1090 4401 1146 4470 τῆς
1170 4394 1228 4474 μὲν
1250 4416 1309 4459 τοι·

117 4491 225 4574 τιιρίας
248 4501 288 4576 τῇ
312 4491 401 4560 τίοιεν
424 4493 494 4570 τοὺς
516 4494 598 4569 θεοὺς
622 4495 738 4570 οιίτίονς
769 4498 993 4580 γεγενημένους
1025 4497 1078 4566 καί
1102 4499 1172 4576 τοὺς
1195 4505 1309 4585 Φιλαν-
